3959 5925
682 315 916 377 innitimini
940 315 1140 376 Pannonis,
1654 324 1713 376 239

141 455 249 508 salubri
270 400 441 517 pusuosnm
459 451 572 512 rigerem
588 449 753 498 necessitatis
776 445 892 496 assidua
936 446 1079 496 substantia
1093 447 1206 508 quatuor.
1224 448 1258 494 'E
1273 445 1361 507 quibus
1381 443 1479 495 demum
1492 444 1531 494 bae
1544 443 1652 495 materias
1665 458 1725 496 sen··

111 539 281 597 arseminae
299 541 512 603 optimosoctus.
538 540 635 601 itaque
651 538 737 590 uicto,
757 534 851 597 inquit,
866 537 892 584 et
939 533 1719 597 siles,igneae,‘uquatiles,ierreoee,etaereae.ignisporropurus,

109 637 222 701 parente
228 629 347 696 procidis
357 626 564 679 auctoritatibus
576 628 741 682 uetustate.
754 627 843 687 primo
852 637 892 674 re·
938 624 963 672 et
981 624 1075 672 caeierse
1089 621 1205 684 sincera,
1224 620 1447 684 intelligibilesque,
1463 622 1608 672 substantiae
1628 623 1722 684 species

110 735 171 773 rum
183 717 332 781 mundique
345 714 456 766 cumdio
467 716 656 764 constiterunt.
937 712 995 760 sunt
1011 710 1156 786 exemplaria
1168 723 1308 772 corporum,
1326 709 1390 760 ideae
1405 709 1591 771 cognominatae.
1610 713 1719 768 Quarum

141 808 204 866 Quia
224 806 263 856 est
277 805 325 854 alia
343 804 422 853 minus
442 803 553 852 consulta
570 794 693 866 parentia,
716 815 771 865 quse
788 814 856 852 error
869 804 895 851 et
939 798 969 847 ad
993 809 1100 860 praesens
1117 798 1200 847 diiiert
1218 797 1434 856 examinationem,
1454 810 1498 846 nec
1522 796 1624 860 quaerit,
1642 811 1721 848 unane

110 895 212 947 facilitas
229 892 318 942 dicitrn
335 911 342 942 ν
361 896 387 940 ut
408 892 445 940 sic
465 891 566 953 provida
581 891 707 954 parentia,
726 891 818 940 ratione
838 890 894 939 nixa
938 885 1110 948 sitarclreippa
1123 885 1309 948 specieseorum
1322 890 1444 948 quaesunt
1455 885 1589 934 conrmunis
1601 885 1719 949 omnium,

111 981 251 1033 necessitas.
284 982 316 1028 Et
329 991 392 1042 opus
405 978 450 1028 Dei
462 979 510 1028 tale
521 981 572 1040 esi,
584 980 612 1027 ut
627 978 652 1026 vi
669 977 825 1040 persuadeat,
835 977 894 1028 vim·
940 986 971 1022 an
989 973 1189 1034 innumerabiles,
1207 975 1232 1024 et
1250 987 1294 1035 pro
1312 987 1393 1024 rernm
1405 973 1575 1023 exsistentium
1590 986 1690 1024 numero
1712 993 1719 1024 r

110 1071 263 1134 queirrogei
277 1067 462 1131 persuadentem
478 1086 486 1116 ι
503 1067 551 1116 boc
563 1068 613 1127 est,
635 1068 662 1115 ut
675 1065 856 1126 persuasioviru
870 1067 895 1115 et
938 1074 1041 1124 quarum
1065 1063 1144 1122 coetu,
1168 1063 1192 1111 et
1213 1063 1409 1124 congregatione,
1436 1063 1584 1112 concreverit
1605 1062 1719 1112 universa

113 1161 151 1210 ris
164 1157 280 1207 adhibeat
292 1155 479 1219 persuasionem.
511 1154 541 1205 ni
553 1167 624 1216 porro
638 1155 779 1216 perspicitur
791 1155 816 1203 in
827 1155 895 1216 regri«
938 1150 1015 1201 moles
1028 1170 1034 1201 s
1048 1163 1079 1200 an
1094 1163 1152 1200 vero
1166 1151 1228 1200 idem
1254 1165 1328 1200 unum
1342 1151 1550 1214 paritereimnlia
1564 1151 1625 1211 siut,
1640 1151 1723 1201 uido-

114 1243 362 1297 iudinibusvirorum
379 1241 548 1304 prudentium,
563 1255 619 1291 eum
633 1242 780 1304 praebentse
794 1241 895 1291 medicis
939 1239 990 1289 cuit
1005 1239 1030 1288 in
1046 1239 1197 1310 Permesside.
1233 1243 1294 1297 Quae
1306 1252 1378 1289 eausa
1394 1239 1528 1290 declinandi
1551 1240 1596 1290 tuit
1617 1253 1666 1290 non
1686 1241 1721 1289 la·

111 1334 216 1386 urendos
227 1336 252 1382 et
264 1330 390 1382 secandos.
939 1327 1032 1389 boram,
1046 1327 1087 1376 sed
1100 1340 1131 1377 ne
1143 1326 1253 1377 instituto
1267 1327 1371 1376 sermoni
1387 1327 1487 1377 minime
1507 1327 1654 1377 conveniens
1674 1334 1723 1377 ira-

143 1418 270 1476 Eisrsotv
286 1418 302 1480 p
318 1417 486 1480 γέγονν,κατὰ
500 1421 574 1467 ταῦτα
587 1419 659 1474 ὄντως
671 1417 734 1479 ἐρεῖ,
747 1417 840 1479 plurios
854 1417 894 1464 aet
939 1418 1018 1464 elatus
1034 1415 1203 1466 admisceatur.
1237 1415 1397 1479 Haecquippe
1413 1416 1542 1478 naturalis,
1558 1417 1599 1466 iila
1613 1417 1723 1480 epoptica

110 1511 193 1568 τὸτῆς
208 1509 358 1571 πλανωμένης
368 1507 427 1562 εἶδος
438 1507 526 1566 αἰτίας,
538 1502 634 1569 ἠ’φέρε·.ν
645 1507 754 1569 πέφυκεν.
938 1501 1069 1564 disputatio
1079 1506 1124 1553 est.
1169 1503 1289 1554 Naturalis
1304 1503 1415 1566 quidem,
1431 1505 1457 1553 ui
1475 1503 1554 1566 imago
1574 1509 1664 1554 nunus
1677 1505 1722 1554 aii·

143 1594 376 1646 centimanum
395 1593 556 1656 progreditur.
590 1596 619 1643 St
639 1596 700 1657 quis
726 1595 807 1654 igitur
834 1603 895 1640 uere
939 1593 1071 1652 qnatenus,
1091 1593 1116 1640 et
1136 1591 1160 1640 in
1178 1591 1301 1642 verisimili
1325 1593 1429 1654 quadam
1447 1592 1577 1643 stabilitate
1600 1594 1722 1643 contenta.

106 1683 244 1744 justoque
256 1680 443 1743 meromfidem
452 1680 547 1729 mundi
557 1679 637 1740 benus
651 1681 845 1730 institutionem
856 1680 895 1727 in·
940 1677 1054 1739 Epoptica
1065 1690 1132 1739 vero,
1146 1691 1201 1741 qum
1214 1691 1243 1728 ex
1257 1679 1427 1730 sincerissimae
1441 1693 1523 1730 rerum
1539 1680 1645 1730 mentina
1656 1681 1723 1731 tonte

116 1771 274 1819 structurus
284 1771 350 1831 erit,
360 1768 543 1831 buncoportct
557 1770 677 1818 erraticae
691 1779 792 1831 quoque
809 1777 894 1816 sousa
939 1769 1030 1814 manni.

114 1863 224 1924 spectent
234 1860 423 1910 demonstrare.
971 1855 1031 1903 θεὸν
1044 1854 1073 1912 δὴ
1086 1857 1126 1903 καὶ
1140 1861 1181 1904 νῦν
1192 1855 1228 1904 ἐπ’
1242 1857 1303 1918 ἀρχῇ
1318 1861 1364 1904 τῶν
1375 1857 1507 1919 λεγομένων
1519 1859 1650 1921 antiperti
1665 1858 1722 1908 ᾰτὸ·

147 1949 251 1997 Rursum
272 1946 320 1996 aiio
334 1945 421 1995 silvam
436 1947 535 1994 erroris
552 1944 650 1994 nomine
662 1944 780 2006 appellat,
796 1944 894 2006 propiet
939 1957 986 1990 πον
1000 1943 1040 1990 καὶ
1052 1941 1137 2000 ἀήθους
1147 1944 1277 2004 διηγήσεως
1294 1944 1352 2006 πρὸς
1365 1943 1393 1992 τὸ
1407 1947 1455 1993 τῶν
1474 1943 1573 1992 εἰκότων
1584 1944 1662 2006 δόγμα
1671 1946 1724 1994 δια·

114 2034 276 2084 inordinatam
293 2033 345 2094 eiua
358 2032 484 2095 antiquam
494 2032 665 2093 jactationem,
680 2031 788 2082 similiter
807 2035 835 2079 ut
850 2041 894 2079 ne·
939 2032 1023 2088 σώζειν
1038 2036 1099 2096 ἡμᾶς
1116 2033 1318 2096 ἐπικαλεσάμενοι.

111 2123 269 2175 cessitatem,
291 2121 415 2182 propines
444 2120 509 2190 quod
532 2133 583 2168 non
601 2120 637 2169 est
664 2117 802 2182 principalis
821 2129 895 2167 causa
975 2121 1110 2171 cccxxi.
1131 2124 1215 2170 Deurn
1229 2123 1321 2184 igitur,
1339 2120 1431 2183 inquit,
1449 2121 1723 2172 etiamnuncliberu-

115 2207 198 2257 mundi
216 2206 394 2256 constitutionis
409 2206 435 2256 in
448 2207 525 2268 adra,
540 2206 582 2256 aed
602 2219 699 2256 necoese
714 2206 791 2255 iuerat
809 2204 893 2254 asebei
941 2211 1130 2269 toremiouoce,
1143 2197 1297 2259 catorbite
1310 2208 1725 2270 etprocettosuscrnrontsjocta·

115 2307 185 2357 mm,
214 2295 246 2345 ob
268 2294 428 2345 substantiam
449 2295 607 2358 corporalem.
640 2295 684 2343 Fst
707 2293 796 2356 quippo
820 2293 894 2352 stra,
939 2299 1018 2347 iisne.

113 2379 211 2446 perinde
224 2386 253 2431 ut
267 2385 326 2432 sunt
348 2396 377 2433 ea
392 2419 400 2445 ,
418 2383 471 2432 sine
483 2383 587 2446 quibus,
606 2382 671 2445 quod
685 2382 823 2432 institutum
841 2385 895 2442 est,
970 2385 1075 2436 Laborat
1087 2384 1185 2434 omnino
1199 2390 1224 2434 ei
1235 2385 1258 2432 id
1278 2385 1341 2447 agit,
1356 2387 1383 2435 ui
1399 2387 1553 2438 instituamur
1569 2387 1599 2437 ad
1611 2388 1724 2450 pietatem

113 2469 176 2520 effici
189 2482 238 2518 non
251 2470 341 2532 potest.
941 2475 1166 2536 venerationemque
1180 2473 1329 2535 divinitatis,
1346 2476 1416 2536 cuins
1429 2488 1501 2536 opem
1516 2476 1630 2538 implerat
1642 2477 1723 2539 ingre·

145 2561 260 2611 CCLXX.
278 2561 351 2609 Facto
365 2559 439 2621 igitur
455 2573 567 2622 recursu,
581 2559 645 2610 redit
658 2559 690 2609 ad
701 2558 836 2620 indaginem
848 2556 894 2606 ini·
941 2561 1010 2612 diens
1021 2562 1181 2625 procellosum
1192 2559 1223 2610 de
1234 2562 1321 2610 natura
1337 2561 1406 2611 siluae
1415 2562 1514 2624 iratum,
1524 2563 1620 2626 propter
1630 2576 1722 2613 novum

114 2646 203 2695 tiorum
211 2663 220 2710 ;
232 2651 257 2696 et
271 2647 356 2710 incipit
368 2659 397 2696 er
418 2661 447 2697 eo
463 2653 584 2710 tempore,
599 2647 664 2710 qnod
678 2647 794 2710 precedit
812 2647 892 2695 ortum
941 2655 1015 2711 atque
1029 2649 1150 2698 insolitum
1166 2648 1239 2698 etiam
1252 2651 1312 2697 tunc
1321 2648 1488 2714 disputationis
1497 2663 1580 2714 genus.

115 2727 340 2796 generationemque
359 2732 453 2784 muridi.
487 2735 581 2792 Quaerit
598 2747 695 2797 qnoque
707 2736 818 2806 natrrram
833 2732 896 2794 ignis
972 2737 1047 2788 litim
1066 2736 1192 2800 ἀρχώμεθα
1201 2736 1284 2797 λέγειν.

116 2822 213 2883 sinceri,
226 2823 250 2872 et
266 2822 318 2872 sine
329 2823 505 2886 permixtione;
523 2824 663 2885 qualitatem
677 2836 773 2886 quoqne
789 2823 855 2883 ejus,
872 2823 897 2871 et
973 2827 1088 2874 itursum
1100 2824 1183 2882 igitur
1194 2821 1227 2872 ab
1237 2822 1344 2872 exordio
1356 2823 1486 2884 diremtos,
1501 2824 1587 2887 inquit.

119 2909 270 2972 pasionum:
289 2923 334 2959 nec
347 2910 422 2961 solius
434 2911 507 2973 iguis,
522 2911 565 2961 sed
579 2912 722 2962 caeterorum
736 2923 832 2974 quoque
845 2923 897 2987 cor·
972 2912 1067 2962 Merito.
1087 2913 1143 2961 ianr
1163 2910 1228 2958 enim
1240 2911 1270 2961 de
1291 2913 1392 2976 utraque
1411 2912 1514 2975 origine,
1524 2914 1575 2964 tem
1593 2914 1725 2978 exemplari
1748 2931 1750 2936 ·

117 3010 204 3059 porum
222 3011 379 3060 semborum,
397 3013 444 3050 nec
456 3000 506 3049 ulia
524 3001 667 3061 contagione
690 3000 894 3062 interpolatorum.
942 3012 1015 3061 quam
1036 3008 1163 3062 corporea,
1186 3002 1346 3059 tractaverat,
1364 2999 1499 3049 concedens
1520 2999 1631 3051 sensilem
1650 3014 1724 3052 mun·

116 3088 208 3135 Omnes
223 3087 312 3149 quippe
326 3088 368 3149 qui
385 3087 417 3137 de
433 3088 565 3149 originibus
578 3091 758 3149 tractaverunt,
777 3088 897 3138 universae
941 3088 1000 3137 dum
1021 3100 1051 3137 ex
1072 3088 1137 3137 bisce
1158 3088 1303 3138 substitisse.
1336 3088 1431 3150 Quippe
1448 3088 1482 3150 id,
1500 3089 1566 3151 quod
1577 3089 1724 3163 ⁸gignituret

116 3173 151 3221 rei
162 3174 267 3235 quatuor
279 3175 338 3224 sunt
350 3175 464 3225 materias
473 3176 594 3239 essecnti;
607 3178 732 3239 bamque
744 3178 897 3227 concretione
942 3176 1018 3239 perit,
1041 3189 1085 3225 nec
1111 3190 1167 3227 vere
1186 3188 1330 3239 semperque
1356 3178 1400 3237 est,
1422 3190 1539 3239 corpores
1559 3178 1652 3240 species
1674 3181 1720 3229 est.

116 3262 200 3309 mutua
223 3274 254 3311 ex
275 3263 373 3325 majoris
395 3264 469 3325 atque
497 3264 625 3313 obtinentis
646 3265 752 3313 materiae
779 3264 896 3314 vocabulo
942 3267 1004 3321 Quae
1017 3264 1113 3325 quidem
1127 3278 1228 3328 corpora
1238 3266 1302 3325 sola,
1320 3266 1401 3327 etper
1416 3278 1452 3328 se,
1472 3278 1500 3313 ac
1514 3265 1565 3315 sine
1577 3267 1725 3330 suscipiente

116 3349 289 3409 cognominatae
303 3353 367 3400 sunt.
601 3364 603 3368 ·
942 3365 971 3400 er
989 3352 1074 3402 eadem
1095 3354 1217 3414 essentia,
1233 3352 1338 3402 essentia
1356 3366 1408 3401 esse
1422 3366 1471 3402 non
1485 3357 1594 3417 possunt.
1647 3360 1724 3413 Quam
1776 3390 1777 3395 η

147 3434 236 3492 Triviai
255 3436 300 3499 πρὸ
321 3442 362 3494 τῆς
378 3437 476 3499 οὐρανοῦ
493 3439 605 3500 γενέσεως
622 3440 693 3500 πυρὸς
711 3439 795 3495 ὕδατός
809 3456 835 3488 rs
854 3440 893 3488 asi
942 3439 1015 3489 modo
1028 3443 1149 3502 matrem,
1162 3440 1219 3488 alias
1234 3439 1408 3501 nutriculam,
1420 3440 1540 3491 interdum
1552 3445 1634 3492 totius
1647 3456 1723 3504 gerre-

92 3578 95 3583 .
117 3520 182 3582 &spos
199 3523 238 3570 καὶ
254 3529 297 3583 γῆς
314 3525 382 3584 φύσιν
392 3510 489 3573 θεατέον·
499 3526 572 3583 αὐτὴν
581 3526 620 3574 καὶ
631 3526 660 3573 τὰ
674 3527 719 3588 πρὸ
728 3528 812 3576 τούτου
825 3530 895 3585 πάθη.
944 3530 1055 3577 tattonis
1065 3530 1202 3589 urentium,
1219 3539 1392 3595 nonnunquam
1408 3528 1494 3577 locunt
1503 3529 1615 3591 appensi.
1632 3532 1724 3587 Quant-

119 3606 167 3653 Νῦν
182 3607 227 3669 γὰρ
243 3606 316 3661 ὀὐδείς
330 3624 368 3655 nus
381 3608 470 3667 γένεσιν
485 3611 562 3659 αὐτῶν
582 3613 726 3673 μεμήνυκεν,
750 3613 806 3661 dln'
815 3617 847 3669 ὡς
864 3616 897 3663 at·
942 3628 989 3677 que
999 3615 1107 3675 juniores
1116 3615 1173 3673 dim
1186 3628 1231 3664 nos
1242 3616 1336 3665 stiuam
1349 3628 1473 3665 vocamus.
1508 3620 1539 3665 Ut
1553 3617 1618 3678 quod
1632 3616 1724 3677 deerat,

116 3692 168 3739 iios
186 3694 232 3754 trip
251 3692 297 3750 ὅ,τι
310 3692 368 3739 ποτέ
379 3693 428 3740 ἐστι
443 3696 483 3741 καὶ
502 3695 600 3743 ἕκαστον
618 3698 695 3745 αὐτῶν
710 3698 808 3761 λέγομεν
824 3701 897 3763 ἀρχὰς
942 3702 1058 3765 adderet,
1074 3704 1139 3753 iruna
1153 3703 1183 3752 de
1196 3703 1257 3752 silva
1270 3704 1399 3752 tractatum
1415 3704 1537 3752 initiorum
1551 3706 1725 3767 tractatnju'n-

119 3776 180 3822 ’ῑῦτᾶ
198 3775 312 3836 suiipsius
329 3780 436 3838 mittit
447 3782 489 3825 τοῦ
503 3778 602 3839 παντός,
615 3788 734 3842 rpoream
747 3783 828 3859 ebron
849 3783 898 3832 οὐδ’
942 3791 986 3851 git,
998 3794 1218 3854 posterioremque
1230 3790 1382 3839 diuisionem
1397 3790 1429 3840 ait
1439 3794 1572 3854 operosius
1590 3794 1724 3845 esseordi·

118 3866 150 3920 ὡς
161 3865 184 3911 ἐν
198 3864 314 3922 sonatis
326 3864 397 3913 sidem
409 3864 479 3926 μόνον
492 3865 587 3923 εἰκότως
596 3869 642 3918 ὑπὸ
651 3874 692 3918 τοῦ
704 3871 743 3919 aul
757 3872 832 3934 βραχὺ
845 3888 897 3935 ppo·
943 3878 1068 3928 nandum.
1097 3880 1165 3927 Tunc
1186 3877 1276 3940 quippe
1298 3890 1336 3927 res
1357 3879 1437 3927 omnis
1451 3880 1475 3928 in
1494 3880 1542 3930 duo
1564 3881 1641 3933 iuerat
1656 3884 1725 3934 initia

118 3950 404 4031 liittwtttdttittflittti·
779 3978 782 3983 ·
943 3964 1028 4015 divisa.
1062 3969 1172 4024 Quorum
1189 3966 1291 4016 alterum
1312 3966 1455 4030 tuelligibilis
1470 3971 1521 4018 erat
1534 3970 1634 4033 species,
1650 3986 1724 4033 quam

151 4040 377 4100 Quattmdw‘t
389 4038 483 4088 &tisim
501 4043 619 4091 maleit&
634 4045 660 4092 tt
673 4056 706 4092 05⁶
717 4045 813 4106 quitus
827 4050 897 4097 (illli-
943 4054 1028 4105 mundi
1047 4054 1129 4117 opiiex
1153 4056 1219 4105 Deus
1236 4061 1315 4105 mente
1332 4057 1457 4119 concepit,
1478 4070 1581 4120 eamque
1599 4060 1662 4108 titas
1682 4074 1724 4109 co·

117 4127 251 4189 quornm
267 4128 452 4189 tubtttttridh
468 4141 544 4179 nemo
563 4143 646 4195 “snut
664 4133 752 4183 adlini
776 4134 896 4200 dixerat,
942 4142 1180 4205 gnominavitPlato.
1225 4143 1332 4193 litterum
1350 4144 1428 4208 imago
1446 4146 1572 4208 eiusque
1590 4150 1725 4199 nuturaest

117 4212 163 4263 sed
188 4217 315 4277 tanquam
340 4215 480 4265 scientibus
514 4221 642 4269 naturum
667 4223 898 4288 sinceritatemque
943 4232 1059 4293 corporis.

115 4311 228 4361 earum,
241 4303 472 4363 ipsemetoeruet
486 4316 586 4368 aquom
598 4311 831 4369 etterram,uetnt
846 4314 896 4363 ete·
975 4321 1111 4371 ccnxxn,
1132 4324 1207 4370 porro
1222 4320 1372 4383 corporarle
1396 4334 1438 4382 per
1460 4334 1487 4370 se
1506 4322 1557 4383 ipss
1578 4328 1724 4384 spectentur,

119 4391 429 4441 mentamundisensttis
439 4394 718 4463 essedirnruntsqurc
735 4403 897 4465 netnsptio-
943 4404 1073 4465 perlectam
1096 4406 1239 4456 videbuntur
1260 4406 1348 4456 trabere
1370 4406 1528 4455 substantiam
1553 4426 1559 4456 a
1586 4407 1627 4456 sed
1650 4408 1669 4456 ei
1693 4407 1723 4457 ad

117 4475 332 4541 durumquiotem
342 4479 459 4530 ordinem
470 4482 663 4536 iocandosunt.
942 4490 1058 4551 originem
1082 4506 1166 4542 eorum
1187 4494 1309 4543 convertis
1332 4492 1419 4543 mentis
1436 4493 1603 4556 intentionem,
1617 4495 1725 4547 invenies

148 4566 210 4622 Quia
222 4568 339 4616 sermonis
351 4568 466 4618 elementa
478 4570 553 4620 literae
567 4575 704 4635 sunt,post
719 4588 780 4637 quas
796 4577 896 4627 meuudi
943 4579 1043 4635 cuncta,
1064 4577 1089 4625 et
1112 4590 1196 4626 eorum
1221 4578 1357 4637 scatebras,
1378 4580 1446 4629 silvae
1478 4581 1571 4642 gremio
1598 4582 1723 4633 contineri.

116 4650 210 4700 ordinis
220 4653 329 4714 syllabae,
346 4656 410 4704 recte
427 4656 618 4719 dixit,quatuor
635 4660 687 4709 bac
707 4662 828 4711 mundana
844 4676 896 4713 cor·
942 4665 1010 4713 Tune
1034 4676 1091 4725 ergo
1117 4665 1259 4727 compendio
1290 4666 1460 4729 principalibus
1489 4668 1597 4718 materiis
1620 4676 1725 4733 quatuor

117 4750 176 4799 pora
199 4752 229 4789 na
250 4741 274 4789 in
290 4740 437 4803 syliabarum
460 4743 558 4805 quidem
583 4746 694 4796 ordinem
721 4748 859 4799 collocanda
886 4766 893 4801 s
942 4751 1060 4814 sumptis,
1082 4750 1274 4803 exaedificaverat
1300 4734 1411 4804 sermone
1432 4756 1559 4806 mundum.
1600 4757 1648 4808 Sed
1668 4759 1725 4821 quia

118 4824 206 4888 quippe
228 4828 331 4888 primum
354 4828 500 4879 elementum
519 4832 640 4882 universae
660 4836 695 4884 rei
711 4835 773 4885 stira
797 4840 848 4901 est,
870 4841 897 4890 et
942 4838 1078 4900 pbilosoplri
1094 4840 1147 4888 erat
1159 4841 1292 4904 proprium,
1308 4844 1410 4904 cuncta,
1427 4858 1482 4905 qua·
1498 4844 1529 4893 ari
1548 4858 1648 4895 caueam
1667 4860 1721 4909 per·

117 4911 241 4973 informis,
251 4915 276 4962 et
287 4914 341 4964 sinc
353 4915 466 4978 qualitate
479 4929 487 4960 s
498 4932 581 4981 quam,
593 4922 621 4969 ut
635 4920 668 4970 sit
680 4922 795 4984 mundus,
810 4925 897 4975 lormai
942 4926 1028 4987 tinent,
1047 4932 1145 4976 summa
1157 4941 1213 4977 eura
1228 4930 1327 4992 mentis,
1342 4935 1366 4979 et
1377 4930 1520 4992 diligentiori
1532 4932 1647 4997 indagine
1658 4948 1724 4997 pera-

117 4998 272 5060 inietiigibiiis
284 5002 384 5061 spectes.
416 5006 452 5053 Es
474 5005 572 5068 quibus,
592 5008 662 5069 silva,
680 5010 792 5061 videlicet
805 5016 830 5063 et
843 5027 897 5077 spe·
942 5030 1026 5081 grare;
1039 5018 1099 5068 ratio
1118 5030 1190 5080 porro
1210 5020 1296 5071 asserit
1310 5020 1432 5082 subjacere
1446 5036 1575 5086 corporum
1589 5025 1723 5076 diversitati

117 5086 172 5149 cio,
201 5087 263 5149 iguis
282 5102 370 5152 purus,
392 5092 416 5140 et
436 5092 603 5158 intelligibilis,
629 5098 772 5162 ratemque
796 5101 899 5153 sincere
943 5104 1012 5156 silvae
1032 5108 1209 5170 capacitatems
1225 5113 1296 5172 recle,
1308 5110 1536 5176 rationabiliterque,
1549 5114 1646 5167 censuit
1662 5115 1724 5167 nanc
