3959 5925
213 381 282 442 ¹bit
755 379 950 440 cttntctbtt
971 377 1276 440 commentantes

221 513 302 576 nenti,
316 511 572 576 praestantissimaque,
586 512 612 558 et
626 514 706 558 vetere
726 512 857 561 exsistente
877 509 925 560 aiis
941 511 996 560 sub
1039 510 1104 572 quod
1117 523 1147 560 ex
1158 509 1401 571 speciesilraqnesrl,
1413 507 1560 559 indiitereus.
1593 510 1646 558 tion
1656 519 1714 570 ergo
1724 508 1821 568 stiram,

220 603 307 653 stantia
320 613 400 650 rerum
412 599 520 647 omnium
535 597 657 658 exempla,
669 597 912 648 mundumseusilem
925 597 995 658 juxta
1039 595 1082 646 sed
1095 596 1222 657 mundum,
1239 609 1267 645 ex
1281 595 1369 658 speciei
1381 595 1488 646 bonitate
1497 595 1614 658 sllraeque
1628 595 1721 644 malitia
1731 598 1822 658 tempe·

222 675 355 740 immortale
366 683 504 748 exemplum
516 698 530 733 a
545 688 594 734 Deo
608 685 698 734 iactum
716 698 769 735 esse
780 686 844 735 dimi
856 686 932 736 Plato.
943 688 997 736 lton
1040 686 1129 744 return,
1141 683 1246 746 denique
1260 695 1290 732 ex
1305 682 1455 745 providentia
1465 684 1489 732 ot
1500 681 1643 732 necessitate
1659 682 1821 744 progenitum,

219 777 284 827 enim
296 787 356 837 opus
376 773 426 822 ullo
439 774 549 835 exemplo
570 772 659 833 luisse,
681 773 778 834 quando
796 773 915 822 seminum
935 773 997 822 ratio
1041 773 1149 821 veterum
1160 771 1326 832 theologorum
1336 770 1403 819 scitis
1414 770 1505 820 haberi.

219 864 343 918 incurrens
371 862 475 925 aliquam
504 859 677 923 concipientem
706 860 998 923 comprehendentemque
1071 860 1186 909 ccxcv.
1203 857 1293 908 Silvam
1308 857 1380 918 igitur
1390 858 1515 907 intormem
1529 860 1554 906 et
1562 863 1686 907 carentem
1697 857 1823 920 qualitate,

219 953 344 1012 naturam,
360 953 437 1000 totum
455 949 584 1007 mrrndom,
603 962 703 1011 quaeque
720 949 744 997 in
760 961 789 998 eo
800 951 857 998 sunt
869 950 940 998 enlxa
955 950 995 998 eit.
1041 949 1091 996 tam
1106 947 1180 996 Stoici
1194 959 1267 1008 quarn
1280 946 1429 1008 Pythagoras
1441 945 1611 1004 consentiunty
1621 944 1664 994 sod
1674 946 1823 1006 Pythagoras

221 1046 278 1094 tineo
298 1041 371 1092 stoici
388 1041 419 1090 de
436 1041 511 1103 eitra,
522 1041 601 1102 deque
620 1040 692 1089 inibis
711 1052 800 1102 rerum,
814 1041 902 1103 partim
915 1055 930 1091 a
943 1042 997 1091 Pla·
1043 1035 1168 1096 malignam
1180 1047 1290 1098 qnoque,
1301 1034 1375 1084 stoici
1387 1046 1432 1083 nee
1446 1033 1533 1084 bonam
1545 1046 1591 1084 uec
1605 1034 1694 1084 malam
1708 1053 1715 1084 ι
1727 1033 1825 1095 dehinc,

220 1135 276 1182 tone
287 1134 435 1192 usurpantes,
449 1129 535 1192 partim
548 1129 678 1177 commenti
691 1147 697 1176 ι
709 1127 745 1176 sie
758 1131 785 1178 ut
799 1128 867 1178 facile
880 1129 913 1178 sit
927 1130 995 1179 intet-
1042 1124 1161 1185 tauquam
1174 1123 1199 1171 iu
1214 1135 1337 1185 progressu
1349 1121 1395 1171 rim
1407 1122 1497 1182 malum
1510 1121 1608 1185 aliquod
1618 1121 1727 1183 obvium,
1740 1135 1824 1184 perro-

219 1219 305 1281 ligere,
319 1216 409 1266 nullam
423 1228 466 1264 eos
482 1229 511 1264 ue
524 1214 640 1278 suspicari
653 1213 751 1276 quidem
768 1214 876 1276 potuisse
889 1214 997 1264 divinam
1042 1209 1089 1271 gati
1101 1210 1164 1261 unde
1179 1210 1251 1272 igitur
1266 1210 1346 1259 malai
1359 1212 1558 1273 peruersitatem
1570 1209 1726 1260 seminarium
1747 1209 1824 1259 malo-

220 1307 343 1365 virtutem,
357 1303 567 1365 substantiamque
576 1305 699 1351 carentem
710 1315 820 1364 corpore,
833 1303 927 1352 cunetis
940 1316 994 1352 cor-
1043 1311 1097 1347 rum
1113 1311 1165 1348 esse
1185 1298 1275 1347 causati
1292 1299 1368 1348 sunt:
1391 1311 1435 1348 nee
1447 1297 1581 1360 expediunt
1595 1296 1676 1346 adhuc
1695 1296 1760 1346 unde
1775 1297 1826 1360 ipsa

220 1394 326 1457 poribus,
337 1393 374 1441 rel
387 1393 459 1441 etiam
467 1390 614 1452 sentinibrrs,
626 1389 783 1439 elheaoiorem
798 1408 805 1438 ε
826 1391 998 1452 proptereaque
1044 1387 1198 1449 perversitas,
1210 1399 1267 1436 cum
1276 1385 1346 1447 iuxta
1363 1387 1428 1448 ipsos
1442 1385 1491 1435 duo
1504 1386 1553 1436 sint
1569 1385 1636 1436 inilia
1654 1397 1746 1446 rerum,
1762 1389 1827 1436 heus

220 1482 360 1544 tactum,ut
371 1479 494 1543 opiniones
504 1479 651 1528 incurrerent
660 1477 754 1539 impias,
766 1481 844 1527 heum
853 1477 943 1527 scilieet
952 1477 1000 1528 hoe
1043 1475 1067 1524 et
1081 1473 1150 1525 silra.
1166 1477 1232 1524 Deus
1246 1487 1368 1524 summurn
1386 1477 1411 1524 et
1433 1473 1573 1537 prmoellens
1587 1473 1692 1535 bonum;
1706 1472 1781 1534 silra,
1801 1477 1828 1523 ut

222 1581 275 1618 esse
293 1568 357 1632 quod
377 1567 438 1616 silra
460 1566 506 1625 sit,
522 1565 558 1613 rel
572 1564 646 1614 etiem
660 1564 802 1626 qualitatem
815 1563 999 1626 inseparabilem
1043 1569 1208 1622 ceurennum
1226 1561 1316 1612 bonurn
1337 1575 1381 1610 neo
1406 1562 1505 1612 malum.
1538 1561 1584 1612 Sed
1608 1561 1757 1625 Pythagoras
1770 1563 1828 1611 assi·

221 1658 299 1705 mum
315 1655 407 1703 stirme
428 1652 580 1711 errndemque
596 1649 736 1712 persilram
759 1662 846 1710 meere,
866 1649 941 1697 reluti
957 1661 997 1697 se·
1045 1647 1230 1708 sterereritati,
1243 1647 1310 1697 miris
1331 1647 1387 1698 licet
1403 1649 1523 1698 etmutra
1542 1648 1680 1710 opinionem
1700 1648 1826 1698 hominum

221 1755 277 1791 meu
296 1754 337 1803 per
352 1739 458 1790 urenrbra
474 1737 605 1799 genitalia:
618 1740 643 1785 et
658 1735 781 1794 omnium,
796 1749 852 1799 qure
863 1738 997 1785 nascuntur
1045 1735 1212 1796 operantibus,
1224 1735 1441 1786 asseverationibus
1453 1749 1501 1786 non
1515 1739 1622 1786 veretur.
1643 1737 1691 1794 Qui
1704 1737 1748 1798 ait,
1763 1737 1826 1786 exsi-

224 1834 273 1881 tam
294 1831 409 1892 originem
430 1841 502 1888 qnam
523 1827 595 1875 etiam
625 1837 721 1874 causam
746 1838 797 1874 esse
819 1838 867 1874 non
881 1823 1000 1874 malorum
1047 1825 1126 1872 stente
1144 1822 1382 1884 poenitentemne
1398 1837 1496 1886 quoque
1518 1824 1653 1874 necessario
1676 1824 1828 1886 substitisse,

221 1919 303 1979 modo,
314 1917 355 1967 sed
367 1915 523 1978 turpitudinis
533 1915 670 1976 quoque,el
679 1912 842 1963 obsoreuitalis
855 1927 861 1961 ε
872 1913 1000 1974 omniaque
1047 1913 1172 1973 propterea
1190 1911 1254 1973 quod
1279 1909 1340 1960 silra
1358 1911 1390 1960 sit
1410 1915 1434 1960 et
1452 1910 1537 1960 eadem
1556 1909 1587 1959 sit
1603 1910 1694 1960 malitia
1718 1889 1828 1974 pindus.

221 2019 299 2067 agere,
316 2007 341 2054 et
354 2004 412 2066 pati,
425 2003 461 2052 rel
477 2001 596 2063 pudende.
628 2001 704 2062 cuius
715 1999 836 2063 opinionis
857 2000 998 2050 delormiias
1049 1997 1140 2058 Quodsi
1161 1999 1266 2048 mundus
1279 2011 1308 2048 es
1327 1997 1402 2060 silra,
1414 1983 1574 2048 cerle'iactus
1589 2003 1627 2048 est
1646 1999 1678 2049 de
1698 1999 1829 2050 exsistente

219 2092 353 2144 evidentius
364 2089 486 2152 delegetur
496 2087 604 2152 exposita
616 2087 723 2137 Platonis
738 2088 867 2137 sententia.
1045 2089 1102 2138 olim
1126 2080 1213 2139 natura
1234 2089 1343 2150 maligna.
1397 2091 1572 2151 proptereaque
1596 2089 1728 2138 Numenius
1747 2089 1830 2138 laudnt

252 2181 380 2232 ccxciii.
400 2181 469 2228 ltnnc
476 2177 525 2238 jam
541 2176 726 2238 Pythagoricum
735 2175 823 2238 dogma
837 2181 999 2226 recenseatur.
1047 2177 1209 2238 lleraelitum,
1221 2176 1435 2240 reprehendentem
1454 2179 1583 2226 llomerum
1603 2175 1645 2238 ryui
1656 2176 1776 2239 optaverit
1793 2177 1830 2226 in·

223 2268 357 2319 Numenius
377 2280 406 2316 ex
426 2265 567 2328 Pythagorae
586 2263 721 2326 magisterio
741 2263 878 2313 Stoicorum
904 2264 949 2313 lroe
970 2263 1002 2313 de
1045 2265 1143 2315 teritum
1160 2278 1189 2314 ao
1203 2265 1341 2315 vastitatem
1357 2264 1427 2314 malis
1446 2265 1504 2313 ritae
1517 2263 1623 2327 [odyss.
1638 2264 1678 2313 lib.
1692 2267 1757 2324 lllll,
1772 2264 1830 2329 itti,

223 2355 298 2405 initiis
307 2354 393 2415 dogma
406 2353 517 2402 refellens
532 2351 674 2413 Pythagorae
690 2349 816 2412 dogmate,
826 2350 865 2399 cui
875 2351 1010 2400 concinere·
1047 2351 1111 2414 quod
1127 2365 1174 2402 non
1190 2353 1331 2415 intelligeret
1351 2352 1471 2408 mnndum
1486 2351 1531 2401 sibi
1544 2351 1618 2402 deleri
1636 2353 1727 2415 placere
1738 2370 1745 2414 ;
1756 2353 1829 2414 siqui·

221 2443 375 2505 dicitdogma
397 2440 560 2500 Platonicum,
580 2439 615 2488 ait
627 2437 789 2500 Pythagoram
807 2440 884 2486 heum
903 2437 1001 2500 quidem
1047 2439 1188 2502 demolire,
1203 2454 1259 2503 qum
1270 2441 1389 2491 malorum
1402 2442 1512 2504 tonsest,
1526 2442 1739 2490 exterminaretur.
1750 2440 1831 2491 Plato·

221 2531 419 2597 sinquioritatia
438 2527 536 2578 nomine
549 2526 698 2586 nominasse;
708 2525 795 2574 silram
807 2538 873 2584 rero,
889 2525 997 2576 deitatis.
1047 2541 1150 2591 nemque
1160 2528 1224 2580 idem
1234 2530 1368 2580 ltumenlus
1381 2529 1471 2590 laudat,
1486 2528 1550 2592 quod
1566 2528 1724 2579 duasmundl
1741 2529 1832 2578 animas

221 2623 299 2678 Quam
314 2618 433 2668 deitatem
451 2615 664 2666 indeterminatam
682 2614 796 2676 quidem,
823 2612 921 2663 minime
941 2614 1005 2675 geui-
1050 2617 1176 2676 autumem
1193 2630 1266 2666 unam
1296 2617 1546 2679 musicentissiurem
1568 2617 1696 2679 malignam
1715 2619 1832 2676 alteram,

223 2716 285 2770 taru;
299 2708 424 2758 limitatam
444 2718 503 2755 rero
523 2705 659 2768 generatam
674 2715 729 2753 esse
748 2702 836 2752 dicere.
882 2705 934 2752 ltoc
949 2705 1002 2762 est,
1048 2705 1137 2754 seilicet
1150 2706 1246 2754 silvam.
1279 2710 1340 2764 Qum
1362 2706 1417 2756 lioet
1438 2705 1532 2756 modice
1551 2705 1663 2764 lluctuet,
1678 2707 1759 2754 tamen
1775 2707 1833 2767 quta

221 2800 350 2859 antequam
371 2799 528 2844 exornaretur
547 2791 659 2854 quidem,
681 2792 832 2852 formamque
852 2796 877 2841 et
892 2792 1004 2840 ordinem
1049 2793 1134 2843 iullrno
1144 2793 1287 2855 proprioque
1297 2798 1365 2842 motu
1374 2796 1497 2856 moretur,
1508 2793 1575 2843 virsi
1585 2796 1609 2842 et
1622 2793 1703 2841 anima
1716 2805 1832 2854 nonroge-

223 2885 410 2940 nancisoeretur,
424 2882 474 2954 sine
484 2883 552 2939 ortu,
569 2883 593 2930 et
603 2881 769 2942 generatiooe;
786 2885 925 2930 anomalam
937 2893 1004 2941 vero,
1048 2883 1112 2931 tetur
1123 2895 1220 2933 necesse
1231 2884 1279 2945 est,
1290 2883 1341 2946 lege
1353 2896 1437 2934 eorum
1449 2883 1568 2943 omnium,
1581 2895 1636 2945 qum
1647 2882 1751 2944 genuino
1764 2887 1832 2930 motu

223 2976 297 3036 atque
306 2973 463 3028 illustratam,
480 2970 623 3032 adigestore
637 2973 754 3019 Deoesse
762 2972 907 3031 generatam.
926 2974 1005 3032 atque
1050 2976 1186 3021 morentur.
1220 2974 1282 3030 Qum
1297 2972 1394 3034 quidem
1407 2972 1479 3021 etiam
1492 2972 1597 3035 patibilis
1606 2970 1693 3021 animm
1705 2953 1834 3034 partis,in¹

223 3062 265 3121 ita,
278 3060 334 3123 quia
344 3058 504 3122 generationis
512 3057 544 3107 sil
554 3057 650 3106 tomuna
658 3058 784 3119 posterior,
795 3057 934 3109 inornatum
944 3057 1004 3107 illud
1049 3070 1097 3119 qua
1110 3060 1147 3107 est
1169 3058 1260 3121 aliquid
1274 3059 1442 3121 corpulentum
1468 3058 1617 3121 mortaleque
1635 3062 1660 3107 et
1676 3057 1782 3120 corporis
1802 3056 1833 3106 si·

223 3150 321 3197 minime
334 3151 482 3211 generatum.
496 3158 631 3207 aquarum
641 3148 704 3207 bem
721 3157 799 3207 aquo
811 3148 848 3195 est
857 3146 1003 3207 ordinatum,
1051 3146 1120 3207 mile,
1135 3146 1227 3195 auctrix
1246 3152 1283 3196 est
1306 3149 1330 3196 et
1343 3148 1455 3209 patrona,
1486 3146 1550 3195 sieut
1577 3146 1728 3196 rationabilis
1746 3145 1834 3194 aninxae

224 3233 806 3299 intelligidebeat.sednonnullosPytbsgoreos,
820 3234 868 3283 rim
881 3235 1005 3285 mumulini
1051 3246 1106 3295 pars
1119 3238 1215 3283 auctore
1234 3234 1311 3283 utitur
1333 3234 1425 3283 ratione
1449 3245 1478 3282 ae
1502 3236 1561 3284 Deo.
1596 3236 1669 3282 Porro
1688 3246 1719 3283 ex
1739 3238 1791 3283 Deo
1809 3236 1836 3282 et

225 3339 273 3374 non
286 3327 349 3373 recle
358 3327 494 3380 assecutos,
504 3324 611 3384 putasse,
621 3320 669 3370 dici
678 3320 751 3395 etiam
761 3321 827 3370 illam
838 3318 1005 3371 indetermina·
1050 3322 1110 3371 silra
1126 3322 1203 3371 iectus
1215 3324 1251 3371 est
1263 3322 1308 3371 iste
1320 3320 1434 3370 rnxrndus.

224 3416 273 3461 ianr
288 3414 313 3461 et
325 3410 467 3459 immensam
483 3408 613 3467 deitatem,
629 3407 662 3456 ab
671 3421 719 3457 una
733 3408 897 3471 singularitate
909 3410 1005 3460 institn-
1080 3410 1202 3459 ccltclll.
1222 3409 1298 3470 igitur
1314 3408 1384 3470 iuria
1397 3407 1520 3457 Platonem
1537 3406 1630 3455 mundo
1644 3406 1707 3456 bona
1719 3419 1763 3458 sua
1776 3409 1837 3470 Dei,

224 3506 289 3560 tarn,
304 3499 430 3551 recedente
445 3500 557 3546 enatura
572 3509 617 3545 sna
629 3496 797 3559 singularitate
812 3499 839 3547 ei
858 3499 883 3546 in
901 3497 1002 3547 duitatis
1051 3501 1166 3559 tarrquam
1183 3497 1275 3559 patris,
1286 3494 1425 3546 liberalitate
1440 3493 1527 3545 collata
1540 3499 1612 3555 sunt;
1630 3495 1694 3544 mala
1710 3508 1766 3545 vero
1781 3510 1838 3546 ma-

225 3589 331 3638 habitum
337 3586 461 3649 migrante.
472 3587 606 3645 h'onreeley
617 3587 773 3647 ut,quaaerai
782 3584 942 3648 singularitas,
952 3600 1006 3636 esse
1050 3586 1093 3635 tris
1105 3585 1172 3634 silvae
1192 3584 1251 3633 rilin
1265 3584 1424 3634 colraeserunt.
1458 3589 1512 3644 Qua
1533 3584 1626 3633 ratione
1647 3583 1747 3646 intelligi
1761 3584 1836 3635 datur

224 3676 420 3738 desineretyqure
431 3687 480 3723 non
489 3676 541 3722 erat
549 3673 637 3734 duitas,
648 3672 789 3724 subsisteret
802 3692 809 3724 ι
823 3678 894 3735 atque
906 3687 936 3724 er
951 3677 1005 3724 beo
1051 3676 1143 3726 Stoicos
1157 3675 1244 3725 trustra
1258 3674 1353 3724 causari
1364 3674 1444 3723 nescio
1455 3686 1529 3735 quarn
1542 3676 1756 3736 peruersitatem,
1768 3686 1834 3734 cum,

226 3763 296 3823 silva,
306 3766 331 3812 ει
342 3775 372 3812 ex
384 3761 548 3823 singularitate
558 3760 675 3811 immensa
684 3762 709 3811 et
719 3761 911 3821 indeterminata,
924 3761 1005 3812 duitas
1050 3777 1105 3826 qum
1117 3764 1277 3828 proveniunt,
1289 3776 1319 3815 cx
1341 3763 1409 3811 motu
1428 3761 1555 3811 stellarum
1569 3761 1695 3824 prorenire
1713 3760 1833 3811 dicantur.

226 3853 413 3901 oonrerteretue
446 3851 507 3906 Qum
518 3848 599 3911 opinio
617 3862 648 3899 ue
660 3849 812 3900 mediocriter
826 3851 924 3913 quidem
937 3851 1005 3900 iusti-
1052 3853 1136 3903 stetim
1158 3864 1229 3915 porro
1250 3862 1352 3913 corpora
1369 3855 1426 3899 sunt
1445 3850 1561 3912 ignesque
1581 3848 1682 3899 emittes.
1717 3849 1831 3898 omnium

228 3940 288 3989 tutis
304 3936 441 3987 hominihus
464 3936 587 3999 competit.
630 3937 740 3999 Denique
762 3939 861 3988 Stoicos
880 3938 1007 3988 delinitam
1051 3942 1141 4003 qnippe
1152 3953 1279 4003 corporum
1294 3937 1353 3989 silrn
1365 3938 1447 3989 nutrix
1461 3920 1514 3999 est,
1526 3938 1650 3998 tristiam,
1662 3950 1717 4001 qum
1729 3936 1835 3987 sidereus

226 4033 251 4077 et
270 4026 396 4076 limitatam
422 4024 507 4072 siluam
528 4036 581 4074 esse
603 4029 689 4073 natura
706 4026 817 4088 propriay
847 4025 1006 4089 Pythagoram
1051 4030 1131 4078 motus
1146 4028 1226 4078 minus
1240 4028 1329 4077 utlllter
1343 4030 1368 4077 et
1383 4026 1531 4091 improspere
1544 4024 1640 4085 turbat,
1655 4024 1773 4087 originem
1789 4030 1835 4074 tra·

228 4128 284 4165 rero
297 4114 417 4164 inlinitum
436 4114 462 4161 et
475 4112 530 4162 sine
540 4112 614 4162 limite
630 4112 717 4163 dioere.
748 4115 861 4173 cumque
874 4113 918 4174 illi,
938 4114 1005 4176 quod
1052 4116 1109 4165 here
1123 4115 1250 4165 rideantur
1271 4128 1302 4164 ex
1318 4114 1392 4173 stira,
1406 4116 1430 4164 iu
1446 4128 1495 4177 qua
1508 4115 1545 4163 eat
1556 4113 1631 4164 multa
1644 4113 1798 4176 intemperies
1810 4117 1835 4163 et

226 4203 352 4255 naturasil
365 4204 518 4265 immensum,
530 4214 578 4251 nou
590 4201 701 4265 possead
715 4205 816 4253 modum
829 4206 916 4253 natura
933 4208 1007 4266 atque
1052 4203 1204 4268 improuidus
1225 4204 1330 4267 impetus
1351 4206 1376 4254 et
1398 4216 1470 4253 casus
1486 4206 1560 4265 atque
1582 4205 1609 4253 nt
1633 4202 1692 4253 libet
1714 4202 1834 4265 exagitata

228 4291 338 4341 ordinem
355 4289 432 4351 redigi
447 4292 573 4351 oemeant3
592 4291 752 4352 Pythagoram
774 4292 850 4340 solius
878 4290 941 4341 hauc
962 4292 1007 4341 Dei
1053 4292 1216 4358 praesumptio.
1258 4295 1342 4356 ltaque
1356 4293 1377 4343 si
1388 4296 1454 4343 Deus
1464 4305 1518 4343 earn
1530 4290 1652 4352 correxit,
1666 4297 1693 4342 ut
1704 4292 1730 4341 in
1744 4292 1836 4341 Timauo

228 4393 281 4429 esse
292 4378 405 4429 rirtntem
417 4390 447 4427 ao
462 4377 593 4441 potentiam
611 4390 731 4439 asserere;
747 4379 849 4441 utquod
865 4382 951 4429 natura
972 4380 1008 4429 el·
1052 4382 1157 4444 loquitur
1182 4380 1260 4440 Plato,
1286 4380 1424 4442 redegitque
1444 4378 1469 4427 in
1486 4378 1598 4429 ordinem
1619 4392 1649 4429 err
1668 4377 1788 4428 incondita
1809 4382 1835 4428 et

228 4470 299 4519 heere
311 4468 421 4531 nequeat,
441 4469 505 4517 Deus
519 4466 587 4517 laoile
597 4466 684 4530 possit,
696 4468 723 4517 ut
736 4467 778 4530 qui
791 4468 824 4518 sit
839 4468 905 4517 omni
919 4470 1008 4519 virtute
1052 4468 1190 4521 turbulenta
1205 4468 1342 4532 lactatione,
1358 4471 1424 4518 certe
1440 4468 1539 4517 contusa
1548 4468 1601 4517 hmo
1614 4468 1767 4529 intemperies
1780 4466 1834 4527 eirrs

230 4556 351 4619 potentior
366 4557 440 4618 alque
450 4554 613 4618 praestantior,
631 4555 680 4604 eta
696 4567 744 4616 quo
756 4557 844 4605 natura
862 4556 915 4619 ipsa
941 4557 1007 4607 uires
1052 4572 1110 4609 casu
1129 4557 1235 4623 quodam
1258 4561 1282 4608 et
1301 4556 1452 4620 improspera
1479 4562 1544 4608 sorte
1571 4555 1711 4617 hebebatur,
1736 4567 1781 4603 nee
1803 4568 1838 4603 err

226 4646 360 4694 mutuetur.
1053 4646 1210 4710 providentiae
1228 4646 1345 4696 consultis
1364 4643 1510 4693 salubribus.
1544 4646 1605 4704 llrgo
1624 4642 1694 4703 y'uxts
1715 4642 1840 4704 Pytlngo·

260 4733 385 4783 ccxciv·
399 4731 476 4793 Igitur
492 4732 637 4795 Pythagoras
652 4745 762 4795 quoque,
775 4732 854 4796 lnquit
866 4733 1007 4794 Numenius,
1053 4749 1105 4786 ram
1128 4736 1196 4786 silrre
1224 4736 1305 4785 anima
1327 4746 1405 4797 neque
1424 4734 1475 4784 sine
1505 4734 1554 4783 nlla
1576 4735 1613 4783 est
1637 4732 1780 4791 substantie,
1808 4734 1838 4806 ut

229 4820 327 4871 tiuidam
348 4821 374 4871 et
389 4820 569 4883 sinequalitate
585 4821 671 4871 silvam
684 4834 738 4873 esse
755 4825 910 4884 cenmtqnee
926 4824 1007 4871 tamen
1052 4825 1160 4889 plerique
1188 4824 1348 4886 arbitrantury
1372 4828 1397 4873 et
1419 4823 1563 4872 adversetur
1580 4821 1748 4885 prorideniiae,
1775 4832 1835 4870 con·

228 4912 256 4958 ut
269 4908 344 4959 Stoici
360 4911 453 4959 naturae
469 4909 557 4959 merline
576 4909 687 4973 interque
702 4912 822 4961 malorum
837 4910 1008 4973 bonorumque
1053 4912 1116 4963 srrlta
1129 4913 1182 4975 ejus
1192 4914 1331 4975 impugnare
1342 4912 1447 4973 gestiens
1467 4910 1565 4960 malitias
1584 4922 1636 4960 sum
1651 4909 1753 4960 viribus.
1786 4907 1834 4959 sed

229 4996 351 5061 viciniam,
361 4996 427 5061 quod
438 5010 514 5060 genus
526 4996 559 5047 illi
574 4998 696 5061 appellant
711 4999 863 5061 indiiterens,
876 4998 920 5049 sed
939 4999 1009 5061 plane
1052 5001 1201 5066 prouidentia
1213 5000 1310 5063 quidem
1322 5004 1359 5050 est
1371 5000 1414 5051 Dei
1428 5012 1499 5063 opus,
1509 5002 1534 5050 ei
1543 4998 1650 5049 olhcium
1667 5010 1747 5049 :omes
1764 5010 1835 5060 rero,

227 5086 332 5137 uoniam.
365 5090 443 5138 mum
452 5088 541 5151 quippe
559 5100 612 5140 ease
630 5089 673 5150 (ut
687 5090 761 5141 etiarn
783 5090 877 5140 Platoni
894 5088 1010 5151 ridetur)
1054 5090 1209 5153 fortuitaque,
1225 5088 1348 5139 temeritas
1363 5100 1392 5137 cx
1414 5087 1524 5151 prosapta
1538 5086 1624 5149 silrmq
1638 5086 1708 5136 utsit
1724 5084 1835 5151 evidens,

227 5171 320 5225 initium
334 5177 359 5225 et
372 5186 469 5224 uanum
479 5174 611 5235 bonomm;
624 5177 725 5239 silvam,
743 5177 873 5227 malorum.
898 5182 929 5229 at
950 5190 1006 5227 rero
1051 5178 1121 5240 justa
1138 5177 1310 5240 Pythagoram,
1324 5176 1367 5226 liei
1379 5174 1509 5240 silvaeque,
1525 5175 1584 5225 item
1600 5174 1768 5239 providentia,
1787 5173 1838 5223 ior·
