3959 5925
229 402 283 453 too
843 390 1194 451 PYTHAGOREORUM

224 524 288 603 πρός
307 521 446 596 ἀλλήλους,
470 520 674 601 δημοκρατικόν.
716 524 876 603 Συνέρχεται
900 520 950 601 γθιρ
964 524 1003 602 τῷ
1090 520 1158 600 Περὶ
1177 524 1205 579 δὲ
1224 522 1360 593 πολιτικῆς
1373 510 1449 580 ταῦτ’
1463 521 1494 579 ἂν
1508 522 1549 595 εἴη
1563 525 1702 603 κεφάλαια·
1722 530 1826 606 πρῶτον

225 611 299 715 θήλει
312 610 342 669 τδ
360 611 436 690 όῤῥεν
460 610 530 669 κατὰ
543 610 622 669 πόθον
644 608 810 686 τεκνώσεως,
831 610 877 668 καλ
897 614 944 681 τῆς
956 615 1003 669 τοῦ
1049 608 1096 685 μὲν
1116 606 1156 667 ότι
1177 608 1337 679 σονίοτησαν
1359 612 1386 667 αἱ
1403 608 1541 691 πόλειςτῆ
1563 612 1611 687 μὲν
1634 610 1677 670 διδ
1699 614 1730 673 τδ
1751 615 1827 723 φύσει

224 696 313 775 γένους
338 696 473 773 διαμονῆς
500 696 665 777 ίφίεοθαι“
637 720 688 777 γαρ
708 698 828 777 ἑκάτερον
846 698 1001 774 γεννήσεως.
1048 718 1195 754 κοινωνικον
1206 685 1305 753 εἶναι’
1282 718 1326 755 τον
1337 696 1480 776 ἄνθρωπον,
1491 722 1524 777 τῃ
1507 699 1562 757 '⁴00
1578 698 1659 756 διὰ
1634 724 1664 758 το
1678 701 1821 779 συμφέρον.

225 784 407 844 Συνελθόντων
420 783 446 842 δὲ
462 784 507 843 aei
521 782 642 863 συνεργόν
657 788 704 855 τῆς
719 784 1003 893 aorrmciaeprpcohp·
1049 774 1115 843 Εἶτα
1137 782 1176 841 ότι
1198 783 1376 893 ῆτελειοτρίιη
1390 783 1512 843 κοινωνία
1533 784 1608 851 πολις
1630 786 1696 861 ἐστί,
1721 788 1823 847 καθότι

226 868 395 946 όανομίνων,
413 868 464 927 είτε
484 870 558 949 φύσει
572 871 671 942 δοῦλον,
695 869 806 950 (ἰσχυρδ
807 868 883 945 νμὲι·
897 874 935 949 τῷ
950 868 1002 928 ούι-
1049 870 1156 939 πολίτης
1171 860 1279 937 torta,
1259 894 1282 948 ιρ
1297 869 1551 978 μέτεστιπολιτικῆς
1569 872 1712 979 ἀργῆςθῖἵ.
1740 876 1821 935 Πόλις

227 980 291 1035 ματι
300 956 365 1037 προς
380 957 523 1038 ὑπηρεσίαν
530 958 721 1033 ,νωθῆδὲκαὶ
734 962 791 1017 καθ’
805 958 896 1018 ἑαυτον
906 957 1003 1017 αδονα
1049 957 1076 1017 δὲ
1095 958 1230 1017 ἐκτων
1243 956 1364 1015 τοιούτων
1378 963 1476 1029 πιιηθος
1487 960 1575 1018 ίκανον
1591 981 1656 1039 προς
1669 961 1826 1042 αιίτιίρκειαι

225 1068 269 1104 τον
290 1047 380 1115 διαζῆν
395 982 461 1127 ᾦτρδ
481 1044 608 1127 ἄρχεσθαι
631 1046 793 1126 οομφίρει,)
801 1045 853 1104 είτε
873 1046 917 1105 καὶ
930 1045 1002 1126 νόμῳ
1048 1048 1126 1118 ζωῆς.
1169 1043 1274 1105 Τουδὲ
1299 1044 1411 1115 πλήθους
1434 1043 1491 1123 δρον
1518 1036 1733 1123 εἶναιτοιοῦτον,
1758 1047 1826 1108 ωστι·

225 1135 329 1205 δοῦλον,
344 1135 372 1191 ἐκ
387 1137 434 1205 τῆς
454 1133 497 1197 tari
511 1133 541 1192 τό
555 1134 618 1192 αὐτὸ
636 1135 760 1205 συνόδου,
776 1133 820 1192 καὶ
836 1136 882 1205 τῆς
896 1134 1001 1192 πάντων
1050 1136 1117 1211 μήτε
1142 1133 1190 1205 τὴν
1217 1134 1294 1193 πόλιν
1318 1135 1480 1209 ἀσυμπαθῆ,
1511 1133 1574 1209 μήτ’
1600 1135 1824 1217 εὐκαταφρόνητον

225 1220 291 1299 πρδς
324 1220 350 1279 ἓν
372 1218 503 1301 συμφέρον
525 1220 702 1301 προμηθείας.
725 1211 794 1279 οἶκον
821 1222 1000 1283 συνίστασθαι.
1050 1223 1194 1303 ύπόρχειν,
1215 1222 1431 1302 παρεσκευάσθαι
1445 1222 1473 1281 δὲ
1486 1223 1533 1282 καί
1552 1221 1586 1281 τό
1606 1223 1670 1300 πρὸς
1690 1225 1739 1297 τὴν
1757 1225 1829 1297 ζωὴν

225 1306 324 1367 Τούτου
341 1307 368 1366 δὲ
390 1307 438 1379 τἠν
460 1307 545 1387 ἀρχὴν
559 1307 629 1368 κατδι
653 1308 730 1388 φύσιν
753 1308 821 1387 ἔχειν
844 1308 888 1366 τὸν
910 1308 1001 1388 ἄνδρα.
1044 1312 1190 1387 ,ἀνενδεῶῃ
1205 1309 1250 1368 καὶ
1264 1308 1297 1367 τὰ
1311 1308 1375 1389 πρός
1391 1311 1451 1376 τοὺς
1470 1309 1563 1378 ίξωθεν
1583 1310 1702 1378 ίπιόντας
1718 1316 1824 1382 ἱκανῶς.

226 1393 327 1474 Τδγθρ
342 1397 506 1475 βουλευτικὸν
522 1398 549 1455 ίν
565 1396 667 1541 γφνριικλ
682 1398 838 1475 μὲνχεῖρον,
851 1398 876 1453 ἐν
890 1396 1003 1454 ταισίδ’
1050 1390 1127 1457 Εἶναι
1140 1396 1191 1478 γθιρ
1201 1402 1248 1469 τῆς
1264 1398 1414 1479 φρονήσεως
1432 1397 1462 1456 τδ
1487 1398 1535 1474 μὲν
1550 1399 1734 1475 οἰκονομικόν,
1754 1400 1784 1459 τὸ
1798 1402 1826 1460 δὲ

226 1481 344 1555 ούδίιτω,
366 1482 426 1561 περὶ
448 1482 553 1549 δούλους
570 1484 615 1541 οὐδ
616 1480 717 1548 Μόλως
733 1482 815 1555 τὴν
802 1500 816 1540 ο
817 1484 1003 1559 ὀἰκονομικὴν
1048 1484 1229 1562 νομοθετικόν,
1241 1506 1272 1541 το
1259 1483 1313 1542 ’θλ
1327 1483 1507 1558 πολιτικόν,“
1483 1507 1514 1543 το
1528 1483 1555 1543 δὲ
1569 1487 1753 1597 στρατηγικόν.
1770 1491 1823 1548 ot-

227 1568 365 1649 φρόνησιν,
384 1568 545 1643 διοικητικὴν
560 1560 641 1628 ούσαν
665 1574 745 1629 αὐτου
769 1592 804 1627 τε
819 1568 913 1627 aet*
879 1592 930 1627 των
943 1574 1002 1629 κατ’
1050 1595 1189 1647 κονομικον
1207 1572 1300 1649 μίν,“
1286 1597 1323 1639 ως
1335 1563 1418 1648 εἶπον
1433 1573 1463 1632 τδ
1478 1574 1679 1644 διοικητικδν’
1650 1580 1729 1633 αυτοῦ
1743 1578 1847 1651 τεκαὶ,

227 1648 313 1731 οἶκον,
327 1655 426 1716 οἰκείαν
446 1656 562 1735 ἀνδρὸς
552 1656 690 1736 υπαίρχειν.
747 1655 855 1727 Ταύτης
868 1656 933 1714 δὲ’
910 1680 939 1715 το
954 1656 1002 1734 μὲν
1048 1682 1099 1717 των
1108 1682 1141 1717 πε
1144 1649 1249 1739 ρλοίκον
1250 1621 1493 1735 ,νομοθετικόνδῆ
1505 1659 1534 1718 τὸ
1548 1684 1597 1739 περ
1568 1648 1668 1734 ⁸⁸aa5v
1681 1663 1751 1722 θέσιν
1764 1686 1827 1721 και-

228 1733 295 1804 ε’ίναι
309 1746 447 1825 πατρικον,
458 1742 527 1801 τοδε
539 1766 664 1821 γαμικον
676 1767 706 1803 το
693 1742 744 1801 δὲ
756 1744 853 1801 δεσπο
855 1742 919 1815 ικόν,
931 1742 962 1802 et
976 1744 1003 1803 δὲ
1049 1748 1099 1803 νῶν
1112 1746 1209 1820 νόμων,
1223 1745 1356 1805 πολιτικόν
1371 1746 1415 1823 δέ,
1430 1746 1523 1818 τθτῆς
1541 1747 1641 1815 πόλεως
1656 1750 1824 1823 διοικητικόν,

227 1829 446 1913 χρηματιστικόν.
473 1830 579 1889 Δεῒν’
545 1853 606 1910 γαρ,
621 1830 711 1913 ὥσπερ
727 1841 837 1912 στρατιᾷ
851 1828 898 1908 μὲν
915 1854 1003 1912 παρα·
1050 1831 1221 1910 στρατηγικὸν
1245 1831 1336 1905 δί,“
1311 1854 1342 1891 το
1360 1832 1421 1913 περὶ
1435 1832 1483 1904 τῆν
1506 1835 1616 1915 θεωρίαν
1633 1859 1678 1894 και
1700 1836 1826 1911 διοίκησιν

228 1922 330 1989 σκευῆς,
338 1916 413 1975 πόλει
425 1917 453 1975 δὲ
464 1918 607 1997 προσόδων,
618 1917 697 1999 τέχνῃ
710 1919 732 1975 δ’
747 1916 949 1997 δργιίνωυ,ούτω
958 1917 1004 1976 καὶ
1048 1922 1100 1976 τῶν
1125 1920 1292 2001 στρατοπίδῳ
1313 1920 1509 2002 συμφερόντων.
1572 1921 1678 2001 ’λρχειν
1700 1924 1725 1981 δ’
1747 1927 1828 2004 θναγ·

228 2006 293 2085 οἴκῳ
306 2008 358 2063 τῶν
380 2004 565 2115 ἀναγκαίων.
582 2006 665 2066 Διττθ
679 2004 707 2063 δὲ
729 2012 827 2076 ταῦτα,
846 2004 911 2084 πρός
930 2028 958 2063 τε
973 2008 1004 2063 τδ
1049 2009 1123 2064 καῖον
1135 2008 1188 2064 τῶν
1202 2006 1679 2087 πόλεωνῆὲναῆόλίγουςῆπόντας.
1719 2012 1826 2071 Τούτων

227 2092 414 2171 κοινότερονη
383 2096 440 2165 ζῆν,
455 2092 565 2151 καθ’
519 2116 571 2173 πρ
557 2116 623 2160 οςτο
610 2082 676 2153 ⁸23.
718 2093 824 2154 Τούτων
837 2091 889 2172 γθιρ
875 2095 1003 2173 ριτρῶτον
1050 2093 1077 2151 δί
1089 2093 1197 2155 ἕκαστον
1214 2096 1229 2152 ό
1230 2095 1464 2175 ρθῶςῆφαύλως
1450 2119 1529 2176 εχειν.
1571 2096 1718 2177 Οθως
1684 2123 1748 2174 μεν
1761 2100 1825 2159 ὅταν

228 2179 297 2258 ἔχειν
321 2181 360 2238 δεῖ
381 2179 536 2260 πρόνοιαντ
521 2116 567 2240 τδρν
582 2179 757 2259 οἰκονομικόν,
772 2180 849 2251 ῆτδις
861 2182 1005 2260 προσόδους
1050 2180 1106 2239 ot
1088 2204 1210 2259 αρχοντες
1225 2187 1270 2241 τοῦ
1284 2189 1357 2263 κοινῇ
1371 2186 1545 2265 συμφέροντος
1559 2186 1771 2268 στοχόζωνται·
1760 2188 1827 2247 οαύ-

229 2267 339 2335 αὔξοντα
358 2266 400 2325 διδ
420 2271 556 2347 πορισμῶν
573 2267 815 2349 ἐλευθερίωνβιτδι
827 2268 1003 2345 δαπανήματα
1049 2268 1101 2334 λως
1114 2267 1160 2341 δί,
1176 2268 1238 2328 όταν
1254 2270 1344 2328 τοῶίδ
1335 2292 1382 2329 rou.
1422 2249 1825 2385 Τόδίφαῦλονπαρόόασινεῖ·

229 2355 410 2416 σοοτίλλοντα·
426 2378 546 2432 μεγιστου
557 2356 608 2435 γὰρ
618 2380 694 2415 ουτο
705 2380 736 2417 το
722 2356 936 2436 κεφαλαιον
903 2380 950 2427 της
965 2359 1005 2415 οἶ·
1049 2378 1094 2413 ναι
1107 2377 1152 2413 του
1135 2358 1253 2436 ”θρθοῢ.
1295 2357 1445 2417 Βασιλείαν
1454 2352 1544 2436 μὲν
1514 2383 1558 2420 ουν
1569 2383 1615 2418 και
1603 2359 1826 2440 αριστοκρατίαν

229 2447 381 2521 κονομικῆς.
432 2445 473 2503 Δι’
488 2442 558 2502 θκαλ
567 2444 671 2503 πολλῶν
682 2443 804 2522 ἔμπειρον
820 2434 924 2501 εἶναι“
900 2467 944 2502 τον
958 2447 1004 2503 oi·
1051 2466 1097 2501 και
1086 2441 1283 2523 “θημοκρατίαν
1294 2445 1409 2525 ἐφίεσθαι
1419 2469 1466 2505 του
1449 2450 1566 2554 ”0p0o5
1581 2446 1721 2527 τυραννίδα
1736 2449 1765 2507 δὲ
1779 2451 1825 2507 καὶ

228 2524 379 2607 κονομικόν,
395 2531 539 2610 γεωργίας,
566 2530 775 2675 προόατείαδς,
770 2531 892 2588 ιιεταλλε
871 2552 938 2603 τας,
962 2528 1005 2589 ἵνα
1050 2529 1202 2609 ὀλιγαρχίαν
1220 2533 1265 2590 καλ
1281 2533 1454 2612 ὀχλοκρατίαι
1473 2558 1518 2593 τοο
1501 2536 1645 2614 ’φαύλοω
1688 2536 1825 2613 Γίγνεσθαι

228 2618 288 2685 τοὺς
309 2619 539 2684 λυσιτελεστάτους
562 2616 619 2695 ἅμα
638 2617 717 2676 aeia
719 2616 1006 2699 ιιιαιοτιίτουςκαρποθς
1051 2617 1150 2676 δέτινα
1170 2618 1215 2678 καὶ
1234 2619 1358 2696 μικτὴν
1347 2644 1377 2679 εκ
1399 2624 1451 2678 τῶν
1469 2624 1550 2701 ὀρθῶν
1568 2624 1742 2681 πολιτειῶν’
1726 2647 1823 2703 αρχην.

229 2705 416 2813 διαγιγνώσκη.
467 2707 524 2777 Ἰῆς
537 2702 567 2763 δὲ
587 2708 796 2785 χρηματιστικῆς
816 2706 864 2777 τὴν
877 2702 924 2779 μίν
939 2696 1006 2764 εἶναι
1053 2706 1236 2765 Μεταόόλλειν
1251 2706 1318 2765 δι’
1291 2731 1339 2774 τας
1352 2707 1483 2776 πολιτείας
1494 2711 1620 2775 πολλακις
1632 2709 1773 2788 πρδςτο
1750 2734 1824 2769 coar·

229 2790 355 2871 κρείττω,
380 2792 428 2861 τὴν
458 2791 485 2849 δὲ
508 2790 598 2870 χείρω.
642 2792 761 2865 Κρείττω
785 2792 833 2867 μίν
857 2790 904 2861 rto
929 2792 1006 2872 φύσει
1051 2818 1094 2853 νον
1104 2819 1150 2854 και
1160 2819 1191 2855 το
1201 2819 1299 2876 γειρον
1318 2798 1469 2857 Καθόλουδ
1487 2796 1595 2907 ἀρίστην
1610 2787 1676 2855 ε’ίναι
1692 2797 1825 2855 πολιτείαν

228 2878 398 2955 γιγνομένην,
414 2876 567 2956 χείρωτ
511 2878 537 2935 δὲ
552 2876 601 2948 τὴν
621 2878 664 2937 διὰ
678 2881 837 2951 καπηλικῆς.
857 2879 911 2939 Κατ
922 2903 1005 2939 ταυτα
1052 2882 1098 2952 ,“,ν
1120 2886 1179 2943 κατ’
1201 2883 1328 2964 ἀρετῆνδ
1331 2886 1570 2994 ιακεκοσμημένην,
1587 2885 1720 2965 χειρίστην
1734 2882 1761 2943 δὲ
1777 2884 1825 2956 τὴν

231 2965 278 3042 μὲν
292 2965 412 3043 περὶτῆς
422 2967 586 3040 οἰκονομικῆς
605 2966 759 3043 εἶρημένα’
745 2967 850 3044 απόχρη
837 2966 913 3036 q.²⁷⁰
1052 2971 1119 3030 κατὰ
1132 2970 1238 3032 κακίαν.
1278 2969 1383 3050 Ἀρχειν
1400 2973 1481 3031 δὲ
1439 2998 1485 3032 και
1504 2974 1634 3052 βουλεύειν
1647 2997 1692 3032 και
1681 2972 1817 3041 “δικόζειν

230 3167 304 3212 aucto
326 3162 410 3211 civitas
424 3161 510 3210 oritur.
532 3163 649 3219 Quocirca
666 3161 869 3223 quemadmodum
889 3163 1007 3213 ctamiiia
1052 3165 1317 3228 dupiiciaeaseganeria
1330 3180 1386 3216 cum
1404 3167 1435 3216 ad
1447 3181 1518 3230 parce
1534 3170 1587 3218 tum
1602 3169 1633 3218 ad
1656 3170 1721 3219 tauta
1745 3172 1827 3222 uiren-

230 3249 315 3299 civitas
322 3248 374 3310 ,sic
385 3249 457 3298 etiam
469 3235 608 3310 respublica
618 3250 778 3311 proaemium
789 3253 836 3298 eat.
861 3251 931 3300 cerni
942 3251 1007 3300 enirn
1050 3251 1118 3300 dum.
1159 3251 1192 3301 lia
1205 3251 1317 3301 rideiicet
1332 3252 1437 3314 primum
1451 3254 1586 3315 prospicere
1597 3255 1670 3305 debet
1686 3256 1765 3305 Ιιοιιιιο
1783 3271 1827 3320 ρι-

231 3339 255 3388 iu
279 3337 368 3388 iamitia
392 3337 461 3400 quasi
483 3337 691 3387 adumbrationem
717 3337 838 3400 quandam
859 3353 907 3389 non
929 3341 1007 3402 magia
1051 3336 1203 3397 teriamittaa,
1224 3337 1263 3388 uel
1278 3337 1310 3386 ita
1321 3341 1349 3386 ut
1363 3337 1452 3388 reditus
1463 3339 1555 3388 liberati
1568 3346 1663 3402 quaestu
1679 3341 1827 3405 amplificet,

232 3426 297 3488 requi
308 3439 380 3488 quam
387 3424 538 3487 optimatium
548 3425 686 3476 dominatus
694 3427 719 3475 et
729 3425 850 3488 popularis
857 3427 1004 3490 reipublicae.
1052 3424 1090 3474 vet
1102 3426 1230 3474 utmmtua
1246 3424 1418 3487 circumcidat;
1433 3425 1552 3486 aiquidern
1562 3426 1655 3477 noceat
1665 3430 1737 3490 caput
1749 3430 1828 3480 acien-

119 3524 122 3532 ·
231 3517 292 3566 Nam
305 3515 431 3577 parentum
446 3513 542 3576 quidem
552 3526 608 3562 cum
621 3513 702 3564 tiberio
710 3513 809 3565 codem
821 3517 886 3579 regni
900 3518 1003 3577 speciem
1052 3511 1093 3562 tiae
1109 3512 1261 3575 dispensandi
1279 3526 1319 3563 res
1334 3514 1486 3564 dommticaa.
1523 3516 1643 3591 9uocirca
1667 3520 1760 3580 oportet
1783 3532 1825 3581 pe·

232 3602 340 3665 praebet,
359 3601 503 3650 uraritorum
517 3613 572 3649 cum
586 3601 705 3652 uxoribus
719 3601 874 3664 optimatium
888 3603 1007 3664 ciuitatis,
1051 3600 1124 3649 ritum
1138 3613 1220 3650 earum
1239 3600 1425 3662 dispensatorem
1437 3603 1524 3652 multae
1552 3616 1589 3653 rea
1604 3603 1694 3654 trabere
1713 3607 1828 3667 cognitas,

232 3689 360 3740 liberorum
370 3688 471 3750 denique
484 3689 546 3738 inter
556 3700 583 3738 ae
595 3689 692 3737 rationis
705 3685 836 3752 poputaria.
849 3691 947 3752 Quippe
956 3704 1007 3741 maa
1051 3687 1117 3736 verbi
1128 3689 1203 3750 gratia
1216 3688 1399 3750 agricutturam,
1411 3690 1560 3752 pecuariam,
1571 3691 1721 3741 mctaliomnr
1735 3699 1827 3742 ocruta·

232 3789 288 3826 cum
308 3776 394 3830 irmina
411 3775 564 3837 congreditur
580 3779 632 3826 tum
653 3776 784 3827 iibercr'um
804 3778 1008 3840 procreandorum
1052 3773 1157 3836 tionem,
1168 3778 1196 3824 ut
1209 3774 1328 3824 maximos
1341 3774 1469 3836 diligentie
1488 3789 1541 3827 oum
1559 3777 1651 3827 tructua
1670 3778 1721 3828 cine
1745 3779 1828 3829 iraude

231 3867 285 3913 tum
301 3862 393 3924 generis
408 3861 551 3925 pmpagandi
566 3865 774 3926 cauaa‚quoniam
787 3865 1007 3928 uterquegignendi
1053 3861 1176 3924 percipiat.
1208 3864 1319 3912 ceterum
1330 3863 1437 3922 pecuniae
1449 3863 1586 3925 quaerendae
1601 3847 1717 3916 rationem
1729 3866 1827 3916 atteram

234 3949 365 4012 cupiditate
381 3949 472 4011 ttaqrat.
514 3949 560 4008 Qut
578 3951 704 4012 postquam
724 3952 845 4013 congressi
864 3958 922 4001 aurit
936 3959 1009 4013 atque
1052 3949 1238 4010 prestantiorem
1254 3961 1319 4010 ease,
1337 3950 1438 4000 aiteram
1459 3950 1617 4026 deteriorem
1639 3953 1828 4014 prestantiorem

232 4037 257 4087 in
268 4035 405 4087 sociotatem
420 4037 587 4086 assumserunt
598 4036 677 4086 rictus
688 4037 822 4100 quotidiani
840 4037 1007 4087 administrum
1052 4048 1107 4097 qum
1126 4037 1210 4086 natura
1223 4036 1284 4086 duce
1301 4042 1456 4098 exerceatur,
1475 4037 1617 4088 deteriorem
1637 4052 1693 4101 quae
1709 4039 1828 4090 institorio

233 4125 286 4174 siue
294 4125 379 4173 natura
390 4135 501 4184 cervum,
515 4123 557 4184 (ut
563 4135 661 4184 corpore
670 4123 700 4172 ad
708 4124 868 4180 ministerium
879 4124 1008 4186 ualentem,
1051 4119 1176 4168 inuitatum.
1220 4124 1301 4184 Atque
1311 4121 1362 4171 Ιιοεο
1372 4123 1469 4185 quidem
1485 4123 1515 4174 da
1533 4124 1567 4173 rei
1580 4123 1718 4175 domoaticae
1727 4125 1829 4175 adrnini·

229 4197 267 4264 'ita
289 4213 485 4277 propteringenii
505 4212 658 4272 tarditatem,
672 4225 747 4275 quum
768 4226 847 4276 perae
868 4214 1008 4264 uivereuon
1052 4206 1378 4282 tmiioneditldtufficttnt·

233 4302 322 4366 possit,
336 4300 459 4350 dominum
479 4299 665 4361 requirentem)
679 4299 731 4350 aire
743 4301 815 4350 etiam
830 4301 882 4362 iege
897 4313 1003 4362 cervum,
1084 4295 1119 4342 Do
1133 4293 1289 4372 titillantem
1306 4294 1432 4357 prudentia
1442 4295 1494 4347 hoec
1507 4299 1627 4361 precipue
1638 4298 1827 4368 ncnnda'sum:

234 4404 265 4440 οιι
279 4389 326 4439 hoc
337 4389 456 4438 conuentu
470 4388 627 4450 omniumque
639 4401 718 4438 rarum
739 4402 796 4438 cura
810 4388 839 4438 ad
853 4401 1008 4439 communem
1054 4381 1159 4444 Primum
1170 4382 1267 4444 quidem
1276 4384 1386 4434 05'110005
1397 4388 1450 4434 θῦν]
1465 4384 1498 4435 ⁰b
1509 4387 1642 4436 miniatem
1661 4386 1786 4436 bominum
1797 4387 1828 4437 td

235 4477 361 4527 utititaiem
382 4475 455 4525 relata
475 4473 574 4525 conflari
601 4475 746 4538 atqueetiici
762 4475 883 4526 iamitiam.
928 4477 1008 4538 Huiua
1054 4468 1399 4534 cccictatcmpropenaionem,
1415 4477 1466 4522 ²⁰⁰¹
1479 4473 1673 4524 “0115000800082
1686 4475 1827 4524 ‘mmuh‘

234 4567 314 4614 autom
335 4563 493 4627 principatum
512 4562 643 4614 secundum
660 4564 770 4624 naturam
785 4564 864 4614 τίειιιιι
882 4564 1006 4626 obtinere,
1052 4568 1107 4606 ΜΘ
1119 4575 1126 4604 ²
1139 4554 1225 4606 ‘¹05⁰‘st
1236 4557 1430 4620 Wftcflfflimim
1442 4561 1582 4611 Mefitim
1593 4561 1716 4612 civitatem
1729 4574 1781 4612 οων
1792 4564 1819 4610 ti

234 4651 427 4713 quiacouaiiium
441 4649 528 4700 mulier
539 4649 636 4713 qnidam
655 4649 761 4700 deterius
773 4650 951 4714 habeat,pueri
965 4664 1009 4701 au·
1052 4657 1101 4706 <1¹¹0
1111 4657 1169 4694 0⁰¹0
1182 4658 1225 4707 ΡΝ
1233 4646 1285 4696 cive
1301 4647 1436 4696 bibendum
1449 4650 1490 4710 0¹¹5
1502 4649 1667 4712 mgistratum
1676 4654 1752 4712 θθῐῑί·
1786 4651 1829 4699 Μ

234 4731 406 4792 temnendum,
419 4729 481 4785 aerii
498 4742 554 4779 cero
570 4743 721 4794 nequaqam,
733 4731 757 4780 et
769 4729 859 4796 idcirpo
870 4731 949 4779 omnis
965 4731 1010 4793 pri·
1053 4743 1111 4780 vero
1121 4733 1206 4783 civitas
1216 4734 1302 4784 tatium
1319 4734 1425 4784 uiromm
1438 4737 1469 4784 ad
1482 4737 1557 4786 uitam
1576 4737 1701 4787 commode
1713 4736 1828 4800 agendam

190 4831 193 4836 ·
236 4821 299 4868 ratur
313 4818 370 4868 uitae
379 4817 439 4868 ratio
450 4817 546 4880 propria
557 4817 601 4866 viri
614 4816 646 4867 ait
658 4821 734 4867 aemet
747 4817 824 4880 ipsum
836 4822 860 4868 et
874 4813 923 4866 'rem
939 4816 1009 4866 tami·
1052 4820 1130 4880 iusim
1143 4834 1265 4870 numerus.
1296 4821 1342 4871 scd
1358 4822 1828 4884 instumitinrnnnmcmmitadetiniri,

235 4905 317 4954 tiaram
330 4903 427 4953 tuentia.
462 4907 521 4952 Eam
532 4916 601 4966 porro
616 4904 703 4966 partim
715 4916 767 4954 ease
780 4905 912 4966 paternam,
922 4904 1009 4966 partim
1055 4909 1082 4955 ut
1097 4908 1181 4956 ciuitas
1199 4921 1277 4970 ncqne
1297 4909 1329 4958 ab
1347 4909 1400 4958 attia
1422 4910 1564 4971 adjuvandis
1588 4911 1729 4973 obtruncat,
1751 4925 1830 4974 nequo

235 4992 374 5054 nuptialem.
386 4992 471 5054 partim
482 4993 594 5053 heritam,
606 4993 871 5056 partimqumstuoaam.
882 4995 942 5043 Nem
952 5007 1010 5055 quo
1053 4995 1226 5067 contemnenda
1237 4995 1283 5056 ait,
1300 5009 1384 5046 aarum
1397 4997 1453 5046 satis
1466 5000 1492 5047 et
1504 4996 1535 5046 ad
1544 4998 1604 5048 bone
1615 4999 1746 5050 vivendum
1760 5004 1787 5051 et
1798 4999 1829 5048 ad

211 5107 216 5123 .
236 5077 308 5126 modo
321 5078 437 5128 exercituo
448 5083 602 5141 apparatum,
612 5079 697 5130 civiraa
712 5080 852 5142 vectigalia,
864 5092 904 5130 ara
916 5080 1008 5130 inatru-
1055 5080 1135 5131 troatea
1152 5081 1323 5144 pmpuiaandca
1337 5083 1425 5134 valeat.
1457 5085 1500 5133 list
1519 5085 1582 5135 enim
1599 5087 1644 5136 aiia
1660 5087 1760 5150 priuatae
1774 5088 1831 5138 vitae

236 5168 317 5217 manta
327 5165 451 5228 decideret,
461 5166 496 5216 aic
508 5167 620 5222 tamtiiam
635 5167 706 5219 rebua
719 5167 858 5218 neccaaariis
870 5181 946 5232 egere
957 5170 1006 5218 lica
1056 5168 1130 5230 ratio,
1146 5169 1192 5218 atta
1208 5170 1287 5232 tagum
1305 5169 1390 5221 latoria
1405 5171 1518 5236 iacuitaa,
1534 5173 1581 5223 alia
1595 5173 1672 5225 ciuilia
1693 5174 1831 5238 prudentia,
