3959 5925
316 399 351 448 ro
584 456 589 473 ⁸
657 354 660 357 ’
925 385 1269 448 erueruoeaoaun
1347 368 1351 379 ’

314 517 413 577 πιόνων.
466 516 509 574 καὶ
530 514 664 599 διθιτοῦτο
684 517 698 573 δ
720 513 767 591 μὲν
794 513 918 592 ἑπόμενος
939 524 991 583 τοῖς
1006 515 1079 583 θείοις
1123 515 1189 595 τύχῃ
1204 520 1218 575 δ
1232 516 1372 596 ἄνθρωπος.
1408 514 1548 576 καὶταῦτα
1563 514 1610 594 μὲν
1632 516 1683 595 ἐγώ
1696 540 1763 597 ραμι
1779 512 1879 597 ἦμεντθ

317 605 439 683 [ἀγαθὸς]
456 603 635 679 εὐδαιμονεῖ·θ
656 600 682 660 δδ
704 602 827 679 ἑπόμενος
843 611 896 669 τοῖς
908 607 1009 667 θνατοῖς
1032 628 1080 662 κα·
1122 603 1311 679 ὀνομαζόμενον
1330 602 1483 679 Ἀμαλθείας
1506 607 1591 684 κέρας·
1614 608 1640 663 ἐν
1665 608 1772 687 εὐνομίσρ
1790 608 1879 688 γὰρτὰ

316 694 470 768 ιιοδαιμονεῖ.
520 694 558 771 τῷ
580 689 627 766 μὲν
640 691 690 769 γίιρ
709 690 757 747 τδιν
770 690 891 769 ρρόνασιν
906 690 991 769 ἔχοντι
1012 694 1078 769 ἀγα·
1122 690 1207 748 πάντα
1222 691 1288 749 ἐντί·
1305 690 1349 749 καὶ
1364 690 1423 749 ἄνευ
1446 690 1544 758 ταιίτας
1564 690 1622 751 οὔτε
1640 694 1801 769 γεννᾶταιτθ
1817 697 1880 773 με’γι·

314 776 356 835 θδν
382 775 488 855 εὐτυχία
516 773 561 833 καί
579 776 716 854 χρήσιμον·
735 776 780 833 καὶ
794 774 889 851 ἀγαθὸν
904 776 950 851 μὲν
969 774 1012 834 διδ
1030 775 1079 833 τάν
1124 800 1183 835 στον
1194 786 1241 843 τᾶς
1251 777 1409 856 ἀνθρωπίνας
1418 778 1506 858 φύσιος
1518 782 1630 857 οίγαθόν,
1644 780 1701 839 οὔτε
1715 785 1832 859 γενναθὲν
1844 788 1880 845 καὶ

313 868 406 939 γνῶσιν
429 871 475 929 τᾶς
501 860 623 940 χρήσιος,
649 862 671 919 ὠ
691 864 777 939 ε’λιμον
798 862 825 919 δὲ
848 860 891 920 διὰ
914 862 943 919 τὸ
959 862 1079 943 συνεργὲν
1123 863 1229 931 αὐίαθίν
1245 864 1347 923 δύναιτό
1360 888 1394 923 κα
1409 866 1537 941 ὃιαμίνεν.
1554 868 1599 925 καὶ
1614 866 1664 947 γδιρ
1678 868 1724 928 τάν
1741 870 1833 950 ἀρετάν
1844 877 1881 931 καί

288 953 369 1016 ,ταῖς
391 947 520 1028 πράξεισι.
562 948 642 1007 καλὸν
661 973 714 1026 ων,
730 950 791 1007 decu
816 948 922 1027 εὐτυχία
949 955 1020 1029 παρῇ
1044 952 1081 1029 τῷ
1123 950 1169 1007 τὰν
1184 950 1263 1030 ρορδιν
1277 952 1374 1009 ποττὰν
1391 953 1483 1032 ἀρετὰν
1499 954 1565 1012 ciri
1583 955 1715 1035 ἀμπέχει,
1732 960 1769 1035 τῷ
1785 958 1830 1015 καί
1843 960 1882 1035 ρό·

311 1038 362 1113 νῷ,
385 1033 474 1115 ὥσπερ
496 1035 574 1115 οὐρίῳ
601 1036 690 1115 ἀνέμῳ
723 1034 826 1108 θέοντα,
856 1034 954 1092 ποττίιν
985 1035 1080 1113 άρετδιν
1124 1061 1180 1103 σιας
1194 1038 1290 1114 ἀγαθὰς
1310 1044 1448 1114 γεννᾶσθαι
1466 1044 1524 1098 κατ’
1537 1044 1633 1119 αὐτόν,
1648 1044 1691 1101 καὶ
1713 1043 1777 1115 ἤθεα
1798 1042 1824 1103 δὲ
1843 1050 1880 1103 καί

312 1122 494 1200 άποόλέπυντα
508 1124 640 1181 ποιέεσθαι
655 1122 707 1188 ’τθς
723 1122 853 1201 πράξιας,
868 1119 957 1204 ὥσπερ
980 1123 1081 1182 καὶτὸν
1123 1126 1315 1201 ἐπιταδεύματα
1330 1127 1374 1183 καί
1395 1125 1479 1203 νόμως
1494 1118 1559 1201 ἦμεν
1580 1128 1631 1196 τὼς
1647 1130 1776 1207 ἀρίστως,
1798 1112 1848 1188 ἔτιΙ
1858 1135 1881 1189 δὲ

311 1210 472 1289 κυὸερνσίταν
486 1212 546 1268 ποτὶ
565 1213 610 1278 τὰς
623 1216 674 1271 τῶν
689 1210 790 1290 ἄστρων
804 1212 931 1279 κινοίσιας·
947 1211 1015 1270 αὐτοι
1030 1212 1080 1290 γὰρ
1123 1210 1204 1291 λόγως
1225 1213 1432 1291 ὀρθσγνιίιμονας,
1448 1215 1493 1273 καί
1510 1214 1642 1275 εὖσίόειαν
1661 1218 1688 1275 δὲ
1710 1219 1755 1276 καὶ
1770 1220 1881 1277 δανότατα

310 1299 339 1356 σύ
354 1299 429 1374 μόνον
446 1299 612 1370 ἀκολουθήσει
629 1301 667 1378 τῷ
681 1302 747 1377 θεῷ,
768 1297 896 1356 ἀλλὰκαὶ
922 1299 1037 1367 συντάξει
1052 1299 1081 1357 τὸ
1123 1300 1182 1356 cori
1195 1300 1228 1357 cir
1242 1299 1395 1374 τιμιώτατα.
1419 1301 1486 1359 ὥστε
1501 1304 1543 1361 τὸν
1566 1304 1694 1379 μέλλοντα
1708 1304 1717 1341 ¹
1736 1306 1882 1381 εὐδαιμονά·

311 1384 468 1465 ἀνθρώπινον
485 1387 581 1465 ἀγαθὸν
592 1388 651 1445 ποτὶ
663 1387 693 1446 τὸ
704 1388 778 1443 θεῖον.
807 1386 861 1445 Καὶ
879 1387 931 1460 μὰν
946 1388 991 1445 καὶ
1005 1388 1081 1451 τοῦτο’
1123 1408 1176 1444 σειν
1188 1388 1232 1445 καί
1242 1388 1378 1464 ὐρθόπλοσν
1392 1388 1455 1457 ἕξειν
1465 1390 1507 1447 τὸν
1522 1394 1592 1450 αὐτῶ
1606 1394 1670 1469 βίον,
1681 1394 1801 1471 εὐνομίας
1812 1398 1883 1473 ὓπαρ-

309 1495 343 1549 γα
357 1472 483 1553 φανερόν,
503 1472 543 1531 ότι
557 1474 588 1532 ἐκ
604 1474 729 1538 διαθέσιος
744 1471 788 1528 καί
801 1470 906 1548 πράξιος
922 1474 976 1549 βίος
991 1473 1080 1553 διαρέ·
1122 1472 1213 1550 χοίσας
1224 1473 1268 1531 καὶ
1282 1475 1437 1553 διαπερᾶσαι
1446 1476 1483 1533 δεῖ
1498 1478 1542 1535 καί
1561 1480 1667 1537 διελθεῖν
1679 1480 1752 1538 αὐτὸν
1769 1482 1882 1555 εὐνομίαν
1947 1520 1948 1531 ι

310 1582 360 1636 ρων
374 1559 479 1635 γίνεται·
494 1560 595 1637 ἀνάγκα
610 1559 637 1617 δὲ
651 1559 697 1617 τθν
713 1558 759 1632 μὲν
777 1558 888 1615 διάθεσιν
905 1557 922 1627 ἢ
937 1561 1079 1618 σπουδαίαν
1124 1558 1311 1618 καταλιπόντα.
1352 1554 1425 1637 Ἅμα
1439 1561 1466 1618 δὲ
1480 1562 1524 1621 καί
1539 1564 1653 1641 ἀνάγκαν
1667 1565 1883 1644 ἐπεμρίρειύλί·
1947 1564 1948 1585 3

308 1644 435 1726 ἢραιίλαν
448 1636 524 1720 ἦμεν,
539 1643 586 1702 τδιν
599 1645 626 1703 δί
639 1644 757 1725 πρᾶξινῆ
773 1643 940 1720 εὐδαίμοναῆ
955 1648 1080 1705 κακοδαί-
1123 1669 1166 1724 γος
1188 1648 1267 1705 τοῖσιν
1291 1647 1433 1726 ἔμπροσθεν
1448 1651 1601 1728 εἰρημένοις.
1664 1657 1677 1710 θ
1692 1652 1742 1731 γδιρ
1762 1654 1883 1733 ἄνθρωπος
1897 1674 1909 1697 ⁸

309 1753 383 1806 μονα,
402 1730 446 1790 καί
461 1730 603 1789 σπουδαίαν
629 1730 676 1807 μὲν
701 1729 748 1787 τίεν
765 1733 858 1809 ἀρετᾶς
883 1734 1078 1810 μετειληρυίαν,
1122 1735 1255 1799 κοινωνίας
1269 1735 1343 1812 μέρος
1360 1735 1419 1792 ἐντί·
1433 1737 1478 1795 καὶ
1493 1737 1539 1794 σὺν
1552 1736 1652 1805 τούτοις
1665 1740 1807 1818 δλόκλαρσς
1822 1740 1883 1817 γίνε-

307 1820 408 1898 ραιίλαν
424 1818 451 1877 δὲ
465 1818 513 1875 τὰν
528 1819 629 1886 κακίας·
643 1818 689 1884 τὰς
703 1820 730 1876 δὲ
744 1817 853 1896 πράξιος
868 1819 1020 1895 εὐδαίμονας
1033 1821 1079 1895 μὲν
1122 1842 1166 1877 ται
1179 1820 1272 1878 καττθν
1291 1821 1368 1881 αὐτὸν
1385 1822 1477 1901 λόγον,
1494 1822 1541 1883 obe
1557 1828 1595 1905 τῷ
1610 1824 1646 1897 μὴ
1662 1825 1739 1902 μόνον
1759 1828 1882 1899 κσινωνίν,
1940 1826 1948 1859 '³

308 1907 498 1986 ἔντᾷεθτυχίρ
514 1906 749 1983 (συμπεραίνονται
771 1906 822 1985 γὰρ
844 1906 903 1966 ποτί
925 1900 1076 1984 τὸνλόγον)
1122 1906 1248 1967 ἀλλὰκαὶ
1269 1912 1354 1976 καλῶς
1377 1912 1507 1973 κοινωνίν.
1531 1912 1562 1971 Ἃ
1583 1910 1694 1993 μὲνγὰρ
1718 1916 1745 1972 ἐν
1765 1916 1902 1986 πλείοσιν·
1947 1950 1948 1979 ι

308 1993 498 2067 κακοδαίμονας
519 1995 542 2050 δ’
558 1996 584 2051 ἐν
598 2002 631 2072 τᾷ
645 1994 751 2071 ἀτυχία·
777 1993 961 2052 άπστευκτιιιὸν
975 1994 1027 2073 γθρ
1040 2000 1078 2054 τῶ
1123 1998 1179 2053 ἀλλ’
1193 1998 1239 2055 οὐκ
1248 1996 1319 2053 istri
1328 2000 1427 2077 πέφυκε
1438 1999 1635 2077 γίγνεσθαι·θδ’
1646 2004 1671 2060 ίν
1680 2001 1718 2059 tot
1727 2002 1882 2079 μίν,οθμδν
1947 1980 1948 2063 3

309 2081 541 2160 συμπεράσματος.
557 2080 693 2161 Διόπερού
706 2080 782 2156 μόνον
799 2082 889 2156 μαθεῖν
904 2082 942 2139 δεῖ
955 2078 1002 2139 τάν
1017 2083 1078 2160 άρε-
1122 2081 1160 2140 irs
1173 2086 1199 2141 tr
1219 2083 1341 2153 πλείοσιν·
1356 2085 1412 2143 θδὲ
1437 2087 1481 2145 καί
1503 2090 1530 2145 ἐν
1545 2087 1648 2147 πλείοσι
1668 2090 1713 2147 καὶ
1727 2092 1753 2147 b
1768 2090 1825 2161 ἑνί,
1847 2092 1884 2147 καί
1947 2118 1948 2159 γ

308 2166 367 2239 τάν,
388 2166 514 2226 ἀλλὰκαὶ
528 2168 673 2227 κτάσασθαι
696 2166 741 2225 καὶ
760 2167 908 2246 χρήσασθαι
924 2171 1002 2249 αὐτᾷ,
1017 2169 1076 2239 ἤτοι
1123 2170 1165 2227 διὰ
1178 2175 1254 2229 τοῦτο
1268 2174 1293 2229 ἐν
1309 2171 1361 2243 ἑνί,
1380 2170 1420 2231 δτι
1438 2176 1483 2231 καὶ
1503 2174 1529 2231 ἓν
1544 2174 1670 2232 πλείοσιν.
1723 2174 1834 2252 άρμσνία
1844 2175 1884 2251 μίν
1947 2166 1948 2255 γ

309 2259 334 2324 ἐς
344 2257 499 2337 ἀσφάλειαν,
513 2254 568 2327 di<
580 2256 746 2332 συναόξασιν,
757 2256 775 2326 ἢ
786 2258 817 2315 πθ
830 2255 962 2332 μέγιστον,
973 2259 1000 2323 tc
1013 2258 1078 2315 ἐπα·
1123 2256 1173 2335 γὰρ
1187 2256 1232 2315 καὶ
1243 2258 1379 2340 συμφωνία
1391 2260 1435 2319 καὶ
1445 2260 1550 2341 αἰριθμδς
1564 2264 1591 2321 ἐν
1604 2261 1718 2321 πλείοσιν
1728 2263 1883 2341 ἐγγίγνεσθαι

306 2344 429 2425 νόρθωσιν
453 2344 530 2404 oinos
553 2367 582 2403 τε
601 2345 647 2403 καὶ
668 2344 776 2405 πολίων.
818 2346 918 2423 οὐγὰρ
939 2344 1079 2421 μίνοντθιν
1122 2345 1245 2424 πέφυκεν·
1260 2346 1332 2407 οὐδίν
1346 2346 1397 2425 cip
1411 2346 1582 2427 αὕταρκες,θ
1601 2350 1699 2409 τούτων
1718 2354 1770 2409 τῶν
1793 2352 1882 2429 μορίων
1947 2384 1948 2391 1

306 2442 398 2490 κτᾶσιν
420 2430 490 2512 ἔχειν
505 2435 545 2490 δεῖ
557 2434 609 2489 τῶν
630 2431 728 2504 καλῶν,
752 2431 821 2489 ἀλλὰ
844 2432 888 2490 καὶ
906 2431 954 2490 τίεν
977 2431 1075 2492 ὄνασιν.
1121 2440 1189 2490 ποιεῖ
1202 2432 1232 2491 τὸ
1247 2432 1315 2495 ὅλον.
1345 2434 1466 2503 dinoscis
1486 2436 1513 2495 δὲ
1528 2442 1572 2497 καὶ
1587 2437 1721 2515 ὀξυδορκία
1740 2439 1788 2496 καὶ
1805 2440 1884 2496 ποδῶν

305 2522 400 2580 Ταῦτα
414 2520 441 2578 δί
460 2518 546 2578 πάντα
561 2520 674 2595 iccirco,
696 2517 758 2575 αίκα
779 2519 869 2603 πόλιος
889 2518 1078 2595 εὐνομουμένας
1122 2518 1225 2588 ιἐκιίτας
1238 2523 1264 2579 ie
1279 2522 1317 2581 ἑνί
1329 2522 1415 2599 μόνον·
1435 2524 1587 2603 εὐδαιμονία
1607 2524 1634 2583 δὲ
1652 2526 1698 2585 καὶ
1714 2524 1797 2604 ἀρετὰ
1810 2530 1885 2605 ψυχᾶς

256 2886 260 2893 ,
305 2839 337 2889 sd
355 2839 428 2890 tinem
443 2838 541 2889 adducit
555 2838 687 2899 beatitudo,
698 2838 762 2901 quod
778 2838 806 2887 or
817 2837 904 2887 rirtute
916 2837 978 2887 durs
991 2851 1021 2888 ao
1032 2839 1077 2889 tor·
1123 2842 1326 2905 tioesquidemin
1347 2845 1464 2905 prosperis
1482 2846 1554 2895 rebus
1573 2846 1706 2897 musistuut
1728 2847 1769 2908 (ut
1783 2860 1839 2910 quaa
1858 2860 1883 2895 ar

305 2929 372 2977 tuas.
441 2928 470 2976 itt
490 2927 565 2977 rtrtus
586 2925 682 2990 quidem
707 2921 867 2973 consideratur
892 2922 918 2972 in
941 2922 993 2985 ipso
1023 2935 1077 2985 utu,
1121 2928 1681 2994 enimiseuteutiaeveniant),iotetioescontrata
1690 2932 1760 2984 rebus
1769 2933 1885 2994 adversim

306 3015 401 3063 torinna
411 3018 492 3064 autem
504 3013 529 3063 in
542 3026 665 3062 sumat.
713 3010 922 3073 Aedemquidem
932 3009 1015 3060 neceb
1030 3011 1077 3059 tilio
1121 3017 1284 3067 destituuntur
1296 3019 1360 3068 enim
1372 3022 1469 3070 arepto.
1485 3023 1635 3083 Quapropter
1653 3021 1733 3071 rirtus
1753 3035 1804 3071 non
1822 3022 1885 3084 modo

305 3101 420 3150 virtutem
434 3100 535 3151 edoctus
548 3101 624 3149 bourn
644 3099 729 3159 erasit,
748 3111 827 3168 peque
840 3097 943 3147 tortuose
963 3097 1076 3148 beneficio
1122 3101 1248 3166 discenda,
1258 3103 1299 3154 sed
1310 3106 1382 3155 etiam
1395 3106 1554 3167 comparanda
1566 3111 1591 3156 et
1604 3108 1633 3157 ad
1651 3108 1799 3158 tumidarum
1814 3123 1841 3158 ac
1856 3123 1885 3159 re·

260 3204 263 3208 ·
306 3187 386 3236 teliu
406 3187 593 3236 etenimttatutt
612 3188 666 3235 tum
682 3185 822 3234 honustum
841 3185 925 3234 beatus
940 3189 1077 3239 erebum·
1123 3201 1177 3238 rum
1202 3191 1351 3254 publicarum
1379 3193 1418 3242 ret
1440 3185 1591 3244 securitatem
1619 3195 1658 3244 rei
1679 3202 1836 3256 arrpuentum
1854 3197 1886 3245 rot

306 3283 395 3334 Wtiut
417 3274 443 3320 0²
465 3271 510 3320 fuit
524 3273 548 3320 0²
559 3271 620 3330 ⁸¹5²,
645 3283 690 3320 Μ
713 3282 819 3332 ”ntum
833 3268 886 3318 Νὴ
908 3281 961 3319 0⁸⁸0
976 3270 1077 3330 detinet,
1122 3279 1208 3340 etiarn,
1220 3279 1283 3341 quod
1294 3284 1330 3330 est
1342 3281 1689 3344 maximum30meudationem
1702 3284 1885 3333 estadtribcnda.

306 3372 382 3422 quom
405 3357 501 3407 ίῦίθῑῑῐθ
514 3369 563 3406 '¹⁰¹¹
581 3356 655 3419 9⁰⁸⁸st
671 3369 700 3406 δῦ
720 3356 821 3406 munli
839 3356 945 3405 b⁰¹¹ii⁸¹⁰
963 3356 1078 3418 btaediiut
1122 3367 1209 3415 lterum
1220 3367 1599 3429 cninpractsruomnccsotum
1610 3369 1794 3432 possessiomnr,
1807 3384 1885 3421 remur

307 3446 347 3495 ⁸1²·
380 3447 458 3495 iiomo
472 3457 582 3494 vettium
591 3444 666 3493 b⁰⁰¹¹⁸
682 3449 825 3492 ¹¹⁸¹¹¹f⁸¹¹0⁰
840 3443 921 3492 Mitti
931 3449 980 3503 δίο
995 3457 1077 3492 rerum
1121 3449 1192 3499 etiam
1205 3465 1275 3500 usum
1284 3451 1372 3503 babere
1384 3453 1461 3504 decet.
1474 3455 1534 3511 Quoe
1547 3453 1642 3515 quidem
1654 3454 1735 3504 omnia
1748 3457 1887 3518 contingent„

305 3532 455 3595 disciplinam
471 3535 496 3582 et
516 3544 600 3581 etitem
621 3531 721 3593 requirit
740 3544 746 3575 t
765 3530 876 3579 ridettoot
894 3533 924 3579 ttt
944 3531 1021 3579 bonus
1037 3531 1078 3580 tut
1122 3538 1141 3587 ci
1164 3539 1218 3601 quic
1236 3541 1406 3602 rempublicam
1423 3541 1482 3591 benc
1502 3541 1654 3592 constitutam
1670 3542 1824 3592 nanciscatur
1843 3543 1884 3590 :id

305 3619 413 3680 virtutis,
429 3621 457 3667 ot
467 3617 553 3668 beatam
563 3616 649 3667 eradat
658 3618 761 3666 tortunae
771 3616 885 3679 indigens.
917 3617 1034 3674 Quocirca
1048 3631 1079 3666 ex
1121 3627 1185 3686 quod
1210 3627 1320 3688 equidem
1336 3628 1468 3682 truatttreae
1490 3628 1555 3690 quod
1568 3629 1654 3677 dicitur
1676 3642 1751 3677 cornu
1767 3641 1821 3680 esse
1844 3631 1884 3690 ajo.

306 3709 372 3759 bisce
380 3709 474 3759 duabus
483 3709 556 3759 rebus
564 3708 667 3757 bumana
675 3707 906 3767 beatitudoeoustat,
916 3706 985 3755 tsode
992 3709 1016 3755 ct
1026 3706 1077 3755 teti·
1122 3707 1215 3754 Etenim
1233 3707 1259 3756 iu
1273 3708 1336 3756 rocta
1349 3706 1427 3768 tecum
1448 3707 1615 3756 constitutione
1633 3710 1690 3756 suat
1701 3708 1798 3766 omnis,
1818 3721 1887 3768 aeque

306 3798 386 3848 citatis
402 3797 570 3859 predicatione
587 3811 593 3845 :
610 3795 726 3858 equibus
740 3796 791 3846 iana
806 3796 904 3856 virtuti,
917 3796 991 3844 attera
1003 3795 1079 3844 ietiei-
1123 3795 1256 3842 marimum
1275 3794 1385 3843 trummae
1397 3795 1489 3843 naturae
1506 3793 1596 3843 bonum
1615 3793 1653 3843 tei
1666 3795 1728 3857 gigni
1742 3795 1796 3845 siue
1811 3809 1839 3846 aa
1856 3796 1888 3844 rai

307 3885 351 3934 tati
368 3884 491 3934 tribuitur.
510 3885 629 3935 virtutem
649 3885 720 3946 igitur
740 3884 847 3933 homines
859 3883 942 3932 divino
959 3895 1077 3944 munera,
1121 3887 1202 3930 natum
1218 3886 1242 3932 et
1253 3885 1351 3934 auctum
1364 3895 1501 3944 permanere
1518 3883 1601 3946 possit.
1622 3886 1683 3934 itam
1703 3887 1728 3934 et
1743 3883 1889 3934 virtutcmet

306 3974 410 4023 torturam
422 3985 480 4022 rero
492 3972 670 4034 prosperitatem
683 3972 788 4021 bumana
800 3971 890 4020 ratione
898 3969 994 4020 trabem
1006 3959 1075 4020 Ῥειι-
1121 3969 1172 4029 cjns
1182 3982 1288 4019 amorem
1303 3971 1354 4038 Ιιιοε
1370 3969 1420 4032 ipsa
1433 3955 1614 4032 compieeiitur,
1627 3971 1826 4034 quandoquidem
1844 3973 1888 4031 ejns

306 4061 363 4111 deut
380 4061 445 4110 euim
463 4059 574 4108 mortalia
589 4059 716 4119 edivinia,
729 4058 851 4108 terrestria
868 4072 881 4108 e
899 4059 1035 4108 caelestibus
1054 4061 1079 4108 et
1122 4057 1234 4106 beneflcio
1247 4060 1299 4106 turn
1310 4057 1373 4106 bons
1390 4057 1482 4120 incenia
1495 4062 1659 4119 procreantur,
1678 4064 1729 4108 trrm
1742 4073 1833 4122 mores,
1846 4067 1889 4109 stu·

305 4148 447 4198 deteriores
461 4146 609 4195 melioribus.
620 4145 779 4204 Quamobrem
791 4145 839 4207 [vir
849 4143 1078 4207 bonuquuidirina
1121 4145 1159 4192 dia
1176 4145 1284 4206 legesque
1304 4143 1363 4192 fiunt
1376 4145 1487 4206 optimae,
1508 4147 1532 4192 et
1551 4145 1654 4194 rationes
1671 4147 1751 4207 reete,
1769 4146 1845 4210 pietas
1866 4159 1889 4193 ιε

306 4235 517 4297 sequiturbeatus,
533 4232 710 4294 primosum,
730 4230 1078 4293 miserentrtamprudcntts
1122 4231 1201 4294 religio
1222 4244 1315 4293 ergaea
1334 4245 1388 4294 quae
1403 4231 1584 4281 honoratissime
1600 4235 1657 4281 suut
1673 4232 1762 4294 rigent.
1801 4237 1889 4290 Quern-

306 4321 406 4386 prerdtto
417 4319 481 4369 bona
491 4321 528 4369 est
540 4331 652 4381 prospers
665 4319 759 4367 torturas
773 4320 798 4367 et
809 4317 886 4378 utilis,
898 4317 960 4366 bona
971 4316 1077 4379 quidem,
1120 4319 1200 4368 obrem
1211 4319 1251 4384 qui
1260 4320 1342 4368 beatus
1352 4321 1448 4368 tuturus
1459 4319 1580 4381 ritumque
1591 4331 1658 4367 suam
1671 4332 1784 4381 prospere
1795 4323 1889 4370 acturus

306 4412 419 4475 quoniam
430 4411 467 4460 ott
480 4411 535 4471 scit,
546 4409 612 4459 utilis
623 4423 693 4470 vero,
703 4409 816 4472 quoniam
829 4407 964 4458 actionibus
972 4408 1074 4458 eontert.
1120 4413 1169 4469 est,
1184 4421 1236 4458 eam
1250 4407 1273 4478 in
1293 4407 1352 4458 bene
1370 4406 1500 4457 constituto
1521 4407 1641 4469 republica
1656 4406 1772 4468 transigat
1786 4411 1888 4471 oportet,

306 4500 436 4552 Pulchrum
452 4498 577 4561 igiturest,
587 4497 748 4560 quandocum
760 4497 871 4546 felicitate
883 4496 1007 4560 prudentia
1020 4509 1077 4546 cou-
1121 4496 1220 4558 posteris
1231 4495 1352 4545 civitatem
1361 4495 1458 4558 optimis
1469 4495 1561 4556 tegibus
1571 4496 1728 4556 temperatam
1741 4495 1887 4557 retinqueoc.

305 4587 425 4649 iungitur,
445 4585 520 4635 vetuti
540 4585 651 4635 secundis
666 4584 745 4634 venus
762 4586 897 4634 currentem
912 4584 1077 4646 gubernatoris
1120 4583 1198 4642 Quid?
1209 4582 1272 4646 quod
1286 4583 1357 4632 etism
1373 4583 1517 4643 nemasuio,
1531 4593 1586 4644 qun
1597 4581 1727 4631 antedicta
1740 4587 1809 4645 suut,
1823 4586 1856 4634 ita
1868 4597 1890 4632 se

307 4674 417 4737 exempto
435 4672 465 4722 ad
477 4673 591 4732 rinutem
608 4676 720 4736 tanquam
736 4671 767 4720 ed
787 4671 892 4720 siderum
905 4673 985 4720 motos
1002 4670 1076 4732 respi-
1119 4669 1215 4718 habeut.
1229 4671 1310 4727 Quum
1326 4668 1390 4717 enim
1414 4667 1485 4716 borno
1500 4669 1531 4716 sit
1548 4666 1668 4717 societatis
1688 4679 1751 4729 rnre,
1767 4682 1827 4718 cum
1848 4670 1890 4717 ittis

306 4765 408 4814 cientem
429 4763 534 4813 actiones
549 4763 682 4825 perficere:
703 4762 738 4813 sic
757 4762 822 4811 euim
837 4773 886 4810 eon
907 4761 985 4810 sotum
1004 4760 1076 4810 deum
1120 4757 1129 4819 (
1136 4755 1277 4819 quibuscum
1299 4754 1441 4816 conjunctos
1469 4757 1528 4817 esti
1545 4755 1628 4805 eadem
1654 4756 1746 4806 ratione
1769 4757 1889 4817 periectos

307 4854 429 4912 sequetur,
438 4863 521 4900 νοτυυι
535 4849 606 4900 etiam
619 4849 711 4899 bonum
726 4849 858 4898 humanum
871 4846 900 4897 sd
918 4846 1076 4897 imitationem
1119 4841 1206 4904 eradit,
1220 4841 1240 4890 si
1254 4853 1300 4889 nou
1313 4845 1405 4889 tantum
1426 4841 1535 4901 socium,
1547 4839 1589 4890 sed
1601 4843 1625 4889 et
1643 4839 1732 4890 bonum
1752 4842 1849 4891 socium
1866 4856 1889 4890 se

307 4936 382 4986 dirim
393 4936 513 4986 instituet.
530 4939 582 4988 ileo
599 4949 696 4999 qaoque
708 4937 861 4986 manitestum
876 4937 913 4986 est
924 4949 955 4986 ex
968 4933 1076 4983 aiiectio·
1119 4929 1229 4992 praebeat.
1264 4927 1379 4986 Quaedam
1390 4928 1454 4977 enim
1466 4928 1615 4990 inptnribus,
1628 4941 1676 4978 uorr
1687 4927 1712 4976 iu
1727 4941 1792 4991 uno,
1809 4930 1857 4978 alia
1868 4931 1890 4978 ia

308 5025 379 5075 uibus
389 5030 414 5076 et
433 5025 485 5086 ipsa
503 5024 597 5075 actione
611 5024 669 5075 ritae
680 5023 843 5076 diversitatem
859 5025 921 5086 cicni
937 5038 944 5071 :
961 5027 1074 5071 ceterum
1120 5033 1182 5081 uno,
1204 5030 1252 5066 nou
1274 5017 1299 5065 in
1322 5015 1429 5077 pluribus
1453 5017 1596 5076 cernuntur,
1623 5015 1669 5064 alia
1687 5019 1712 5065 et
1730 5015 1755 5064 iu
1780 5017 1889 5077 pturibus

309 5111 544 5162 adeotioueoessario
555 5113 672 5164 autboua
683 5118 725 5162 aot
737 5126 810 5174 prere
821 5112 906 5172 tuerit,
920 5112 982 5161 actio
996 5114 1076 5160 autern
1119 5110 1144 5156 et
1166 5107 1190 5155 in
1215 5119 1276 5166 uno,
1298 5103 1400 5166 ideoque
1421 5103 1445 5152 in
1465 5116 1531 5166 uno,
1549 5104 1699 5165 quoniamst
1719 5103 1744 5151 in
1769 5102 1888 5165 pluribus.

309 5199 364 5250 ietix
378 5199 414 5251 rei
423 5197 504 5249 intetta
518 5211 534 5247 ε.
543 5201 568 5249 et
577 5200 676 5252 mrsu
687 5199 785 5263 quidem
800 5199 894 5249 aiieotio
904 5205 949 5260 est,
961 5212 1016 5261 quac
1030 5200 1082 5248 rte,
1120 5199 1179 5245 Nam
1192 5193 1326 5254 inarmonia,
1339 5195 1478 5254 concentus,
1491 5203 1605 5242 uumerus
1622 5191 1646 5240 io
1663 5190 1770 5254 pluribus
1782 5204 1889 5241 cernun-

1947 2596 1948 2629 i

305 2750 431 2813 perfectio,
451 2751 502 2801 rita
518 2751 615 2814 quidem
638 2752 675 2802 est
690 2750 811 2800 actionum
829 2750 898 2812 copia
918 2763 926 2799 ε
944 2752 1077 2801 mantem
1122 2752 1195 2813 tutis,
1209 2712 1346 2816 pravaque
1358 2755 1455 2807 malitiae
1474 2758 1590 2820 particeps
1600 2758 1770 2807 eat:aotioncs
1785 2772 1843 2807 rero
1857 2758 1886 2807 ie·
