3959 5925
220 380 277 430 280
770 366 1002 428 criticorum
1023 367 1273 432 FRAGMENTA.

219 495 304 568 Ἄξιον
330 499 354 557 δ’
379 501 515 571 ἐννοῆσαι,
543 499 579 561 ὡς
598 495 644 554 καί
663 495 857 576 ἐλευθερίουςθ
884 506 997 566 τοιοῦτος
1042 501 1112 561 κατδι
1125 503 1168 562 τὸν
1184 503 1353 584 Σωκρατικὸν
1363 505 1535 580 Ἀντισθένην,
1545 505 1645 584 ἐξάγειν
1658 507 1820 582 ἑαυτοδςτοῦ

217 590 329 652 πλοῦτος
341 579 498 664 παρέχεταί.
517 582 663 661 Σωκράτης
680 607 709 642 τε
724 583 774 662 γάρ
789 575 875 660 οὗτος,
889 587 953 665 παρ’
969 579 999 646 ού
1044 589 1102 668 βίου
1116 595 1225 649 τοιαῦτα
1240 591 1416 668 σιτουμένους.

219 673 272 752 ἐγὼ
294 678 384 732 τοῦτον
405 669 578 746 ἐκτησάμην,
606 669 660 728 οὔτ’
685 674 789 752 ἀριθμῷ
812 671 872 732 οὔτε
886 679 998 754 σταθμῷ
1083 678 1247 754 (Athenaeus
1262 678 1374 755 lih.lV,
1391 701 1421 758 μ.
1440 681 1553 757 1573.)

161 831 168 844 Ι
219 760 328 840 irripiens
344 783 404 836 μοι,
425 760 483 820 ἀλλ’
496 756 591 818 ὁπόσον
605 759 737 836 ἐδυνάμην
747 760 887 838 φέρεσθαι,
906 767 998 821 τοσοῦ·
1082 785 1118 826 aa.
1141 765 1196 826 Kal
1210 766 1369 837 Ἀντισθένης
1383 767 1432 826 δ’ὁ
1448 767 1616 846 Σωκρατικὸς
1629 769 1822 851 πιρὶτῦννδρι·

217 849 318 925 τύνμοι
330 846 480 926 παρεδίδου.
519 846 529 894 -’
531 844 593 924 Εγύι
606 870 635 905 τε
649 853 692 905 νῦν
704 849 788 906 οὐδενί
807 850 911 929 φθονῶ,
927 849 997 908 ἀλλὰ
1043 852 1135 910 σπείων
1157 851 1190 910 τδι
1215 851 1282 911 αύτδι
1300 857 1338 933 τῷ
1361 853 1486 914 Πλάτωνι
1502 858 1609 935 ἱστορεῖ.
1652 857 1711 916 ota
1729 856 1820 918 ἔστιδ’

217 943 284 995 πᾶσι
305 943 358 1000 τοῖς
382 932 464 1014 pho<
487 932 533 991 καλ
556 932 716 1041 άπιδεικνύω
732 933 781 1006 τὴν
793 933 928 1013 ἀφθονίαν,
951 934 998 993 καὶ
1042 937 1135 1014 ἔτυμος
1148 941 1162 997 θ
1175 929 1498 1020 λύγοςούτος.Χσρίζετοιι
1512 941 1563 1020 γὰρ
1577 940 1623 1000 καὶ
1636 944 1651 999 ὃ
1664 940 1735 1000 κύων
1748 935 1823 1012 οἶτος

218 1020 382 1098 μεταδίδωμι
400 1025 439 1099 τῷ
450 1023 659 1100 βουλομενῳτου
674 1023 702 1078 ἐν
715 1044 748 1100 τῃ
762 1023 816 1100 ἐμῃ
830 1024 996 1101 φυχῃπλου-
1041 1025 1127 1085 πολλθι
1149 1029 1187 1105 τῷ
1213 1026 1366 1104 Σωκράτει·
1380 1025 1436 1086 ὅθεν
1459 1027 1588 1107 οὐδετέρῳ
1610 1029 1695 1086 αὐτῶν
1717 1029 1755 1088 δεῖ
1777 1048 1822 1088 πι-
1853 1083 1865 1106 ,

216 1133 271 1170 του.
301 1109 357 1170 Καί
382 1107 435 1184 μὴν
449 1105 495 1166 καί
515 1109 545 1167 τὸ
565 1106 710 1187 δῦρύτατύν
729 1132 760 1186 γε
771 1113 861 1186 κτῆμα
875 1106 923 1180 τὴν
937 1133 998 1188 σχο-
1043 1110 1152 1186 στεύειν,
1167 1113 1264 1171 σκοπδν
1279 1112 1388 1192 ἔχοντας
1402 1115 1576 1188 Θουκυδίδην.
1620 1113 1655 1174 ‘0
1670 1114 1722 1196 γδρ
1736 1115 1821 1177 Ἀντι-

218 1196 266 1266 λὴν
288 1195 330 1254 ἀεί
347 1195 424 1273 ὁρᾶτέ
442 1217 487 1271 μοι
508 1199 658 1273 παροῦσαν,
681 1193 749 1252 ὥστε
771 1194 815 1255 καί
837 1202 944 1266 θεῦσθαι
963 1194 998 1255 τδ
1043 1199 1133 1271 οθένης
1148 1199 1193 1258 καί
1207 1200 1371 1281 προσεπάγει
1384 1205 1417 1281 τῇ
1431 1201 1609 1283 ψευδογραφίᾳ
1623 1200 1707 1279 λέγων
1726 1204 1820 1272 elisue·

218 1281 354 1352 ἅξιοθίστα
365 1281 411 1341 καί
425 1281 528 1340 ἀκούειν
541 1281 574 1338 τὰ
589 1280 745 1350 άξιάκουστα
764 1282 819 1356 καί,
843 1282 857 1340 δ
873 1282 997 1342 πλείστου
1042 1311 1055 1338 τ
1071 1289 1148 1361 ἡμεῖς
1162 1286 1190 1345 di
1204 1286 1332 1364 ἀκούομεν
1346 1291 1395 1347 κάν
1411 1283 1443 1362 τῆ
1458 1289 1520 1368 πρὸς
1532 1287 1661 1356 Βοιωτοὺς
1676 1291 1752 1371 μάχη
1770 1295 1821 1352 rd-

216 1369 269 1447 ἐγὼ
295 1371 424 1445 τιμῶμαι,
454 1366 593 1450 Σωκράτει
614 1369 751 1446 σχολάζων
774 1369 994 1449 συνδιημερεύειν.
1042 1374 1142 1454 ριστεῑά
1162 1397 1192 1432 σε
1218 1375 1319 1436 irritis.
1365 1355 1503 1454 Εύφὴμει,
1523 1366 1546 1435 di
1570 1376 1632 1444 ξίνι·
1657 1356 1822 1440 ’λλκιύιάδου

218 1457 273 1518 itai
296 1448 368 1523 οἶτος
382 1454 411 1513 δὲ
431 1459 461 1514 οῦ
481 1455 540 1522 τοὺς
563 1457 685 1515 πλεῖστον
700 1459 874 1536 ἀριθμοῦντες
888 1461 997 1537 χρυσίον
1041 1459 1072 1520 τδ
1097 1459 1188 1539 γίρας,
1218 1463 1264 1520 οὐκ
1291 1460 1366 1538 ίμύν.
1408 1465 1464 1523 Σοῦ
1492 1487 1523 1541 γε
1558 1464 1660 1539 δόντος,
1688 1469 1723 1532 ὣς
1747 1468 1823 1545 ἡμεῖς

217 1544 356 1621 θαυμάζει,
376 1545 435 1601 ἀλλ’
455 1542 480 1601 oi
496 1541 528 1602 διν
550 1544 621 1623 αύτῷ
642 1542 783 1621 ἀρίσκωσι,
798 1545 898 1611 τούτοις
912 1544 996 1603 συνὼν
1042 1547 1207 1621 ἀκούομεν.»

218 1633 341 1692 διατελεῖ.
355 1622 439 1696 Ούτος
451 1629 498 1704 μὲν
512 1620 556 1687 οῦν
569 1629 650 1697 ούτως
662 1621 743 1689 εἶπεν.
1083 1634 1245 1715 (Athenaeus
1258 1634 1313 1697 lib.
1328 1636 1363 1710 V,
1379 1657 1407 1715 p.
1422 1640 1478 1696 216
1492 1639 1537 1716 B.)

260 1718 431 1796 (Xenophon
453 1718 577 1778 Conviv.
598 1717 647 1790 iv,
664 1720 772 1786 34-43.
787 1719 867 1776 idem
881 1739 946 1797 mp-
961 1719 996 1791 ί,
1082 1741 1117 1782 σε.
1141 1723 1302 1795 Ἀντισθένης
1315 1723 1343 1782 δὲ
1358 1723 1405 1797 τὴν
1421 1724 1514 1796 ἡδονὴν
1526 1724 1623 1803 ἀγαθὸν
1637 1716 1704 1784 εἶναι
1716 1727 1821 1807 φάσκων

218 1809 236 1863 8
249 1806 372 1864 ιδίδοικιι
384 1804 434 1881 γδρ
446 1803 489 1860 τὸν
501 1804 544 1863 σὸν
555 1803 778 1872 καίἈντισθίνους
785 1807 907 1877 πλοῦτον,
916 1805 954 1881 μὴ
964 1829 998 1880 με
1043 1808 1190 1888 προσίθηκε
1203 1811 1251 1882 τὴν
1267 1809 1477 1888 ἀμεταμέλητον.

216 1889 458 1968 καταδυναστεύση.
484 1890 559 1948 Tota
569 1890 632 1949 hare
644 1893 823 1951 Antisthenis
838 1892 997 1971 disputatio
1042 1909 1046 1916 '
1084 1896 1248 1970 (Athenaeus
1261 1898 1314 1958 lib.
1326 1898 1394 1974 llll,
1406 1920 1436 1977 p.
1451 1899 1507 1956 513
1519 1902 1552 1958 A.
1566 1899 1609 1957 Cf.
1620 1899 1820 1977 Wyttenhach.

217 1981 373 2059 perspicua
385 1989 443 2050 est,
460 1978 519 2036 nisi
533 1978 611 2056 quod
631 1978 666 2036 de
680 1980 804 2055 singulis
820 1980 893 2037 loeis
907 1999 997 2057 pauca
1042 1987 1079 2044 ad
1092 1987 1169 2044 Plut.
1184 2006 1272 2064 praec.
1289 1986 1387 2046 tuend.
1403 1988 1489 2046 sanit.
1502 2007 1534 2063 p.
1554 1987 1607 2058 ¹37
1619 1989 1663 2055 Β.)

217 2065 349 2144 φοιτάσιν
372 2065 515 2124 monenda
535 2065 682 2125 videntur.
705 2066 825 2131 Verbai
841 2068 888 2142 μὲν
910 2071 996 2127 αὐτῶν
1082 2093 1118 2132 ει.
1131 2073 1289 2144 Ἀντισθένης
1304 2071 1499 2152 Ἡρακλείτειύς
1509 2095 1548 2138 τις
1564 2072 1628 2152 ἀνὴρ
1639 2071 1670 2130 τὸ
1683 2072 1821 2152 φρόνημα,

217 2158 362 2234 τάρκοῦντα
386 2152 442 2232 ἔχει
456 2153 502 2212 καί
521 2151 709 2234 περισσεύοντα
722 2153 757 2212 τδι
771 2158 817 2223 τῆς
832 2154 967 2228 δαπάνης,
982 2158 997 2213 θ
1042 2159 1070 2227 δς
1080 2160 1129 2241 ίφη
1138 2167 1185 2220 τοῦ
1194 2159 1301 2231 ἥδεσθαι
1312 2161 1342 2219 rh
1353 2161 1491 2238 unirentur
1501 2163 1617 2240 κρεῖττον
1630 2151 1709 2220 εἶναι·
1724 2161 1822 2224 διὸκαὶ

216 2242 254 2302 di·
270 2245 317 2300 τοῦ
340 2242 436 2308 παντὸς
461 2243 573 2299 ἐνδεῖται
597 2244 744 2320 pertinent
762 2242 798 2300 ad
819 2242 997 2301 Antisthenis
1043 2247 1157 2327 παρῄνει
1170 2252 1225 2314 τοῖς
1239 2246 1379 2326 γνωρίμοις
1393 2248 1523 2325 μηδέποτε
1536 2247 1615 2327 χάριν
1626 2247 1717 2320 ἡδονῆς
1730 2248 1822 2308 δάκτυ-

217 2329 342 2386 amicum
357 2329 585 2404 hermogenem,
600 2328 699 2387 Calliae
717 2330 845 2388 fratrem.
858 2329 997 2398 Quamvis
1042 2336 1087 2394 λον
1101 2337 1223 2393 ἐκτεῖναι.
1502 2341 1505 2350 ’

217 2429 312 2474 autem
338 2414 445 2474 Callias
472 2417 635 2474 ditissimus
668 2429 759 2489 esset,
786 2417 995 2491 hermogenem
1085 2422 1238 2500 (Eusebius
1248 2424 1345 2502 Praep.
1358 2443 1461 2500 evang.
1476 2422 1530 2481 lib.
1539 2422 1589 2482 XV
1601 2442 1664 2500 cap.
1678 2423 1823 2485 13.Posui

217 2517 312 2561 tamon
324 2503 355 2560 in
366 2523 478 2561 summa
489 2516 612 2578 egestate
623 2503 712 2562 luisse
722 2503 910 2562 scimus-vid.
920 2504 995 2564 Plat.
1044 2506 1239 2589 Ἡρακλείτειύς
1253 2535 1292 2577 τις
1306 2531 1362 2588 pro
1377 2512 1493 2587 vulgata
1506 2511 1631 2570 lectione
1645 2509 1822 2588 Ἡρακλεωτι-

216 2590 326 2667 Cratyl.
349 2611 379 2667 p.
404 2592 460 2657 384
482 2590 517 2662 C,
539 2592 594 2648 386
617 2591 690 2662 AB,
708 2593 762 2666 391
777 2590 810 2650 C.
826 2589 996 2655 xenniem.
1043 2595 1087 2662 κός
1100 2619 1150 2670 τις,
1160 2617 1225 2674 quae
1239 2597 1309 2656 ferri
1323 2611 1494 2677 nonpotest.
1536 2599 1653 2676 Quippe
1665 2599 1755 2656 animi
1767 2599 1822 2656 ela-

217 2676 274 2736 lih.
298 2676 339 2749 ll,
370 2699 417 2750 ιο,
445 2679 473 2736 3.
496 2678 640 2735 Praeterea
671 2679 803 2756 scripsi·
823 2677 905 2736 πίνων
931 2699 997 2737 cum
1043 2683 1122 2741 tione
1150 2685 1335 2744 Antisthenes
1363 2686 1503 2744 Heracliti
1526 2685 1632 2744 similis
1656 2685 1827 2746 videbatur.

215 2763 409 2835 Schneidero;
424 2763 495 2822 lihri
509 2764 587 2843 ἔχων.
600 2762 665 2810 -b
678 2765 731 2841 ἐγὼ
749 2763 827 2831 αὐτὸς
848 2765 994 2845 ἀνευρίσκω
1043 2770 1107 2829 Vid.
1131 2770 1239 2830 Philos.
1255 2771 1348 2831 Graee.
1366 2772 1478 2848 fragm.
1498 2773 1558 2830 vol.
1578 2771 1591 2830 l
1611 2794 1642 2851 p.
1666 2774 1735 2834 διο.
1752 2775 1822 2833 Dio·

215 2871 282 2910 cum
296 2852 552 2924 Winclaelmann03
567 2852 654 2912 codd.
671 2851 723 2928 ἐγὼ
737 2852 769 2911 ἂν
783 2852 859 2920 αὐτὸς
869 2853 991 2932 εύρίσκω.
1042 2876 1128 2932 genes
1135 2861 1267 2918 Laertius
1276 2859 1330 2918 lih.
1338 2859 1389 2932 lX,
1401 2881 1451 2919 ror
1466 2859 1558 2941 ιφύσει
1567 2883 1593 2919 τε
1605 2850 1715 2938 μὴείναι
1727 2861 1820 2940 ἀγαθὸν

199 2974 254 3026 ···-
265 2946 278 2977 ⁰
289 2938 324 3016 μί
337 2941 408 3017 ε’στι;
422 2941 508 3002 codd.
525 2940 640 3017 μέτεστι.
652 2941 703 3017 —)
1042 2942 1059 3015 ἡ
1072 2943 1163 3003 κακόν.
1209 2947 1242 3007 El
1266 2946 1316 3026 γάρ
1330 2945 1357 3006 τί
1378 2948 1434 3007 ἔστι
1457 2947 1532 3028 φύσει
1546 2947 1643 3026 άγιιθδν
1664 2947 1709 3007 καί
1729 2949 1820 3023 κακόν,

254 3047 293 3088 aa.
315 3025 389 3106 Ὁριῒν
412 3026 462 3106 γὰρ
484 3027 583 3098 πολλὴν
603 3030 667 3106 παρ’
682 3032 747 3103 ἡμῖν
770 3032 817 3099 τῆς
839 3033 924 3108 φακῆς
947 3028 996 3100 τὴν
1043 3043 1122 3091 πᾶσιν
1137 3034 1234 3115 ὀφείλει
1247 3035 1371 3113 ἀγαθὸνὴ
1383 3034 1464 3095 κακδν
1479 3036 1617 3116 ὑπάρχειν,
1627 3035 1716 3117 ὥσπερ
1727 3042 1744 3108 ἡ
1756 3037 1821 3117 χιὼν

215 3113 323 3191 σκευήν,
340 3116 375 3180 εἰς
390 3114 422 3185 ἣν
437 3114 625 3173 δποδλέπδυσα
647 3113 871 3191 συμδουλεύσαιμ’
884 3114 916 3173 ἂν
934 3119 996 3193 ύμῖν
1042 3122 1115 3180 πᾶσι
1136 3121 1247 3202 ψυχρόν.
1294 3123 1388 3182 Κοινδν
1409 3122 1435 3181 δὲ
1456 3121 1529 3181 οθδδν
1552 3124 1658 3183 πάντων
1684 3124 1821 3201 ἀγαθδνὴ

214 3341 306 3404 quippe
316 3352 372 3401 qum
387 3339 460 3389 nimis
471 3345 614 3402 sumptuosa
625 3340 683 3402 aiut,
694 3342 739 3409 ped
755 3354 787 3390 ex
801 3342 883 3391 animo
900 3356 996 3404 promo.
1073 3348 1112 3392 si.
1128 3336 1277 3392 Video'errirn
1289 3340 1354 3403 apud
1367 3354 1411 3389 ros
1420 3340 1575 3401 multiplicem
1588 3341 1688 3390 lentium
1697 3345 1822 3393 coeterum

215 3428 281 3486 Quin
289 3427 365 3478 etiam
372 3428 449 3478 multo
456 3427 511 3493 plus
519 3428 613 3477 conteri
621 3428 653 3477 ad
663 3427 821 3491 voluptatem,
835 3428 901 3492 quod
915 3441 1001 3493 errspe-¹
1029 3432 1195 3493 apparatum,
1209 3428 1317 3490 inquom
1331 3426 1416 3477 intuita
1428 3427 1544 3477 suaserim
1554 3426 1624 3477 robis
1636 3427 1767 3477 seeundum
1777 3431 1821 3478 So-

214 3516 280 3565 ctato
288 3514 376 3565 mendi
385 3516 494 3578 tempore
502 3514 556 3564 citro
567 3514 677 3577 indigens
685 3518 997 3579 vereor,qnamaimagno
1042 3516 1157 3567 creticum
1177 3514 1400 3575 Antisttrenem‚at
1414 3517 1523 3563 mortem
1541 3514 1613 3565 vobis
1637 3517 1818 3578 caracteratis,

214 3604 292 3668 pretio
303 3603 416 3654 ιοθσιιιιίι
430 3608 497 3666 utar3
510 3605 716 3666 quemadmodum
728 3619 907 3670 huncquoque,
919 3620 995 3670 quum
1041 3615 1123 3667 quum
1137 3601 1398 3652 tattharocscomtrrt.
1508 3594 1512 3604 '

213 3690 238 3740 in
252 3691 298 3739 hoc
311 3690 396 3739 vinum
415 3681 689 3752 Thasum'inciderim
709 3692 765 3741 bibo
787 3692 848 3741 illud
867 3692 920 3742 aine
946 3691 995 3742 siti.
1071 3699 1111 3743 σε.
1128 3689 1175 3741 sed
1193 3690 1347 3741 Antisthenes
1358 3704 1454 3753 quoque
1468 3690 1606 3741 socraticos
1625 3690 1656 3741 de
1675 3690 1820 3741 tortitudinis

215 3778 345 3826 Enimvero
364 3781 555 3827 consentaneum
571 3781 619 3836 est,
631 3778 707 3827 molto
719 3779 791 3827 etiam
803 3778 917 3839 justiores
930 3790 994 3839 esse,
1041 3778 1147 3843 praemiis
1166 3778 1250 3827 eadem
1264 3790 1320 3841 quae
1335 3778 1403 3828 Plato
1424 3762 1504 3828 tradit.
1525 3779 1558 3827 At
1568 3790 1617 3827 non
1634 3779 1670 3826 est
1697 3790 1756 3827 vera
1774 3776 1820 3827 ista

214 3849 653 3926 quirilitatemrictuspotiiraquam
664 3863 917 3926 caritatemepectaut.
933 3866 996 3913 itam
1041 3866 1154 3916 narratio.
1188 3868 1249 3915 Nam
1268 3866 1345 3916 multa
1359 3866 1431 3916 etiam
1450 3865 1489 3914 hie
1502 3865 1569 3915 canis
1582 3864 1740 3927 quaesocrati
1753 3868 1819 3925 grata

214 3950 306 4013 quihus
328 3950 434 4001 manime
453 3954 580 4013 praesentia
601 3951 739 4013 sufficiunt,
758 3952 777 4001 ii
797 3952 898 4002 minime
918 3952 996 4002 aliena
1040 3959 1099 4005 sunt
1117 3955 1251 4017 eitrihuit3
1263 3954 1420 4018 quamohrem
1439 3954 1518 4003 neutri
1538 3967 1623 4003 eorum
1645 3951 1718 4002 tidem
1738 3953 1819 4003 haberi

215 4041 342 4103 appetunt.
380 4043 424 4091 list
437 4044 520 4091 autem
534 4041 729 4104 operaepretium
745 4042 909 4105 considerare,
922 4054 995 4104 quam
1025 4045 1148 4104 .oportet‚
1162 4055 1239 4104 quum
1258 4055 1339 4092 rernm
1353 4044 1473 4104 gestarum
1490 4040 1684 4103 investigatorem
1696 4040 1819 4103 Thucydi·

217 4129 327 4179 liberates
340 4130 413 4178 etiam
425 4129 530 4179 eliciant
541 4129 653 4179 homines
668 4128 807 4190 hrrjnamodt
818 4129 918 4179 divitiae.
933 4132 996 4179 llam
1030 4108 1094 4179 'dem
1110 4129 1249 4179 habeamur.
1281 4130 1376 4180 Etenim
1386 4129 1541 4179 Antisthenes
1549 4140 1629 4178 rerum
1641 4128 1818 4177 commenticia·

214 4218 326 4266 Socrates
341 4215 389 4277 tric,
402 4228 416 4264 a
437 4216 592 4276 otro-diritiis
603 4215 657 4265 istis
671 4220 756 4265 anetus
772 4229 837 4277 sum,
855 4229 895 4266 eas
915 4228 994 4279 neque
1028 4230 1094 4281 ¹rum
1105 4216 1260 4279 explicationi
1272 4216 1326 4267 haec
1339 4230 1435 4280 quoque
1447 4216 1522 4267 rerba
1537 4214 1663 4278 adjungit:
1676 4218 1748 4265 ulios
1762 4227 1819 4265 vero

215 4303 392 4354 annumerabat
407 4303 467 4353 mihi
489 4316 570 4366 neque
586 4303 754 4367 appendebat,
771 4303 815 4353 sed
838 4303 912 4353 dahat
935 4304 995 4352 mihi
1039 4301 1158 4363 audimus,
1174 4308 1197 4351 et
1208 4302 1233 4351 in
1245 4302 1330 4364 prelio
1339 4316 1395 4353 eum
1406 4304 1495 4353 Boeotir
1505 4302 1633 4353 commisso
1641 4304 1664 4352 te
1673 4301 1819 4353 tortitudinis

215 4394 327 4455 tantum',
338 4392 456 4453 quantum
468 4391 529 4441 terre
543 4393 658 4453 poteram.
692 4392 770 4453 atque
778 4391 891 4453 equidem
905 4390 995 4441 nemini
1039 4389 1139 4454 praemia
1153 4388 1243 4439 tulisse.
1259 4377 1325 4440 Bona
1338 4390 1426 4451 rerba,
1440 4402 1538 4453 quaeso,
1548 4403 1565 4440 o
1576 4390 1678 4453 hosper;
1693 4388 1819 4439 Alcibiadis

219 4492 273 4529 mea
294 4492 360 4529 nunc
374 4479 479 4541 invideo,
497 4478 539 4529 ced
569 4478 741 4529 abundantiam
770 4479 854 4529 amicis
881 4478 995 4529 omnihus
1039 4481 1077 4528 est
1087 4478 1173 4537 honor,
1183 4490 1232 4527 non
1241 4490 1320 4527 meus.
1352 4480 1422 4528 certe
1434 4479 1458 4527 te
1468 4476 1622 4537 concedente,
1632 4479 1713 4526 utnor
1722 4474 1819 4539 quidem

135 4601 137 4612 .
212 4568 319 4631 ostento,
332 4567 442 4617 etaaimi
455 4580 514 4630 opes
527 4567 617 4617 volenti
631 4567 750 4630 impertio.
784 4566 929 4627 Quinetiam
943 4580 994 4617 rem
1041 4565 1211 4627 accepimus·

215 4655 325 4704 omnium
346 4653 557 4716 delicatissimam,
577 4655 654 4705 otium
670 4655 797 4716 videlicet,
817 4670 912 4719 semper
928 4660 996 4706 certe
1070 4656 1108 4701 tt.
1127 4653 1284 4704 Antisthenes
1303 4665 1361 4703 rero
1381 4652 1529 4716 voluptatem
1549 4651 1632 4702 dicens
1646 4663 1699 4701 ease
1710 4650 1818 4711 honum,

212 4741 298 4792 adesse
312 4742 372 4791 mihi
386 4742 491 4797 ridetis.
505 4742 539 4792 ita
557 4745 585 4793 ut
598 4748 703 4805 speeiem
714 4756 770 4805 οιιιο
786 4746 897 4806 spectatu
912 4746 937 4793 et
948 4756 994 4792 an·
1039 4740 1109 4802 cujus
1122 4754 1169 4790 non
1185 4741 1299 4804 preniteet
1308 4740 1408 4791 addidit.

213 4829 279 4880 diam
295 4844 350 4894 qum
363 4830 446 4881 auditu
464 4832 538 4894 digna
557 4835 616 4881 sunt
632 4838 666 4892 et,
684 4831 750 4894 qnod
770 4832 882 4895 equidem
894 4831 994 4881 maximi
1070 4835 1109 4879 65.
1127 4829 1281 4880 Antisthenes
1296 4830 1333 4878 rir
1344 4829 1417 4880 animi
1426 4830 1529 4880 elatione
1548 4826 1709 4887 llerarliteus,
1724 4828 1765 4889 qui
1779 4824 1818 4876 di-

211 4918 316 4981 nstimo,
332 4922 457 4969 conterere
469 4932 525 4969 cum
539 4921 636 4969 Socrate
647 4920 711 4969 totos
724 4918 811 4979 diesin
825 4920 877 4969 otto
891 4918 994 4982 possim.
1038 4916 1106 4968 rebat
1120 4917 1196 4967 satius
1216 4930 1268 4967 esse
1281 4918 1384 4968 insanire
1401 4930 1474 4981 quam
1486 4915 1615 4978 oblectari,
1629 4913 1732 4976 ideoque
1745 4911 1818 4962 etiam

212 5006 321 5068 Atqneis
334 5008 405 5057 etlam
418 5007 470 5072 ipse
483 5021 531 5057 non
541 5020 585 5058 eos
595 5007 784 5073 admiratnrqoi
797 5007 930 5071 plurimum
938 5007 994 5057 auri
1038 5005 1169 5068 discipulos
1182 5006 1330 5069 hortabatur,
1341 5020 1371 5057 ne
1387 5018 1492 5070 unquam
1511 5002 1676 5055 delectationis
1689 5012 1761 5051 οειιεα
1780 4998 1818 5048 di·

212 5096 351 5157 numnam,
363 5094 406 5145 sed
423 5098 604 5158 perpetuorum
615 5094 645 5146 iis
654 5095 815 5158 vereaturqoi
830 5094 876 5159 ipsi
888 5095 991 5159 placent.
1036 5093 1112 5155 gitum
1122 5092 1285 5145 extenderent.
1656 5078 1659 5086 ¹

213 5178 261 5229 llio
270 5178 341 5242 igitur
349 5194 377 5233 eo
389 5182 461 5233 modo
472 5182 617 5234 loeutuaert
