3959 5925
61 4129 65 4136 ·
157 4119 200 4169 per
214 4118 241 4155 ce
252 4105 386 4168 expetendo
400 4119 452 4156 csse
468 4105 699 4166 demonstravimus,
713 4106 774 4155 mete
786 4108 867 4155 eutem
877 4117 932 4169 quoe

741 451 977 515 FRAGMENTA
997 450 1129 515 vluit.
1696 448 1733 497 89

66 604 70 613 ’
143 594 205 673 πρὸς
220 590 331 670 ἑαυτήν,
344 590 433 671 ὥσπερ
448 590 480 649 δι’
493 588 572 660 αὑτὴν
584 586 698 665 αίρετήν,
709 586 754 645 καί
770 558 871 660 μᾶλλόν
883 608 913 662 γε
959 586 1031 665 ψυχῇ
1051 581 1187 662 φρόνησιν,
1207 580 1233 637 ἐν
1247 576 1274 635 δέ
1297 585 1349 641 τοῖς
1363 573 1436 640 ἐκτὸς
1453 573 1588 651 εὐωχίαν·
1603 568 1652 643 δ,τι
1668 572 1692 630 δ’
1706 575 1734 631 ἐν

142 682 206 761 πρὸς
220 681 334 759 ἑαυτήν,
353 678 449 759 ἢπρθς
464 678 509 743 τδις
523 682 567 734 τοῦ
587 676 706 750 σώματος
727 675 827 755 ἀρετάς·
848 672 916 732 ὥστε
960 676 1064 745 σώματι
1073 670 1183 739 κάλλος,
1196 669 1266 724 τοῦτ’
1279 662 1305 723 ἐν
1318 667 1390 742 ψυχῇ
1405 661 1579 732 δικαιοσύνην,
1596 662 1623 717 ἐν
1635 659 1662 717 δέ
1683 667 1735 723 τοῖς
1752 721 1758 731 ,

142 770 215 851 παρά
225 768 291 827 πολὺ
305 766 460 847 τιμιωτέρας
473 755 538 824 εἶναι
551 764 595 830 τάς
606 769 651 835 τῇς
662 768 747 845 ψυχῆς
758 761 860 841 ἀρετάς.
875 762 915 825 Οὐ
960 757 1031 821 ἐκτὸς
1043 755 1139 834 φιλίαν·
1155 752 1224 809 ὥστε
1234 751 1293 831 τρία
1311 749 1373 828 γένη
1387 752 1439 806 τῶν
1452 750 1556 825 ἀγαθῶν
1571 746 1734 822 διαυθαίρετα

143 859 196 937 μὴν
208 855 276 917 ἀλλά
291 859 337 917 καὶ
351 855 404 915 ἀπὸ
428 859 479 913 τῶν
494 854 728 934 προεφωδευμένων
743 848 811 909 τοῦτ’
829 848 859 907 όν
879 871 917 913 τις
961 843 1101 921 ὑπάρχειν,
1110 839 1143 899 τά
1150 863 1179 913 τε
1188 838 1249 918 περί
1261 838 1366 919 ψυχήν,
1380 836 1426 893 καί
1439 836 1471 893 τά
1482 835 1541 913 περὶ
1550 834 1580 891 τὸ
1588 838 1679 911 σῶμα,
1690 834 1736 892 καὶ

145 947 332 1023 ἐπιλογίσαιτο.
375 946 409 1005 Εἰ
432 942 513 1023 γθιρὴ
534 948 578 999 τοῦ
593 938 715 1015 σώματος
729 937 812 1015 ὑγίεια
827 933 916 1016 αἱρετθι
960 922 994 987 ric
1008 928 1091 994 ἐκτός·
1106 927 1152 990 καί
1166 931 1259 1006 μακρῷ
1273 922 1430 1003 αἱρετώτερα
1444 922 1478 980 τά
1499 921 1558 1020 ττερίΙ
1578 920 1665 999 ψυχὴν
1685 925 1737 978 τῶν

145 1034 178 1091 δι’
194 1032 291 1108 αὑτήν,
306 1030 351 1091 καί
370 1030 437 1089 πολὺ
453 1032 551 1107 μᾶλλον
573 1033 590 1099 ἡ
613 1032 658 1098 τῆς
670 1031 768 1109 ψυχῆς·
791 1026 875 1103 θγίεια
890 1021 917 1080 δὲ
961 1015 1063 1087 ἄλλων,
1083 1016 1173 1089 ἐπειδὴ
1195 1016 1240 1074 καὶ
1258 1013 1480 1092 ἡγεμονικώτερον
1503 1012 1548 1071 καί
1570 1010 1736 1089 αἱρετώτερον

144 1125 229 1202 ψυχῆς
243 1118 410 1201 σωφροσύνη,
431 1122 477 1188 τῆς
500 1115 673 1197 σφοδρότητος
695 1112 846 1173 ἀπολύουσα
866 1114 917 1169 τῶν
962 1106 1035 1187 ψυχὴ
1045 1104 1176 1181 σώματος.
1189 1105 1274 1174 Δῆλον
1287 1093 1377 1161 ούνὸτι
1387 1104 1437 1159 τῶν
1447 1104 1492 1159 τοῦ
1503 1098 1624 1174 σώματος
1639 1102 1737 1177 ἀρετῶν
1799 1131 1801 1134 -

145 1191 235 1268 παθῶν
250 1214 328 1282 ἡμᾶς.
359 1205 411 1266 Καὶ
427 1208 449 1263 εί
464 1203 537 1283 ίοχθις
557 1209 574 1275 ἡ
596 1203 735 1279 σωματικὴ
746 1206 798 1261 τῶν
814 1204 916 1278 ἀγαθῶν
963 1197 1007 1255 καὶ
1021 1198 1073 1253 τῶν
1087 1193 1159 1260 ἐκτὸς
1170 1195 1197 1251 cti
1210 1196 1257 1264 τῇς
1275 1195 1359 1270 ψυχῆς
1375 1188 1536 1268 ὑπάρχουσιν
1550 1184 1737 1265 αίρετώτεραι,

145 1301 214 1367 ἔστι,
229 1295 294 1355 πολὺ
311 1294 408 1370 μᾶλλον
423 1297 440 1363 ἡ
454 1290 553 1373 ψυχικὴ
571 1292 605 1349 δι’
627 1290 708 1361 αὑτὴν
723 1290 753 1349 διν
769 1289 810 1361 εἴη
829 1286 928 1367 αἱρετὴν
964 1280 1094 1360 ὑπεροχὴν
1106 1278 1201 1354 δμοίως
1219 1278 1368 1359 φερόμεναι·
1383 1276 1554 1356 στοχάζονται
1579 1273 1606 1333 δὲ
1630 1274 1675 1333 καὶ
1686 1278 1738 1332 τῶν

145 1384 190 1443 καὶ
204 1382 309 1461 ἀγαθάν.
325 1383 424 1460 Ψυχῆς
435 1379 458 1438 δ’
472 1380 539 1437 ἔστιν
554 1376 629 1457 ίσχθς
642 1377 747 1456 ἀνδρεία
762 1378 806 1435 καὶ
822 1398 917 1454 καρτε-
964 1372 1050 1430 ἄλλων
1065 1374 1166 1448 πρῶτον
1185 1367 1233 1443 μὲν
1246 1371 1281 1433 ὡς
1291 1366 1491 1444 διαυθαιρέτων,
1505 1362 1584 1421 ἔπειθ’
1596 1365 1632 1430 ὡς
1644 1362 1739 1443 χρησί-

147 1473 205 1548 ρία,
225 1470 367 1548 εὐρώστους
392 1468 438 1537 τθις
462 1467 548 1548 ψυχάς
568 1466 807 1533 κατασκευάζουσα·
831 1463 919 1539 διόπερ
965 1481 1021 1535 μων
1030 1456 1093 1537 πρός
1103 1480 1131 1513 τε
1140 1456 1184 1515 τὸν
1197 1452 1329 1514 πολιτικὸν
1343 1453 1388 1510 καὶ
1397 1452 1439 1510 τθν
1452 1450 1600 1509 κοινωνικὸν
1617 1452 1740 1535 βίογ,καὶ

147 1558 179 1615 ἀν
193 1558 232 1628 εἴη
246 1556 317 1627 καὶὴ
331 1556 434 1635 ἀνδρεία
449 1556 481 1611 δι’
498 1555 579 1624 αὑτὴν
592 1552 681 1629 αίρετλ
692 1552 736 1610 καί
751 1555 767 1622 ἡ
780 1551 917 1630 καρτερία.
966 1546 997 1615 δὴ
1009 1545 1054 1604 καί
1075 1545 1139 1620 πρὸς
1153 1542 1195 1601 τθν
1210 1541 1377 1620 θεωρητικόν.
1392 1542 1621 1618 Παραμετρεῖσθαι
1633 1538 1684 1617 γάρ
1696 1539 1740 1598 τθν

148 1643 224 1705 lteri
238 1645 267 1703 τὸ
278 1643 402 1720 ἀνάλογον
417 1644 440 1699 τί
455 1639 484 1699 τδ
497 1640 590 1707 κάλλος
607 1640 636 1701 τὸ
646 1637 796 1714 σωματικὸν
806 1639 840 1696 δι’
856 1636 920 1695 αύτθ
968 1633 1024 1710 βίον
1042 1639 1098 1697 τοῖς
1111 1632 1256 1695 πολιτικοῖς
1271 1628 1316 1686 κσὶ
1328 1636 1384 1693 τοῖς
1397 1633 1558 1691 κοινωνικαῖς
1573 1624 1683 1703 πράξεσι
1695 1626 1739 1684 καί

147 1730 260 1810 αἱρετὸν,
277 1730 368 1787 καὶτὸ
389 1732 435 1799 τῇς
458 1731 542 1808 ψυχῆς
565 1727 659 1793 κάλλος
679 1726 718 1797 εἴη
742 1726 772 1783 ἂν
794 1723 826 1784 δι’
854 1724 920 1782 ciro
965 1726 1022 1784 ταῖς
1044 1720 1222 1795 θεωρητικαῖς.
1265 1716 1306 1775 Οὔ
1327 1714 1378 1793 γάρ
1394 1713 1516 1795 φίλαυτον
1532 1702 1599 1770 εἶναι
1613 1712 1661 1782 τὴν
1677 1715 1739 1791 ἀρε-

147 1820 257 1897 «iperii,
271 1819 365 1883 κάλλος
387 1818 413 1874 δὲ
433 1820 519 1895 ψυχῆς
533 1818 602 1873 ἐστιν
617 1818 633 1885 ἡ
648 1814 815 1887 δικαιοσύνη,
828 1812 857 1872 τὸ
870 1812 921 1892 γθιρ
965 1806 1012 1879 τὴν
1034 1806 1104 1865 κατθι
1116 1802 1163 1876 τὴν
1179 1804 1277 1884 αἵρεσιν
1299 1803 1415 1879 ταύτην,
1436 1801 1504 1862 ἀλλὰ
1529 1800 1680 1871 κοινωνικὴν
1694 1801 1742 1858 καί

149 1908 228 1984 μηθὲν
248 1907 345 1965 ἀδικεῖν
359 1905 402 1963 καί
420 1902 513 1969 καλοὺς
527 1906 597 1979 ἡμᾶς
610 1909 678 1963 ποιεῖ
692 1900 743 1960 ²³⁰.
965 1894 1110 1965 πολιτικήν.
1161 1892 1270 1959 Τούτοις
1281 1893 1304 1950 δ’
1320 1891 1466 1956 ἀκολούθως
1477 1891 1522 1949 καλ
1538 1890 1585 1954 τὰς
1599 1890 1679 1966 μονάς
1694 1891 1743 1955 τάς

966 1985 992 2042 ἐν
1006 1985 1044 2061 τῷ
1059 1984 1106 2053 ζῆν
1121 1984 1344 2059 παραμετρεῖσθαι
1353 1981 1414 2045 ’ταῖς
1429 1986 1590 2043 κοινωνικαῖς
1603 1978 1648 2036 καί
1662 1979 1741 2037 πολι-

178 2066 231 2113 ὀτι
240 2063 269 2112 τὰ
278 2062 330 2127 τρία
346 2062 400 2123 γένη
411 2066 458 2108 τῶν
476 2062 582 2122 ἀγαθῶν,
596 2060 626 2108 τὰ
635 2060 687 2121 περὶ
705 2059 814 2123 σώματα,
828 2058 858 2107 τίς
872 2060 922 2121 itiii
967 2076 1050 2135 τικαῐς
1063 2068 1108 2127 καὶ
1125 2074 1294 2149 θεωρητικαῖς
1313 2068 1437 2147 πράξεσι,
1455 2067 1500 2126 καί
1520 2066 1566 2134 sd<
1589 2066 1699 2147 ἀφόδους
1712 2067 1744 2123 ίκ

148 2143 233 2204 ψυχήν.
249 2141 279 2189 τὰ
294 2140 370 2200 ἐκτός,
384 2139 507 2200 ἀναλογίαν
518 2139 574 2201 πρὸς
587 2138 675 2195 ἄλληλα
684 2139 743 2201 ἔχει,
753 2136 829 2187 καίτοι
844 2137 922 2200 diupi·
966 2161 1018 2215 τῶν
1040 2156 1172 2216 γναπγω.
1214 2155 1325 2226 Ἐπε,χχ
1349 2155 1402 2235 ,χρ
1429 2154 1493 2234 πρὸ,
1521 2152 1616 2224 ἐρωὴ,
1643 2155 1742 2233 ᾠκεῶ,

100 2264 104 2276 ·
149 2229 225 2277 Wm'
967 2250 1027 2303 σθαι
1049 2244 1164 2321 μάλιστα
1179 2243 1284 2302 πάντων
1306 2243 1404 2323 ἔφαμεν
1419 2242 1471 2315 τὴν
1485 2242 1598 2321 ἀρετήν,
1615 2242 1691 2314 δῆλον
1705 2246 1740 2308 ὡς

149 2344 201 2402 Τὸν
215 2330 397 2418 παραπλήσιον
418 2326 516 2396 δἐἶναι
531 2334 664 2413 λόγονκαὶ
680 2335 722 2394 ἐπὶ
739 2338 789 2393 τῶν
806 2338 922 2415 ἀρετῶν,
967 2332 1012 2390 καὶ
1036 2330 1099 2411 πρὸς
1119 2330 1166 2401 τὴν
1199 2334 1246 2401 τῇς
1268 2330 1389 2403 ἀληθείας
1424 2330 1571 2405 ἐπιστήμην
1596 2330 1743 2408 ἀναγκαίως

150 2430 193 2488 int
212 2427 242 2486 τὸ
263 2429 345 2485 δοκεῖν
367 2427 399 2484 τά
413 2426 472 2504 τρία
487 2424 549 2502 γένη
564 2428 614 2482 τῶν
631 2426 781 2501 ἀγαθῶνέκ
800 2425 923 2497 πλείστης
968 2420 1113 2499 ᾦκσιῶσθοιι
1126 2421 1239 2499 φυσικῶς
1254 2419 1343 2490 οὖσάν·
1357 2416 1424 2477 ὅσοι
1439 2418 1484 2476 καὶ
1497 2423 1550 2483 τοῖς
1566 2420 1652 2495 σοφοῖς
1666 2416 1744 2475 οὖλο-

150 2519 273 2593 crecope<
291 2518 337 2585 τῆς
356 2515 383 2570 ἐν
405 2511 527 2583 ἀλλήλοις
545 2510 616 2588 ὅμως
638 2508 708 2589 ἔχειν
729 2509 787 2570 τινδι
801 2511 863 2589 πρὸς
880 2511 924 2570 τὸν
967 2528 1012 2582 γοο
1030 2505 1160 2585 ίξοιγιογθν
1175 2509 1204 2563 θκ
1218 2512 1263 2564 τοῦ
1276 2510 1322 2576 ζῆν
1335 2511 1503 2582 θοιοροῖσθσι,
1519 2504 1563 2562 κοιὶ
1573 2506 1626 2571 τοῖς
1639 2508 1745 2585 σκύλοις

150 2604 225 2680 λόγον
237 2600 396 2678 ἀναλογίαν,
414 2600 445 2671 ἣν
460 2599 505 2657 καί
520 2598 551 2669 δὴ
573 2597 732 2678 πειράσομαι
746 2600 862 2669 δηλῶσαι
878 2622 925 2657 σα·
968 2593 1074 2671 εὔλογον
1087 2596 1113 2652 έν
1127 2599 1165 2673 τῷ
1175 2597 1221 2665 ζῇν
1237 2593 1327 2672 μονήν·
1341 2602 1395 2660 τοῖς
1404 2593 1456 2672 γάρ
1470 2594 1583 2651 ἐκτελεῖν
1595 2594 1746 2669 δυναμένοις

151 2693 213 2769 φῶς.
253 2686 341 2766 Ὅπερ
357 2689 402 2765 μὲν
416 2678 460 2745 οὗν
476 2688 501 2743 ἐν
515 2683 619 2761 σώματί
631 2708 714 2763 φαμεν
733 2683 839 2761 ὑγίειαν,
854 2689 923 2743 τοῦτ’
968 2678 1016 2745 τθις
1035 2678 1184 2745 κοινωνικδις
1197 2680 1243 2738 καὶ
1257 2678 1392 2745 πολιτικὰς
1406 2676 1511 2758 πράξεις
1525 2677 1571 2735 καί
1586 2677 1745 2757 θεωρητικός

151 2778 178 2832 ἐν
192 2780 224 2855 τῇ
238 2778 310 2855 ψυχῇ
334 2778 470 2833 καλεῖσθαι
490 2771 669 2851 σωφροσύνην,
694 2774 720 2831 έν
736 2772 763 2831 δέ
779 2781 832 2839 τοῖς
853 2772 925 2841 έκτδς
969 2769 1015 2827 καί
1036 2771 1088 2826 τῶν
1109 2766 1258 2825 σπουδαίων
1277 2766 1323 2824 καί
1337 2770 1389 2825 τῶν
1406 2765 1528 2845 φαύλων,
1546 2764 1650 2842 εύλογον
1664 2767 1691 2823 ίν
1705 2770 1745 2845 τῷ
1822 2800 1826 2810 ·

150 2866 276 2933 πλοῦτον,
294 2860 455 2939 περιστέλλει
472 2860 522 2941 γάρ
542 2858 576 2917 τθ
592 2859 677 2917 πολλὰ
691 2861 743 2915 τῶν
759 2857 920 2936 ἀμαρτημά-
970 2845 1096 2935 ζῇνείναι
1111 2854 1201 2930 μονήν·
1213 2862 1266 2921 τοῖς
1281 2853 1308 2913 δὲ
1324 2852 1362 2932 μὴ
1376 2852 1526 2931 δυναμένοις
1543 2852 1647 2928 εὔλογον
1657 2854 1687 2912 ίκ
1699 2860 1746 2913 τοῦ

150 2973 215 3010 των.
271 2946 348 3008 Κατθι
368 2953 442 3008 τοῦτο
459 2946 503 3023 δέ,
527 2946 591 3028 ὅπερ
613 2949 638 3006 iv
652 2950 689 3026 τῷ
709 2944 813 3019 σώματι
833 2946 923 3026 ἰσχύν,
970 2946 1017 3014 ζῆν
1032 2942 1200 3022 ἀπαλλαγήν.
1242 2941 1353 3014 Ἐπειδὴ
1369 2938 1409 2977 ²³⁷
1429 2940 1530 3017 μεγάλη
1552 2944 1598 3012 τῇς
1616 2942 1708 3022 ἀρετῆς
1723 2944 1748 3000 ἔ.

151 3039 222 3094 τοῦτ’
241 3037 267 3094 έν
280 3041 313 3115 τῇ
333 3039 404 3115 ψυχῇ
419 3034 466 3103 τὴν
481 3034 617 3113 ἀνδρείαν,
634 3036 659 3092 ἐν
680 3033 706 3091 δὲ
721 3033 773 3098 τοῖς
790 3033 861 3100 έκτθς
877 3033 925 3103 τὴν
972 3055 1028 3090 στιν
1041 3031 1157 3111 θπεροχὴ
1169 3030 1237 3090 κατά
1247 3055 1277 3091 τε
1287 3030 1317 3090 τδ
1327 3029 1474 3102 ποιητικόν,
1485 3029 1530 3087 καὶ
1546 3027 1614 3088 κατδι
1627 3030 1658 3089 τὸ
1671 3032 1744 3089 διαυ·

152 3121 245 3202 ἀρχήν·
257 3121 321 3202 ὅπερ
331 3124 353 3180 θ’
369 3125 394 3181 ἐν
406 3124 442 3201 τῷ
456 3121 559 3196 σώματι
576 3118 755 3192 εὖαισθησίαν,
765 3119 834 3178 τοῦτ’
849 3123 875 3180 ἐν
889 3125 921 3200 τῇ
971 3118 1086 3198 θαίρετσν
1095 3118 1209 3199 παράτθι
1219 3119 1356 3194 σωματικά
1366 3117 1412 3176 καί
1421 3118 1454 3176 sd
1464 3115 1557 3185 ἔξωθεν
1568 3116 1669 3195 ἀγαθά,
1678 3119 1747 3176 κατὰ

143 3316 356 3368 ·Putchritudinem
372 3295 436 3366 enim
451 3329 494 3379 per
516 3327 541 3364 ec
557 3315 671 3365 blandum
688 3315 745 3376 quid
762 3315 859 3376 tuebere,
872 3328 926 3378 per·
974 3315 1047 3364 robur
1057 3315 1118 3364 luter
1129 3315 1192 3363 hone
1201 3318 1348 3375 numeretur,
1359 3313 1435 3362 molto
1449 3312 1526 3374 magle
1535 3312 1610 3362 enimi
1622 3312 1696 3362 rohur
1709 3326 1750 3374 per

153 3405 261 3468 ¹spiceum
272 3413 320 3455 est.
336 3409 425 3455 omnes
435 3406 499 3454 certe
512 3405 598 3453 netum
613 3401 719 3466 pulchris
734 3405 805 3453 etism
817 3403 869 3453 eine
880 3404 928 3453 ullo
973 3416 1001 3452 se
1015 3403 1045 3452 sit
1058 3400 1219 3466 expetendum
1234 3404 1258 3450 ct
1270 3400 1369 3450 honum.
1384 3402 1504 3450 ceterum
1521 3399 1596 3448 enimi
1612 3400 1686 3448 robur
1700 3399 1748 3448 tor-

154 3505 199 3540 neu
213 3489 377 3550 conciliamur,
390 3488 508 3551 siquidem
522 3489 583 3540 benc
592 3490 623 3539 de
635 3489 664 3539 iis
676 3504 766 3540 merere
778 3491 855 3553 iisque
867 3491 929 3541 bene
973 3490 1051 3540 titudo
1058 3489 1086 3539 ct‘
1097 3490 1210 3552 peticnite
1221 3490 1271 3550 cst,
1283 3502 1338 3550 queo
1349 3487 1458 3537 mbustoe
1469 3486 1546 3537 reddit
1555 3487 1663 3549 euimos;
1675 3500 1750 3550 quere

155 3580 233 3630 iecere
241 3592 269 3627 cn
276 3579 371 3640 pimus,
386 3577 420 3626 ite
433 3581 460 3626 ut
473 3577 665 3628 benevolentium
679 3577 829 3639 pulchritudo
842 3578 883 3627 ille
895 3579 927 3640 gl·
973 3579 1022 3626 lem
1039 3577 1156 3626 tortitudo
1173 3590 1247 3638 quem
1260 3575 1375 3638 patientie
1388 3589 1432 3637 per
1446 3587 1472 3625 se
1482 3574 1514 3624 eit
1527 3575 1675 3638 expetendo.
1694 3575 1750 3624 Peri

155 3666 353 3730 quererideetur.
386 3667 546 3725 Quamobrem
557 3667 602 3720 hnc
613 3679 710 3729 qnoque
722 3668 813 3717 retione
825 3667 930 3731 pulchri·
974 3667 1066 3716 retioue
1083 3666 1104 3716 si
1122 3666 1232 3728 corporis
1252 3662 1403 3725 pulchritudo
1424 3677 1465 3726 per
1481 3676 1509 3712 se
1529 3663 1659 3725 expetitur,
1679 3664 1751 3715 simul

155 3754 215 3804 tudo
229 3766 243 3804 e
255 3753 325 3803 rebus
335 3766 376 3816 per
390 3766 416 3802 sc
430 3754 570 3816 expetendis
583 3756 638 3804 est:
655 3755 781 3817 turpitudo
792 3755 821 3802 ed
832 3768 871 3804 res
888 3768 930 3817 per
974 3753 1045 3804 etiem
1057 3752 1130 3802 enimi
1150 3751 1303 3815 pulchritudo
1319 3763 1363 3812 per
1374 3763 1401 3799 se
1413 3751 1545 3812 expetendo
1561 3752 1622 3812 erit;
1638 3753 1676 3801 est
1692 3766 1752 3804 nero

155 3855 182 3892 sc
196 3841 317 3902 iup'eudes
333 3841 443 3903 pertinet.
476 3844 559 3903 Neque
573 3841 619 3890 elie
629 3842 739 3892 sentietis
755 3847 778 3893 ct
788 3842 929 3903 morhl,ro·
974 3840 1048 3890 enimi
1062 3838 1215 3903 pulchritudo
1225 3837 1460 3901 justitie,quouiem
1471 3837 1530 3886 nihil
1540 3839 1628 3899 injuste
1642 3840 1751 3892 iecicudo

155 3929 221 3977 horis
233 3928 422 3988 etinhrmitetis,
437 3927 526 3990 pedum
537 3929 683 3989 pernicitatis
694 3935 719 3979 et
733 3923 861 3988 temnetis,
874 3941 930 3979 sen·
976 3927 1068 3990 pulchri
1083 3940 1179 3990 quoque
1189 3926 1331 3988 honestique
1344 3925 1453 3975 erimus!

157 4029 199 4064 sue
210 4016 293 4077 integri
307 4018 348 4065 eni
358 4015 441 4064 emissi
455 4016 516 4065 rutio
526 4018 574 4066 est.
590 4019 707 4077 Quocirce
719 4017 739 4067 si
749 4017 854 4081 corporis
868 4017 930 4066 bone

1005 4080 1061 4125 lito
1075 4079 1187 4126 θοιιοτιινιι
1196 4091 1283 4135 μεινεκε
1293 4081 1344 4122 tum
1355 4075 1531 4134 comoriensem
1545 4077 1637 4131 ocimi,
1651 4081 1702 4122 tom
1712 4089 1752 4122 ee-

977 4164 1056 4214 terno,
1065 4157 1173 4219 σιραοιυὶε
1187 4157 1279 4203 dicem
1287 4157 1348 4211 ciui,
1359 4160 1439 4201 θσυισιι
1451 4156 1553 4201 rationis
1571 4156 1753 4202 similitudinem

157 4194 203 4242 iilis
213 4193 335 4243 coutrerie
347 4196 403 4244 sunt
417 4207 459 4256 per
470 4207 496 4243 se
508 4193 636 4256 fugiende,
652 4193 725 4243 enimi
738 4207 836 4256 quoquc
850 4199 931 4257 peries
977 4241 1042 4284 χχ,
1053 4250 1076 4282 u
1087 4238 1180 4282 ,mm

158 4295 288 4345 cerumque
297 4287 321 4333 ei
334 4285 407 4333 totius
419 4284 491 4333 enimi
502 4283 602 4333 virtutes
611 4297 709 4334 necesse
718 4289 756 4333 est
764 4281 850 4334 eudem
861 4283 933 4333 modo

158 4370 343 4432 perseexpeii.
385 4373 494 4432 Namque
507 4383 521 4418 e
535 4371 793 4433 corporisetextemis
810 4371 877 4420 horris
890 4370 932 4420 ini·
977 4371 1177 4434 similisquoque
1191 4370 1308 4419 virtutum
1324 4369 1387 4418 rutio
1400 4371 1450 4425 est.
1474 4381 1550 4431 quum
1570 4367 1616 4418 trie
1635 4366 1755 4419 honorum

53 4457 58 4468 ⁴
158 4458 219 4505 tium
235 4471 346 4519 sumens,
361 4459 389 4506 ut
401 4459 567 4519 ostendimus,
589 4458 680 4518 virtus,
690 4464 762 4521 etque
772 4459 801 4507 ed
818 4472 844 4508 se
858 4460 933 4520 ipsam
979 4472 1066 4522 genere
1081 4459 1105 4507 in
1117 4459 1223 4508 maximo
1241 4456 1305 4519 quod
1319 4456 1382 4506 inter
1393 4456 1486 4518 singule
1498 4459 1537 4507 eet
1549 4456 1701 4517 discrimine,
1716 4458 1754 4505 te-
1774 4514 1777 4517 ,

159 4556 272 4594 converse
286 4545 417 4605 ridensque
434 4559 461 4594 ee
486 4559 541 4608 qum
561 4547 590 4595 ed
607 4546 713 4595 animum
728 4547 834 4607 spectent
857 4547 933 4595 multo
981 4559 1036 4595 men
1049 4545 1171 4608 quendem
1182 4557 1238 4594 cum
1250 4544 1343 4595 retioue
1353 4543 1554 4594 necessitudinem
1565 4543 1652 4594 hebere
1661 4543 1756 4596 videsn-

160 4625 234 4693 megin
255 4632 299 4682 nihi
315 4633 444 4682 convenire
456 4647 527 4695 quum
544 4634 653 4695 corporis
672 4635 735 4682 hone
751 4648 758 4682 ε
774 4633 806 4682 ite
820 4633 866 4682 sihi
884 4633 935 4695 ipse
980 4636 1031 4694 tur,
1043 4645 1116 4695 quem
1139 4632 1246 4682 dilucide
1266 4631 1385 4692 explicere
1397 4630 1504 4680 niuno.
1553 4631 1623 4688 Quod
1644 4630 1717 4692 igitur
1731 4631 1756 4680 in

159 4719 308 4781 concilietur,
324 4722 351 4769 ut
361 4732 402 4781 per
412 4733 439 4770 se
450 4720 572 4783 eligendo,
583 4723 607 4770 ct
621 4721 696 4782 magis
707 4721 803 4782 quidem
816 4720 866 4783 ipre
879 4720 933 4781 sihi,
981 4733 1081 4783 corpore
1095 4719 1198 4785 dicimus
1216 4720 1364 4779 equitatem,
1384 4717 1409 4766 ld
1429 4717 1454 4766 in
1477 4707 1558 4766 mimo
1574 4718 1757 4779 temperantiam

159 4819 232 4867 quiem
249 4807 357 4870 corporis
377 4807 524 4868 virtutihus,
550 4811 578 4857 ut
596 4807 656 4857 odeo
676 4809 751 4858 multo
772 4809 937 4858 honoratiores
982 4807 1062 4858 soceri
1072 4807 1153 4869 ajunt,
1166 4807 1190 4856 in
1200 4806 1304 4856 externis
1314 4807 1395 4855 ιιυίειιν
1403 4803 1508 4866 diritius,
1516 4805 1606 4867 quippo
1616 4817 1671 4866 quur
1680 4805 1758 4853 multe

159 4893 292 4942 eiuteuiml
305 4895 416 4946 virtutes.
435 4897 564 4945 Enimvero
579 4895 702 4945 hocetiem
712 4910 742 4945 ex
754 4896 783 4944 iis
798 4908 853 4958 quse
866 4902 936 4945 entes
983 4898 1080 4959 pecmte
1095 4896 1184 4957 tegent.
1201 4893 1311 4955 tteqnod
1323 4893 1348 4941 in
1361 4905 1463 4954 corpore
1478 4892 1560 4953 robor,
1571 4892 1595 4941 in
1608 4893 1689 4941 enimc
1702 4905 1758 4943 esso

161 4981 281 5042 persecuti
295 4994 380 5031 sumus
395 4983 465 5032 tecilc
483 4983 535 5045 quis
553 4984 680 5044 collegerit.
705 4983 799 5033 Etenim
811 4984 832 5033 si
851 4996 936 5046 corpo·
983 4983 1165 5044 tortitudinem,
1188 4982 1214 5030 iu
1229 4980 1333 5030 extemis
1352 4980 1494 5041 imperium
1520 4980 1585 5042 qood
1607 4980 1631 5029 ln
1655 4992 1758 5043 corpore

159 5068 195 5116 ris
210 5063 300 5118 senltue'
314 5082 357 5130 per
369 5083 396 5120 se
408 5071 511 5122 hebetur
523 5071 670 5132 expetenda,
685 5071 761 5120 multo
776 5072 848 5121 etiem
861 5072 937 5134 magis
982 5085 1096 5122 sensuum
1108 5068 1241 5131 integritas,
1253 5070 1276 5118 in
1285 5068 1366 5117 enimo
1376 5079 1428 5117 csse
1440 5067 1601 5130 prudentium,
1615 5068 1640 5117 io
1653 5069 1759 5119 extemis

162 5155 237 5204 enimi
251 5168 257 5201 ι
271 5159 310 5206 cst
331 5160 412 5208 etitem
432 5159 613 5208 enimisenitns
630 5159 800 5222 temperentia,
814 5173 868 5223 qum
885 5173 938 5222 per·
983 5158 1133 5218 felicitatem
1146 5156 1251 5218 denique
1263 5156 1328 5218 quod
1351 5156 1376 5206 in
1396 5168 1497 5219 corporo
1513 5154 1678 5219 pulchritudo,
1694 5155 1719 5203 id
1734 5156 1759 5204 in

163 5242 330 5293 turbationum
356 5245 518 5308 magnitudine
541 5258 584 5295 uos
603 5245 694 5296 liberet.
745 5249 775 5296 lit
795 5247 814 5296 si
831 5247 938 5311 corporis
985 5244 1273 5308 enimoesscjustitiem,
1286 5245 1310 5295 iu
1324 5246 1429 5298 extemis
1438 5243 1654 5307 cnidumedeo
1669 5246 1696 5293 ut
1714 5244 1760 5293 trie
