3959 5925
750 390 917 454 TIMAEUS
937 395 1141 459 Platonis,
1699 406 1753 459 tili

143 530 218 579 modo
229 541 260 578 en
272 524 367 589 gemina
389 522 535 584 bilormique
552 523 639 571 natura
653 539 661 570 ι
682 522 770 585 quippe
789 523 858 586 cujus
873 537 929 586 pars
972 527 1096 590 complens
1112 541 1119 575 τ
1133 539 1182 588 quo
1191 525 1285 589 singula
1301 527 1425 576 intervalia
1439 525 1501 575 binis
1513 526 1679 576 medietatibus
1690 526 1757 577 inici·

144 617 222 677 idern,
245 627 302 680 parv
325 613 450 664 diversum
469 610 572 660 vocatur
593 628 600 656 ι
621 609 722 661 tertiam
741 611 835 661 natante
854 625 929 674 genus
974 617 1067 666 rentur.
1083 613 1240 666 ldedietatum
1249 614 1413 678 porroaitera,
1423 617 1497 678 quota
1507 617 1574 677 parte
1582 615 1663 664 limitis
1673 615 1757 665 extimi

142 705 296 754 commentus
313 701 352 751 est
364 719 371 751 ς
384 699 450 763 quod
470 698 578 749 medium
591 699 690 750 locavit
703 700 766 751 inter
778 702 928 753 individuum
973 702 1125 766 prvecellebat
1134 715 1210 752 unum
1224 703 1341 752 extimum
1352 702 1462 764 limitem,
1474 703 1525 752 iota
1536 702 1716 766 praecellebatur
1727 702 1758 752 ab

142 795 169 844 et
187 792 245 842 item
258 791 285 840 in
305 788 473 851 coniugatione
486 799 602 868 corporea
616 787 741 839 dividuam
752 789 925 841 substantiam.
973 791 1021 841 allo
1031 793 1121 842 estimo
1135 791 1219 841 limite.
1252 792 1333 841 Altera
1348 791 1399 852 pari
1412 803 1520 850 somma,
1534 793 1558 838 et
1569 789 1656 852 aequaii
1669 789 1699 839 ad
1714 802 1758 839 nu·

145 880 202 931 rm
214 879 267 929 baec
278 878 359 927 omnia
373 877 399 927 in
414 889 489 926 unam
500 878 643 940 permiscuit
655 877 878 941 speciean,diversa
889 881 929 931 ilia
974 893 1069 930 merum
1092 879 1178 942 modo,
1196 879 1395 942 prmcelicbat,et
1414 878 1597 942 prmcellebatur
1610 877 1641 926 ab
1653 878 1757 927 extimis.

142 968 231 1016 natura
242 963 389 1016 concoctioni
399 966 470 1027 atque
486 963 628 1014 adunationi
644 977 760 1026 generum
772 968 928 1030 repugnante.
974 969 1042 1018 listis
1058 969 1137 1032 itaque
1148 967 1264 1018 limitibus
1274 967 1487 1032 sescuplorum,et
1498 968 1557 1017 ilem
1566 979 1659 1027 eorum,
1670 965 1759 1028 quibus

141 1054 240 1113 Quibus
252 1066 308 1104 cum
322 1052 457 1102 substantia
469 1052 551 1102 natatis
564 1055 589 1101 ct
602 1054 723 1104 extribus
736 1055 760 1104 in
774 1067 850 1104 unum
861 1055 928 1106 reda·
974 1056 1067 1106 accedit
1081 1069 1136 1118 pars
1153 1055 1190 1106 sui
1205 1057 1285 1117 tertia,
1295 1055 1361 1119 qnod
1374 1068 1450 1118 genus
1463 1069 1477 1103 a
1490 1055 1580 1105 Grecis
1594 1055 1707 1120 ἐπίτριτος
1720 1054 1757 1104 di·

142 1141 191 1191 ctis
204 1155 212 1189 2
227 1153 323 1189 mrsum
342 1140 421 1188 totum
434 1138 482 1188 boc
494 1151 569 1188 unum
587 1137 669 1190 divisit
689 1139 714 1190 in
733 1141 814 1203 partes
831 1153 929 1204 compe·
973 1145 1117 1207 citur;item
1138 1157 1235 1205 eorum,
1247 1144 1335 1207 quibus
1354 1143 1446 1194 accedit
1460 1155 1516 1205 pars
1536 1143 1573 1192 aui
1593 1145 1679 1194 octava
1693 1157 1701 1192 ε
1717 1144 1758 1206 qui

143 1232 224 1280 tenter
238 1249 246 1281 ι
261 1241 312 1292 qno
328 1227 429 1290 singulae
445 1229 525 1290 partes
536 1229 674 1279 comtarent
686 1241 718 1278 ex
731 1230 881 1292 substantia,
891 1230 929 1280 dt·
974 1245 1090 1282 uumerus
1110 1231 1141 1281 ab
1164 1231 1255 1283 eisdem
1276 1231 1387 1294 ἐπόγδοος
1407 1233 1507 1281 vocatur
1523 1251 1530 1280 ε
1550 1245 1579 1281 ex
1602 1231 1638 1281 lris
1658 1231 1760 1282 nexibus

143 1319 209 1368 versi
222 1317 318 1368 etitem
331 1315 385 1376 eius
404 1315 470 1378 quod
489 1315 553 1365 idem
568 1329 597 1366 er
611 1318 705 1378 gemina
719 1320 805 1366 uatrrra
823 1319 929 1369 vocatur.
975 1317 1015 1368 illa
1043 1319 1120 1383 prima
1140 1319 1230 1382 spatia,
1248 1319 1272 1368 id
1298 1321 1334 1369 ost
1358 1318 1473 1381 epogdoi,
1501 1319 1584 1381 spatiis
1609 1319 1759 1381 epitritorum

145 1408 293 1459 Diuisionem
310 1407 446 1456 instaurans
462 1407 578 1456 bacteans
595 1420 696 1458 cunam·
708 1409 812 1471 sumpsit
828 1423 860 1460 ex
874 1412 930 1460 nni-
974 1407 1083 1456 omnium
1094 1407 1222 1456 intervalia
1236 1406 1372 1470 complebat
1385 1421 1391 1454 :
1404 1408 1438 1457 ita
1450 1409 1477 1455 ut
1488 1406 1517 1456 ad
1532 1407 1661 1470 perlectam
1672 1419 1758 1456 cumra-

145 1509 216 1545 verso
228 1494 339 1558 primitus
352 1494 486 1556 portionem
496 1509 504 1543 ι
513 1499 649 1556 postquam
660 1495 715 1558 eius
724 1495 846 1559 duplicem
856 1510 929 1560 quarn
974 1494 1097 1559 latamque
1111 1494 1295 1559 completionem
1320 1493 1415 1544 deesset
1428 1493 1518 1558 aliquid
1539 1495 1643 1558 epitrito,
1664 1497 1759 1544 tantum

146 1587 293 1649 sumpserat.
325 1585 431 1636 Tertiam
450 1598 508 1635 rem
529 1585 665 1648 sescuplam
683 1587 780 1650 quidem
793 1589 929 1639 mcundm:
975 1581 1066 1632 scilicet
1077 1585 1195 1644 qnantum
1206 1581 1273 1633 deest
1284 1581 1366 1631 babila
1383 1581 1561 1644 comparatione
1575 1581 1685 1631 ducentis
1698 1594 1760 1643 qua-

146 1673 242 1735 triplam
252 1686 311 1724 vero
321 1673 434 1737 primitus
442 1674 555 1735 sumptae.
587 1675 932 1740 Atvemquartam,sumpsit
975 1670 1085 1732 draginta
1101 1669 1180 1720 tribus
1198 1671 1313 1720 aduersus
1325 1670 1442 1720 ducentos
1463 1671 1636 1732 qulnquaginta
1648 1683 1698 1720 sex.
1733 1672 1762 1721 lit

144 1763 269 1826 duplicem
282 1761 404 1813 meando.
438 1762 555 1820 Quintam
568 1761 665 1827 triplam
679 1765 766 1814 tectim.
798 1767 871 1816 seim
887 1766 933 1815 tuit
974 1761 1025 1821 jam
1038 1760 1086 1810 lere
1096 1759 1255 1808 commistam
1271 1770 1344 1808 omns
1356 1757 1414 1807 illud
1425 1771 1501 1820 ganas
1512 1757 1638 1816 essentie,
1651 1771 1760 1808 consum·

147 1851 296 1913 assumptio,
313 1851 423 1923 partibas
445 1852 551 1914 septem,
572 1863 646 1914 quarn
669 1852 761 1915 prima,
780 1854 930 1916 propensior.
978 1851 1047 1911 ptum
1061 1849 1112 1899 erat
1126 1847 1293 1910 hujuscemodi
1309 1846 1454 1898 sectionibus
1470 1847 1583 1910 partium.
1616 1850 1685 1898 Tunc
1699 1849 1761 1898 bana

143 1939 251 2001 septima
272 1951 314 1988 sea
338 1937 364 1988 'et
382 1938 465 2001 viputi
490 1939 612 2003 partibus,
635 1954 707 2006 quam
730 1941 823 2004 prima,
844 1943 930 2004 maior.
976 1938 1054 2002 ipsam
1070 1938 1155 1988 seriem
1167 1937 1192 1988 iu
1205 1937 1302 2001 longum
1317 1938 1402 2000 secuit,
1417 1939 1441 1987 et
1455 1951 1484 1986 ex
1495 1950 1542 1986 una
1554 1936 1613 1986 serie
1625 1935 1685 1986 duas
1696 1937 1760 1999 iecit,

144 2025 242 2082 Quibus
255 2023 395 2085 indivisis,
411 2027 585 2088 comaquenter
596 2027 731 2090 complebat
746 2027 873 2078 intervalia
885 2029 931 2078 du·
977 2039 1067 2090 easque
1078 2025 1181 2077 mediam
1198 2025 1293 2086 mediae,
1306 2025 1332 2074 in
1347 2024 1450 2088 speciem
1465 2043 1482 2088 i.
1494 2037 1579 2088 grecae
1596 2024 1678 2086 literar,
1693 2036 1761 2074 coar·

147 2111 214 2174 plicis
226 2114 251 2162 et
261 2111 362 2175 triplicis
372 2112 527 2176 quantitatis,
540 2127 570 2162 ex
583 2115 739 2166 universitate
751 2119 833 2178 partes
846 2129 931 2166 sacam
977 2114 1054 2165 ctavit
1068 2129 1075 2164 2
1087 2115 1243 2178 curvaritqne
1266 2114 1291 2164 ia
1311 2114 1381 2164 orbas
1395 2115 1475 2177 quoad
1490 2114 1582 2165 coirent
1594 2113 1657 2164 inter
1675 2127 1701 2164 se
1720 2126 1761 2164 ca·

145 2201 221 2250 etiam
244 2212 311 2250 nuno
332 2219 339 2248 ς
359 2200 385 2250 et
404 2213 433 2250 rs
459 2184 497 2249 bis
517 2200 626 2263 partibus
650 2201 831 2252 intervallorum
855 2203 932 2266 spatia
979 2203 1762 2270 plta;orbemqueorblsicinterseruit,utaitareorumndverso,

145 2374 287 2452 σώματος,
307 2380 343 2444 ὡς
359 2375 480 2436 δεσπότιν
493 2377 539 2435 οιαὶ
555 2376 684 2456 ἄρξουσαν
701 2377 857 2458 ἀρξομένου,
873 2377 933 2446 ξυν-
979 2405 1040 2455 της,
1055 2381 1183 2462 τετάρτην
1204 2380 1232 2442 δὲ
1252 2386 1298 2454 τῆς
1324 2382 1444 2459 δευτέρας
1467 2383 1571 2456 διπλῆν,
1585 2380 1711 2457 πέμπτην
1734 2381 1762 2440 δέ

146 2464 279 2536 ποιήσατο
293 2467 322 2524 ἐκ
335 2464 418 2526 τῶνδέ
432 2489 462 2526 τε
476 2466 522 2524 καλ
535 2466 628 2545 τοιῷδε
633 2465 742 2545 .τρέπιρ.
978 2470 1138 2548 τριπλῆν”’
1105 2493 1152 2542 της
1168 2469 1270 2547 τρίτης,
1284 2468 1332 2538 τὴν
1353 2471 1376 2526 δ’
1391 2467 1523 2540 ἕκτην”
1491 2493 1537 2539 της
1558 2471 1664 2547 πρώτης
1682 2472 1761 2527 ὀκτα-

188 2556 271 2616 xlx
294 2557 352 2626 Τῆς
364 2553 508 2633 ἀμερίστου
520 2554 566 2612 καλ
581 2554 623 2612 αἰελ
637 2555 707 2613 κατὰ
720 2553 805 2612 ταθτθ
819 2554 931 2636 ἐχούσης
978 2557 1106 2628 πλατέαν,
1145 2554 1261 2633 έθδόμην
1297 2554 1324 2613 δὲ
1360 2555 1679 2615 ἑπτακαιεικοσαπλασίαν
1716 2559 1763 2627 τίῑς

70 2672 74 2678 ·
146 2642 237 2711 οθσίας
250 2642 344 2703 καί
310 2667 358 2714 της
377 2634 411 2702 au
424 2666 485 2720 περι
474 2640 579 2701 nir
547 2665 663 2720 σωματα
675 2642 830 2722 γιγνομενης
855 2667 932 2756 μερι-
978 2644 1094 2724 πρώτης.
1120 2643 1224 2705 Μιτθιδ
1210 2643 1342 2706 isauro.
1350 2643 1510 2722 ξυνιπλη
1480 2667 1540 2702 ουτο
1550 2643 1762 2703 τατιδιπλασια

151 2734 280 2814 στῆς,τρ
248 2731 335 2790 τίτον
350 2730 406 2801 ἐξ’
391 2731 488 2810 αμροῖν
504 2730 579 2789 ἐν’
545 2754 619 2807 μεσω
637 2729 870 2810 ξυνεκερσίσατο’
845 2733 934 2800 ουσίας
977 2756 1024 2791 και
1014 2731 1182 2813 τριπλάσια
1206 2733 1394 2807 διαστήματα,
1408 2732 1501 2842 μοίρας
1515 2730 1566 2843 gna
1577 2733 1673 2790 έκεῖθεν
1692 2735 1762 2790 σἰπο·

148 2809 187 2876 sii
173 2819 229 2891 δας
243 2843 291 2890 της
307 2843 336 2878 τε
356 2820 450 2878 ταθτου
466 2819 594 2900 φύσεωςα
627 2841 687 2896 περι
698 2819 787 2877 καὶ
755 2843 802 2893 ιτς
815 2819 933 2899 θατέρου,
978 2823 1081 2898 τεμνων
1091 2820 1186 2880 καὶ
1147 2845 1171 2878 τι
1173 2818 1223 2886 asle
1237 2819 1305 2889 είς
1281 2843 1311 2880 το
1322 2818 1470 2897 μεταξυ
1427 2843 1535 2893 τουτυιν,
1546 2815 1615 2878 mora
1623 2821 1649 2877 ἐν
1659 2817 1763 2899 έκαστιρ

51 2986 56 2993 .
149 2930 195 2967 και
184 2904 279 2966 κατθι
299 2931 386 2966 ταυτα
404 2905 557 2980 ξυνέστησεν
579 2910 607 2967 ἐν
628 2904 702 2987 μέσῳ
716 2911 762 2966 τοῦ
778 2929 807 2966 τε
823 2909 934 2987 θμερονις
981 2909 1172 2989 διαστήματι
1158 2908 1203 2969 odo
1219 2898 1285 2968 εἶναι
1299 2907 1455 2985 μεσότητας,
1468 2905 1515 2980 τὴν
1527 2906 1575 2981 μὲν
1587 2908 1652 2967 ταθτ
1654 2911 1675 2989 ῷ
1688 2907 1760 2988 μέρει

150 2998 235 3054 αθτῶν
250 2995 296 3054 καί
309 3001 418 3055 τοῦκα·
403 2994 532 3056 τ’θτθ
497 3020 612 3074 σωματα
625 3000 760 3075 μεριστοῦ.
803 2995 859 3056 Και
872 2996 933 3076 τρία
978 3022 1031 3058 των
1047 2998 1135 3078 ἄκρων
1146 2999 1232 3059 αθτων
1244 2995 1423 3075 ὑπερέχουσαν
1437 3018 1483 3053 και
1473 2995 1548 3053 dire
1550 2998 1703 3075 εχομέντν,
1715 2994 1791 3069 τὴν

149 3081 240 3141 λαθὼν
255 3084 323 3142 adsis
337 3083 401 3143 ὄντα
412 3107 589 3164 συνεκερασα
577 3108 606 3143 το
622 3083 705 3150 εἰς’
673 3108 737 3161 μιαν
750 3084 838 3144 ταντα
849 3084 932 3162 ἰδέαν,
980 3086 1003 3145 δ’
1018 3086 1067 3167 ίσῳ
1086 3085 1134 3164 μέν
1156 3109 1208 3145 κατ
1207 3084 1340 3166 ’ἀριθμὸν
1357 3082 1550 3163 ὑπερέχουσαν,
1564 3082 1643 3163 έσιρδ
1629 3084 1763 3163 δρέθπεε·

101 3206 105 3213 -
150 3170 196 3283 πέμ
211 3172 321 3252 θατέρου
336 3196 413 3254 quoru
432 3161 618 3248 δυσμικτον
587 3195 667 3230 ουσαν
680 3174 717 3238 είς
730 3170 824 3231 ταύτὸν
842 3171 933 3253 ξυναρ-
958 3174 1106 3285 ρχομένην.
1151 3171 1299 3283 Ἦμιολέων
1323 3172 1350 3231 δέ
1374 3171 1536 3233 διαστάσεων
1557 3142 1605 3231 καί
1625 3174 1763 3254 ἐπιτρίτων

148 3260 253 3336 μόττων
269 3260 324 3344 βίρ.
369 3259 471 3338 liqui<
483 3260 511 3319 δέ
523 3259 634 3335 μετδι
601 3285 648 3332 της
657 3284 747 3328 ουσιας
758 3261 804 3319 καλ
814 3264 844 3321 ἐκ
854 3284 934 3341 τριοιν
979 3264 1026 3321 καί
1045 3262 1176 3341 ἐπογδόων
1199 3260 1347 3343 γενομένων
1368 3262 1398 3319 ἐν
1418 3261 1516 3319 τούτων
1536 3263 1588 3319 τῶν
1612 3262 1716 3338 δεσμῶν
1736 3263 1763 3320 έν

149 3347 326 3425 ποιησάμενος
337 3347 364 3409 έν
376 3349 458 3410 πάλιν
470 3348 530 3409 ὅλον
544 3353 623 3407 τοῦτο
637 3349 730 3429 μοίρας
742 3348 805 3414 ὅσας
816 3352 933 3431 προσῆκε
979 3358 1037 3418 ταῖς
1051 3351 1119 3431 πρόσ
1121 3350 1382 3426 θεδιασιοίσεσι,”
1346 3372 1385 3429 τῳ
1402 3372 1448 3409 του
1431 3350 1590 3427 Ἵπογδοόυ
1604 3347 1764 3425 διαστήματι

148 3435 285 3513 διένειμεν,
306 3436 420 3509 ίιιοίστην
440 3436 468 3495 δέ
491 3436 522 3496 ἔτι
539 3459 568 3495 τε
589 3436 746 3495 ταθτοῢιιαὶ
767 3436 935 3517 θατέρουκαὶ
979 3438 1015 3497 τθι
1030 3440 1149 3551 ἐπίτριτα
1166 3439 1254 3500 πάντα
1268 3438 1397 3519 ξυνιπληρ
1398 3442 1471 3511 οῦτο,
1485 3437 1582 3497 λείπων
1598 3440 1683 3498 αὐτῶν
1700 3438 1764 3496 ἐκοί-

151 3546 198 3594 της
221 3523 309 3591 οὐσίας
331 3524 508 3602 μεμιγμένην.
550 3520 670 3604 Ηρχετο
687 3524 720 3585 δέ
739 3526 847 3604 διαιρεῖν
870 3518 933 3586 ιῖιδε.
980 3551 1044 3587 στου
1066 3530 1167 3609 μόριον,
1183 3534 1230 3603 τῆς
1243 3532 1288 3587 τοῦ
1304 3551 1354 3608 μορ
1356 3527 1395 3587 ίου
1410 3527 1506 3598 ταύτη
1529 3526 1738 3594 διαστάσεως
1709 3527 1765 3583 λει-

115 3633 120 3641 ·
152 3611 224 3670 Μίαν
240 3611 370 3690 α’ρεῖλε
346 3634 377 3670 το
394 3615 498 3691 πρῶτον
518 3612 571 3672 ἀπὸ
589 3611 687 3683 παντὸς
709 3620 813 3689 μοῖραν,
827 3613 895 3689 μετθι
907 3612 936 3671 δε
981 3618 1039 3698 qu'
1031 3642 1088 3689 ισης
1103 3622 1214 3697 ἀριθμοῦ
1229 3618 1302 3727 πρὸς
1309 3618 1418 3697 ἀριθμὸν
1441 3614 1551 3695 ἐχούσης
1567 3613 1661 3682 τοθςδ
1663 3638 1719 3696 ρους
1737 3612 1765 3684 έξ

153 3697 254 3768 ταύτην
276 3698 370 3778 ἀφῄρει
391 3698 532 3757 διπλασίαν
555 3699 665 3772 ταύτης,
679 3699 766 3772 ιηνδ’
788 3691 821 3759 αυ
843 3702 933 3779 τρίτην
982 3728 1027 3764 και
1017 3706 1206 3815 πεντήιιρντα
1220 3706 1266 3764 καὶ
1288 3703 1425 3763 διακοσίων
1445 3702 1510 3811 πρὸς
1525 3702 1586 3781 τρία
1605 3703 1651 3761 καὶ
1670 3726 1764 3763 τεττα-

152 3784 298 3863 ἡμιολίαν
293 3785 393 3844 ειδν”
360 3809 408 3858 της
422 3784 561 3867 δευτέρας,
577 3787 734 3867 τριπλασίαν
751 3788 830 3846 δὲ’
797 3812 845 3859 της
860 3787 936 3868 πριίι·
984 3794 1096 3874 ροίκοντα
1110 3816 1156 3852 κοιι
1146 3791 1302 3851 διακόσια.
1346 3792 1400 3849 Kar
1412 3789 1480 3860 δὴ
1456 3812 1486 3848 το
1496 3789 1588 3869 μιχθεν
1601 3790 1627 3860 ἐξ
1640 3783 1670 3852 οὗ
1682 3814 1765 3850 ταυτα

152 3983 283 4046 lugientem
296 3984 322 4034 at
342 3984 396 4046 eins
415 3985 575 4047 ooputatlouis
588 3986 705 4050 atienam;
720 3998 776 4049 quae
789 3988 937 4050 permiscens
982 3988 1093 4050 aiteram,
1101 3986 1186 4036 eadam
1194 3988 1263 4049 parte
1271 3986 1426 4047 praestantem
1434 3984 1549 4033 extremis
1559 3984 1691 4049 eademque
1699 3999 1767 4049 supe·

151 4085 208 4122 oum
216 4072 330 4135 materia,
340 4086 418 4135 quum
427 4086 458 4123 ex
467 4073 545 4125 tritam
556 4074 802 4142 edecusewnumdd
813 4075 895 4139 ipsum
911 4074 937 4124 in
984 4079 1060 4129 ratam
1071 4092 1078 4127 τ
1088 4078 1187 4129 alteram
1202 4077 1252 4140 pari
1265 4090 1366 4127 numero
1377 4077 1533 4140 praestantem
1543 4076 1657 4125 extremis
1667 4076 1766 4139 parique

151 4172 260 4222 ea,quae
269 4158 482 4223 decuit,rnembra
490 4163 592 4224 partitam
601 4166 648 4214 est.
679 4166 734 4214 ism
744 4164 937 4229 parteasinqolas
982 4164 1105 4231 [numero]
1115 4169 1260 4230 superatam.
1270 4162 1667 4228 Sesquialterisauteminteruailis
1679 4165 1704 4214 et
1715 4177 1766 4214 ses-
1825 4220 1828 4230 1

152 4264 182 4301 es
191 4250 277 4301 mdena
285 4252 350 4302 etex
360 4250 505 4304 attemeten
514 4254 775 4318 materiatemperavit.
784 4256 843 4305 Fuit
855 4259 936 4306 antem
982 4254 1102 4317 quitertiis
1119 4258 1144 4304 et
1159 4254 1332 4317 sesquioctavis
1353 4252 1456 4314 sumptis
1474 4264 1506 4301 cs
1520 4250 1557 4299 bis
1575 4250 1766 4313 colligationibus

151 4336 206 4387 talis
218 4336 259 4386 illa
268 4338 366 4400 partitio
376 4359 384 4390 ι
395 4353 468 4391 unam
477 4342 596 4404 principio
608 4345 701 4405 partem
710 4345 815 4408 detraxit
825 4358 854 4394 cx
865 4348 915 4394 toto
930 4362 937 4393 ι
982 4344 1009 4394 in
1023 4342 1105 4406 primis
1124 4343 1270 4404 intervallis,
1282 4341 1450 4404 sesquioctavo
1473 4338 1599 4389 intervallo
1615 4338 1766 4401 sesquitertia

151 4427 283 4477 secundm
297 4430 379 4480 autem
396 4430 481 4492 primse
501 4426 576 4493 partis
594 4431 693 4493 duplam
707 4451 714 4481 ι
727 4432 814 4482 deinde
826 4433 937 4495 tertiam,
982 4430 1064 4479 omnia
1076 4429 1200 4491 explebat,
1211 4440 1287 4492 quum
1301 4428 1440 4491 particulam
1453 4426 1601 4488 singulorum
1613 4424 1765 4487 relinqueret.

150 4528 209 4577 quse
230 4518 294 4567 asset
318 4518 433 4567 soeundae
446 4519 617 4581 sesquialtera,
630 4520 716 4583 primae
731 4520 803 4582 tripla
824 4540 831 4569 ι
849 4520 937 4569 deinde
983 4517 1134 4579 Eiusautem
1146 4517 1271 4581 particulae
1285 4515 1412 4567 intervallo
1432 4514 1517 4564 relicto
1534 4512 1637 4562 batiebat
1651 4526 1766 4564 altmarus

151 4605 349 4667 quartamque
362 4606 476 4657 mandre
490 4606 565 4670 dupla
576 4610 640 4658 esset
652 4624 661 4657 .·
674 4608 782 4670 quintam
801 4606 870 4669 inde,
883 4621 938 4669 ουαι
982 4606 1157 4656 adnumerum
1173 4604 1273 4656 eandem
1287 4604 1466 4667 proportionem
1480 4601 1730 4665 comparationemque
1742 4602 1766 4651 ln

151 4690 232 4739 tertiae
252 4690 345 4754 tripla:
364 4693 416 4741 tom
437 4694 532 4744 sestam
554 4694 674 4760 octuplam
697 4696 798 4760 primam
817 4698 938 4759 postremo
983 4692 1381 4755 extremis,quamlraberalccbill
1392 4704 1447 4740 com
1458 4688 1768 4751 ccxttll,atqucitapec-

151 4776 370 4841 seponamque
391 4785 484 4845 septem
507 4784 532 4833 et
551 4783 637 4846 viginti
660 4784 770 4847 partibus
789 4784 938 4835 antecederet
982 4783 1087 4833 mixtum
1095 4781 1162 4843 illud,
1173 4795 1201 4832 er
1211 4794 1258 4844 quo
1269 4781 1321 4831 haec
1333 4780 1418 4839 secuit,
1429 4778 1480 4841 jam
1492 4790 1562 4828 omne
1574 4764 1765 4839 consumpserat.

154 4865 248 4928 primas.
261 4866 354 4920 Deinde
369 4870 474 4921 instituit
489 4872 563 4934 dupla
574 4873 599 4922 et
611 4872 682 4936 tripla
696 4872 820 4923 intervalia
834 4872 939 4936 explere,
984 4874 1055 4921 liano
1062 4870 1233 4933 igilaromnem
1239 4866 1556 4941 conjqnctionemduplioem
1563 4865 1587 4915 in
1595 4864 1765 4927 longitudinem

154 4952 237 5014 partes
249 4965 332 5003 rursus
343 4968 373 5005 ex
389 4959 442 5007 toto
453 4958 570 5008 desecans
583 4973 590 5007 ι
607 4972 669 5023 quas
682 4958 815 5010 intervallis
827 4958 860 5008 ita
871 4959 938 5009 loca-
983 4958 1071 5008 diiiidit
1079 4950 1765 5021 :mediasqueaccommodansmediam‚quasidecussavit:

154 5040 291 5103 bat,utin
311 5044 411 5107 siugulis
431 5051 513 5098 essent
527 5048 584 5097 bina
603 5049 682 5099 media
699 5070 705 5099 :
720 5050 760 5099 vix
783 5049 846 5099 enim
861 5049 940 5101 audeo
984 5045 1417 5108 deiudcinorbemtorsit,utetipsae
1428 5044 1766 5094 vecumatinterscescom·
1807 5030 1825 5049 ⁴*

153 5128 236 5181 dicero
257 5130 413 5196 medietates,
426 5148 488 5199 qaas
504 5137 582 5187 Greci
604 5137 734 5200 μεσότητας
749 5137 883 5201 appellant;
895 5136 939 5187 sed
985 5130 1767 5200 missura,quaeeregioneesset,1unqerentuv;eoquemotu,cujns

153 5218 225 5280 quasi
240 5219 273 5269 ita
287 5219 404 5285 disarim,
415 5223 574 5289 intelligatur3
586 5226 631 5277 erit
646 5220 712 5277 enim
726 5226 829 5281 planius.
849 5228 939 5275 Earum
986 5225 1053 5275 orbis
1071 5238 1166 5288 semper
1184 5225 1208 5273 in
1228 5223 1313 5275 eodem
1334 5224 1385 5272 erat
1403 5220 1536 5285 eodemque
1558 5219 1631 5269 niodo
1646 5218 1766 5279 ciebatar,

749 5316 761 5335 s
1653 5306 1687 5348 rt.
