3959 5925
228 1174 374 1234 Monimus
395 1165 432 1246 (1)
454 1167 666 1242 Syracusanus,
684 1165 823 1240 Diogenis
849 1165 967 1242 dicipu-

188 1275 247 1340 lus,
263 1265 299 1322 de
313 1281 371 1338 quo
385 1275 476 1334 pauca
489 1266 600 1311 veteres
616 1255 761 1310 memoria
776 1253 966 1324 tradiderunt,

190 1353 326 1416 mensarii
343 1344 487 1405 Corinthii
506 1342 629 1399 famulus
644 1342 707 1399 suit.
726 1341 800 1401 Huic
813 1340 967 1417 Xeniades,

189 1433 420 1503 commemoratis
432 1449 507 1507 saepe
519 1428 675 1503 Diogenis,
688 1429 766 1485 servi
779 1428 840 1499 sui,
851 1427 966 1484 virtuti·

189 1533 262 1601 bus,
280 1544 364 1604 quem
380 1521 464 1578 dictis
486 1517 625 1593 factisque
645 1516 785 1572 excellere
802 1514 966 1591 judicabat,

192 1615 295 1693 Cynici
308 1607 480 1670 desiderium
492 1604 623 1661 incussit.
638 1603 821 1680 Quapropter
836 1603 967 1659 simulata

107 1707 110 1711 ’
190 1704 310 1762 vesania
323 1695 457 1772 disjicere
475 1692 563 1768 coepit
578 1692 712 1748 numulos
727 1704 755 1747 et
774 1709 887 1746 omnem
902 1710 967 1766 quae

190 1803 251 1849 erat
265 1790 296 1846 in
310 1802 408 1843 mensa
422 1782 584 1858 pecuniam,
600 1778 692 1836 donec
705 1787 722 1835 a
736 1777 853 1835 domino
867 1776 967 1834 dimis-

191 1897 239 1936 sus
253 1889 304 1934 est.
319 1874 362 1930 lta
382 1880 496 1945 accepta
515 1866 647 1925 libertate
671 1867 828 1941 Diogenem
848 1865 968 1942 potissi-

191 1983 268 2020 mum
284 1959 396 2018 audivit
417 1968 445 2012 et
466 1974 530 2012 cum
551 1952 664 2010 Cratete
685 1953 806 2028 aliisque
825 1951 855 2008 id
878 1971 968 2026 genus

190 2029 372 2127 philosophis
393 2055 523 2100 versatus
539 2053 591 2098 est.
612 2039 683 2108 Quae
697 2060 742 2097 res
756 2060 817 2097 eam
834 2040 894 2097 vim
917 2040 967 2096 ha·

190 2140 269 2209 buit,
286 2150 318 2196 ut
328 2133 446 2192 domino
461 2130 552 2204 magis
562 2129 650 2186 ¹etiam
665 2129 793 2185 insanire
808 2129 964 2187 videretur.

191 2229 228 2286 At
249 2237 354 2282 tantam
383 2233 411 2277 et
436 2217 628 2276 eruditionem
653 2215 712 2273 sibi
741 2218 918 2292 comparavit
940 2229 967 2274 et

191 2313 313 2388 gloriam
342 2309 461 2384 adeptus
475 2318 534 2374 est,
560 2317 590 2361 ut
614 2303 772 2362 Menander
795 2322 910 2380 quoque
935 2305 966 2360 in

191 2401 314 2478 quadam
339 2396 483 2455 comoedia
502 2393 538 2450 de
552 2413 587 2450 eo
602 2394 775 2450 mentionem
791 2393 898 2451 fecerit.
919 2391 967 2448 Sic

191 2487 268 2543 enim
284 2486 323 2541 ait
336 2484 376 2558 (a)
396 2503 402 2538 ε

1052 1165 1199 1224 Monimus
1214 1167 1268 1224 suit
1281 1166 1398 1244 quidam
1414 1167 1507 1224 sciens
1522 1167 1579 1244 vir,
1599 1188 1616 1225 o
1632 1168 1732 1241 Philo,

1051 1274 1153 1312 verum
1169 1253 1308 1312 nobilior.
1322 1254 1394 1310 Pera
1406 1254 1474 1310 huic
1488 1274 1545 1312 una
1560 1275 1617 1312 non
1630 1269 1690 1313 erat
1707 1279 1713 1314 ι

1052 1341 1170 1398 atenim
1186 1361 1256 1398 vero
1271 1355 1338 1400 tres.
1355 1340 1384 1398 ls
1396 1341 1530 1398 caninum
1548 1341 1677 1400 habitum
1695 1345 1786 1405 serens

1052 1429 1126 1486 nihil
1142 1428 1254 1486 dicebat
1265 1429 1360 1487 simile
1376 1429 1440 1486 istis
1452 1430 1618 1502 sententiis,

1054 1516 1786 1595 puta,Teipsumnoscequaequecanuntejusmodi3

1051 1604 1099 1662 sed
1112 1605 1787 1682 necmendicansquidquam,necsordeobsitus.
1814 1645 1821 1660 ·

1051 1692 1122 1749 Nam
1137 1705 1239 1750 cuncta
1254 1693 1356 1750 fastum
1370 1693 1444 1749 dixit
1458 1713 1517 1750 esse
1531 1693 1674 1769 dogmata.

1014 1805 1093 1864 Adeo
1107 1826 1176 1864 vero
1187 1826 1301 1881 gravem
1315 1819 1343 1864 et
1354 1819 1531 1865 constantem
1544 1809 1632 1867 fuisse
1640 1811 1787 1888 proditum

1013 1906 1073 1963 est,
1087 1907 1119 1951 ut
1134 1908 1275 1952 contemta
1287 1895 1382 1970 gloria
1396 1896 1487 1953 solam
1503 1898 1653 1956 veritatem
1669 1915 1787 1978 appete-

1013 1995 1068 2042 ret.
1085 1981 1156 2041 Jure
1170 1983 1259 2058 igitur
1275 1984 1352 2040 inter
1370 2003 1419 2042 eos
1435 1985 1485 2060 qui
1498 1983 1650 2060 judicandi
1667 1987 1788 2046 faculta-

1012 2073 1068 2126 tem
1080 2072 1258 2128 sustulerunt
1270 2085 1438 2129 numeratur
1453 2091 1469 2128 a
1482 2071 1569 2129 Sexto
1582 2071 1730 2150 Empirico
1745 2077 1785 2153 (3)

1013 2156 1079 2218 adv.
1098 2157 1185 2214 Math.
1201 2178 1232 2235 p.
1251 2159 1304 2222 1316
1316 2170 1344 2214 et
1360 2179 1427 2230 τοι,
1443 2159 1520 2235 quod
1538 2163 1637 2218 omnia
1657 2161 1790 2239 opinabi-
1812 2153 1818 2168 ’

1012 2244 1052 2302 lia
1067 2259 1096 2303 et
1114 2266 1224 2304 merum
1246 2247 1349 2304 fastum
1375 2265 1437 2304 esse
1462 2248 1642 2309 affirmasset.
1667 2251 1790 2330 Scripsit

1013 2346 1106 2390 autem
1130 2334 1244 2391 ludicra
1267 2334 1414 2392 sententiis
1433 2334 1518 2392 seriis
1541 2338 1694 2413 permixta,
1716 2338 1789 2398 duos

1012 2418 1047 2475 de
1060 2421 1287 2499 appetitionibus
1303 2420 1395 2478 libros
1405 2433 1434 2478 et
1447 2423 1603 2479 suasoriam
1618 2421 1670 2502 (4).

196 2593 1792 2624 ————--——,—-'—'-—'¹-——-

224 2677 258 2739 (t)
272 2676 387 2735 Diogenes
402 2673 512 2722 Laertius
525 2671 567 2720 lib.
584 2675 627 2731 vl,
646 2675 719 2720 82-83
734 2691 740 2718 :
755 2671 874 2731 Μόνιμός,
892 2675 966 2734 Συρα-

192 2748 296 2801 κούσιος,
311 2745 411 2804 μαθητὴς
424 2744 465 2804 μὲν
478 2742 613 2801 Διογένους,
625 2742 714 2796 οἰκέτης
726 2742 750 2789 δέ
764 2758 824 2796 τινος
833 2743 967 2805 τραπεζίτου

104 2857 110 2866 .
191 2817 328 2879 Κορινθίου,
353 2812 413 2861 καθά
432 2829 486 2868 φησι
508 2810 664 2869 Σωσικράτης·
690 2811 751 2872 Πρὸς
771 2817 852 2859 τοῦτον
874 2813 967 2874 συνεχὲς

192 2886 354 2947 ἀφικνούμενος
375 2884 388 2929 θ
411 2882 520 2937 Ξενιάδης
539 2883 552 2928 ό
576 2881 615 2927 τόν
635 2883 745 2941 Διογένην
765 2882 902 2943 ἐωνημένος,
927 2883 968 2939 τὴν

192 2957 273 3021 ἀρετ-λυ
286 2955 355 3002 αὐτοῦ
370 2954 409 3000 καὶ
419 2957 465 2999 τῶν
483 2953 555 3012 ἔργων
567 2951 607 2998 καὶ
619 2955 665 2998 τῶν
674 2951 749 3009 λόγων
761 2953 923 3015 διηγούμενος,
937 2953 968 3009 είς

192 3029 267 3087 ἔρωτα
279 3030 319 3071 τοῦ
333 3023 410 3083 ἀνδρὸς
429 3022 521 3069 ένέὸαλε
532 3021 571 3069 τὸν
585 3019 698 3081 Μόνιμον.
714 3022 803 3072 Αὐτίκα
822 3024 866 3086 γὰρ
884 3024 968 3079 ἐκεῖνος

193 3096 276 3157 μανίαν
288 3093 451 3155 προσποιηθεὶς
461 3090 488 3139 τό
504 3107 529 3139 τε
543 3091 618 3153 κέρμα
627 3089 763 3152 διερρίπτει,
778 3093 818 3141 καί
832 3098 878 3140 πᾶν
890 3094 917 3141 τὸ
931 3094 968 3141 ἐπὶ

192 3174 231 3223 τῆς
244 3166 354 3228 τραπέζης
376 3162 492 3224 ἀργύριον,
510 3162 553 3215 έως
567 3162 636 3209 αυτὸν
649 3162 662 3208 θ
677 3162 789 3220 δεσπότης
808 3165 967 3225 παρῃτήσατο.

192 3240 237 3287 Καὶ
247 3239 272 3291 ὃς
285 3236 366 3288 εὐθέως
382 3234 503 3292 Διογένους
515 3233 552 3291 ἦν.
563 3229 760 3294 Παρηκολούθησε
776 3235 849 3298 δὲκαὶ
866 3237 968 3297 Κράτητι

191 3316 225 3372 τῷ
243 3310 335 3367 Κυνικῷ
355 3303 442 3365 συχνοί,
457 3302 497 3350 καὶ
509 3307 555 3349 τῶν
565 3302 653 3361 ὁμοίων
662 3303 751 3364 εἴχετο,
769 3305 807 3353 ὅτε
825 3307 864 3352 καὶ
883 3308 968 3367 μᾶλλον

193 3384 251 3440 ὁρῶν
264 3377 333 3425 αὐτὸν
347 3376 360 3421 ὁ
374 3373 485 3429 δεσπότης
507 3372 581 3420 ἐδόκει
596 3372 724 3435 μαίνεσθαι.
739 3376 845 3436 Ἐγένετο
865 3377 889 3423 δὶ
909 3378 967 3438 ἀνὴρ

192 3451 325 3508 ἐλλόγιμος,
340 3449 370 3499 ὡς
379 3445 418 3491 καὶ
433 3444 563 3505 Μένανδρον
579 3442 650 3490 αὐτοῦ
662 3444 701 3491 τὸν
715 3448 819 3506 κωμικόν
829 3449 966 3507 μεμνῆσθαι.

193 3521 235 3567 Ἔν
248 3536 291 3565 τινι
300 3521 356 3575 γοῦν
369 3520 415 3561 τῶν
428 3514 551 3576 δραμάτων
565 3513 588 3560 έν
602 3514 636 3576 τῷ
653 3516 790 3578 Ἱπποκόμῳ
809 3517 872 3564 εἶπεν
885 3518 968 3577 οὕτως,

194 3586 296 3647 Μόνιμός
312 3601 345 3638 τις
358 3584 386 3642 ἦν
402 3583 535 3644 ἄνθρωπος,
550 3583 570 3629 ὦ
585 3585 673 3643 Φίλων,
693 3584 776 3643 σορός,
795 3584 968 3645 Ἐνδοξότερος,

194 3658 248 3717 μίαν
260 3657 284 3702 δὲ
294 3655 367 3714 πήραν
378 3654 423 3699 ούκ
436 3653 509 3714 ἔχων,
523 3654 602 3715 Πήρας
616 3656 657 3715 μὲν
667 3652 706 3701 οὗν
718 3660 784 3716 τρεῖς·
795 3655 852 3701 ἀλλὰ
864 3656 931 3710 κυνός
944 3657 969 3704 ἐν

194 3727 296 3788 σχήματῑ
312 3722 444 3782 Ἔφθέγξατ’
464 3723 529 3768 οὐδὲν
547 3722 655 3783 ἐμφερές,
673 3740 705 3784 μα
720 3724 759 3771 τὸν
776 3724 829 3783 Δία,
847 3726 888 3785 Τῷ
898 3728 968 3786 γνῶθι

194 3795 280 3843 σαυτὸν
288 3792 340 3840 οὐδὲ
349 3798 397 3844 τοῖς
408 3792 533 3851 βοωμένοις
540 3792 642 3846 Τούτοις
650 3792 714 3855 παρὰ
721 3799 794 3840 ταῦτα
801 3794 820 3841 δ’
830 3795 857 3842 οὐ
869 3812 966 3858 προσαι-

194 3868 250 3921 τῶν,
260 3863 288 3910 οὐ
296 3863 383 3925 ῥυπῶν·
394 3861 427 3909 Τὸ
439 3876 483 3921 γαρ
496 3861 623 3920 ὑποληφθὲν
633 3866 701 3922 τῦφον
711 3862 768 3910 εἶναι
775 3869 821 3911 πᾶν
835 3865 886 3924 ἔφη.
895 3867 968 3922 Οὗτος

195 3934 236 3992 μὲν
245 3933 421 3995 ἐμύριθέστατος
432 3930 530 3991 ἐγένετο,
541 3932 603 3979 ὥστε
616 3931 681 3989 δόξης
692 3933 733 3994 μὲν
742 3942 902 3998 καταφρονεῖν,
912 3939 968 4001 πρὸς

1013 2669 1037 2717 δὲ
1049 2669 1155 2725 ἀλήθειαν
1172 2672 1300 2730 παρορμᾶν.
1317 2670 1417 2730 Γέγραφε
1427 2669 1451 2716 δὲ
1468 2669 1566 2730 παίγνια
1577 2671 1669 2734 σπουδῇ
1684 2672 1790 2737 λεληθυίᾳ

1013 2742 1155 2803 μεμιγμένα,
1167 2741 1207 2788 καὶ
1219 2740 1275 2801 Περὶ
1284 2741 1360 2801 ὁρμῶν
1371 2740 1413 2787 δύο
1420 2741 1459 2787 καὶ
1470 2741 1649 2803 Προτρεπτικόν.
1660 2769 1689 2776 -
1702 2741 1735 2804 (2)
1746 2745 1790 2793 Lo·

1013 2824 1069 2858 cum
1083 2815 1224 2873 corruptum
1239 2809 1373 2861 emendari.
1384 2835 1416 2844 -
1435 2810 1469 2869 (a)
1484 2813 1572 2858 sertus
1585 2811 1718 2871 Empiricos
1733 2815 1788 2863 adv.

1013 2880 1089 2928 Maih.
1107 2879 1149 2929 tib.
1172 2883 1227 2941 vu,
1245 2892 1269 2940 μ.
1285 2883 1327 2928 221
1342 2898 1348 2926 :
1363 2879 1424 2940 τύχα
1440 2881 1465 2928 δὲ
1481 2881 1520 2928 καὶ
1535 2879 1691 2941 όΜόνιμοςθ
1710 2884 1790 2946 Κύων,

1013 2957 1081 3013 τῦφον
1095 2951 1192 3001 εἶναιτὰ
1204 2950 1279 3000 πάντα
1337 2950 1392 3013 ὅπερ
1403 2951 1477 3009 οίησίς
1493 2951 1543 3001 ἐστι
1558 2958 1604 3001 τῶν
1621 2953 1664 3002 οὐκ
1675 2953 1747 3003 όντων
1759 2959 1790 3014 ὡς

1013 3023 1094 3070 όντων.
1103 3022 1169 3071 Idem
1182 3022 1197 3071 l.
1209 3035 1230 3070 c.
1243 3036 1267 3083 μ.
1282 3026 1325 3071 tac
1338 3035 1344 3063 τ
1356 3022 1399 3071 οὐκ
1408 3023 1481 3083 όλίγοι
1489 3023 1512 3071 δὲ
1521 3024 1591 3083 ἦσαν,
1603 3026 1634 3079 ὡς
1642 3030 1760 3087 προεῖπον,
1768 3032 1792 3077 σί

1013 3092 1116 3148 καὶτοὺς
1130 3094 1182 3155 περὶ
1196 3090 1350 3153 Μητρόδωρον
1364 3093 1404 3140 καὶ
1418 3093 1570 3153 Ἀνύξαργον,
1583 3094 1616 3141 ἔτι
1628 3096 1668 3142 καὶ
1686 3096 1791 3159 Μόνιμον

1013 3158 1124 3224 φήσανττξ
1144 3162 1281 3222 ἀνῃρηκέναι
1296 3162 1323 3209 τό
1340 3163 1464 3225 κριτήριον.
1484 3164 1549 3212 Ἀλλὰ
1568 3164 1723 3227 Μητρόδωρον
1740 3170 1790 3229 μέν,

1013 3236 1048 3283 ὅτι
1065 3235 1136 3292 εἶπεν,
1152 3233 1223 3281 Οὐδὲν
1236 3232 1313 3293 iopes,
1328 3232 1377 3279 οὐδ’
1392 3233 1447 3281 etit
1464 3238 1532 3282 τοῦτο
1552 3233 1629 3295 ίσμεν,
1642 3234 1678 3282 ὄτι
1691 3236 1756 3286 οὐδὲν
1767 3238 1789 3287 i·

1014 3323 1079 3368 σμεν.
1095 3303 1231 3371 Ἀνάξαρχον
1241 3304 1265 3351 δὲ
1277 3304 1315 3350 καὶ
1325 3303 1444 3365 Μόνιμον,
1457 3304 1492 3353 ότι
1504 3305 1646 3367 σκιαγραφίᾳ
1660 3306 1792 3365 ἀπείρασαν

1013 3377 1120 3437 τὰόντα,
1131 3380 1212 3430 τοῐςτε
1225 3374 1285 3421 κατὰ
1301 3374 1385 3429 ὕπνους
1402 3375 1417 3432 ἢ
1434 3374 1517 3435 μανίαν
1532 3376 1704 3436 προσπίπτουσι
1718 3383 1792 3430 ταῦτα

1014 3448 1149 3509 ὡμοιῶσθαι
1158 3445 1280 3492 ύπέλτιύον.
1293 3444 1389 3492 Marcus
1397 3446 1530 3494 Antoninus
1538 3444 1580 3493 lib.
1593 3447 1626 3503 lt,
1639 3450 1666 3493 ta
1678 3460 1685 3493 :
1699 3448 1733 3495 δτι
1745 3454 1791 3498 πᾶν

1010 3514 1134 3577 θπόληψις.
1146 3516 1210 3573 Δῆλα
1222 3514 1262 3574 μέν
1274 3513 1317 3575 γὰρ
1333 3514 1363 3561 τὰ
1372 3515 1427 3577 πρὸς
1439 3520 1480 3563 τοῦ
1492 3516 1592 3562 Κυνικοῦ
1607 3514 1712 3576 Μονίμου
1722 3518 1789 3579 λεγό-

1015 3603 1080 3649 μενα.
1089 3614 1122 3627 -
1136 3586 1170 3647 (t)
1186 3584 1279 3633 Citrtur
1291 3587 1314 3633 et
1328 3584 1447 3633 Monimus
1459 3584 1556 3645 quidam
1569 3585 1592 3632 ἐν
1607 3590 1634 3647 τῇ
1646 3590 1693 3634 τῶν
1703 3588 1790 3647 θαυμα·

1014 3654 1071 3703 σίων
1085 3658 1210 3717 συναγωγῇ
1229 3653 1292 3714 apud
1306 3653 1452 3703 Clementem
1470 3652 1654 3702 Alexandrinum
1667 3652 1690 3701 in
1705 3652 1792 3706 Admo-

1013 3724 1104 3774 nitionc
1115 3724 1147 3772 ad
1160 3728 1243 3785 gentes
1256 3736 1308 3784 pag.
1326 3728 1366 3785 27,
1382 3722 1405 3781 b,
1423 3726 1447 3773 et
1460 3722 1522 3785 apud
1545 3721 1660 3782 cyrinum
1679 3722 1740 3772 libro
1759 3729 1792 3777 lv

1013 3792 1096 3834 contra
1106 3785 1227 3834 tatianum
1237 3798 1260 3847 p.
1273 3787 1332 3844 λᾶος
1344 3784 1385 3835 sed
1399 3784 1466 3835 illum
1479 3784 1594 3847 acynico
1605 3783 1729 3834 diversum
1739 3798 1791 3838 esse

1013 3855 1185 3904 existimamus.
