<?xml version="1.0" encoding="UTF-8"?>
<!DOCTYPE html PUBLIC "-//W3C//DTD XHTML 1.0 Transitional//EN"
    "http://www.w3.org/TR/xhtml1/DTD/xhtml1-transitional.dtd">
<html xmlns="http://www.w3.org/1999/xhtml" xml:lang="en" lang="en">
 <head>
  <title>
</title>
<meta http-equiv="Content-Type" content="text/html;charset=utf-8" />
  <meta name='ocr-system' content='tesseract 3.04.00' />
  <meta name='ocr-capabilities' content='ocr_page ocr_carea ocr_par ocr_line ocrx_word'/>
</head>
<body>
  <div class='ocr_page' id='page_1' title='image "./fragmentaphilos02mullgoog/fragmentaphilos02mullgoog_0335.png"; bbox 0 0 3959 5925; ppageno 0'>
   <div class='ocr_carea' id='block_1_1' title="bbox 700 375 1728 461">
    <p class='ocr_par' dir='ltr' id='par_1_1' title="bbox 700 375 1728 461">
     <span class='ocr_line' id='line_1_1' title="bbox 700 375 1728 461; baseline 0.022 -26"><span class='ocrx_word' id='word_1_1' title='bbox 700 375 741 437; x_wconf 85' lang='lat' dir='ltr'><strong>IN</strong></span> <span class='ocrx_word' id='word_1_2' title='bbox 766 375 938 439; x_wconf 79' lang='lat' dir='ltr'>TIMAEUM</span> <span class='ocrx_word' id='word_1_3' title='bbox 959 377 1178 442; x_wconf 61' lang='lat' dir='ltr'><strong>Plancum:</strong></span> <span class='ocrx_word' id='word_1_4' title='bbox 1590 453 1594 461; x_wconf 76' lang='grc'>,</span> <span class='ocrx_word' id='word_1_5' title='bbox 1669 405 1728 460; x_wconf 76' lang='grc'><strong>209</strong></span> 
     </span>
    </p>
   </div>
   <div class='ocr_carea' id='block_1_2' title="bbox 109 505 1731 1456">
    <p class='ocr_par' dir='ltr' id='par_1_2' title="bbox 109 505 1731 1456">
     <span class='ocr_line' id='line_1_2' title="bbox 109 505 1729 597; baseline 0.004 -35"><span class='ocrx_word' id='word_1_6' title='bbox 109 511 327 597; x_wconf 39' lang='lat' dir='ltr'><strong>‘designationem</strong></span> <span class='ocrx_word' id='word_1_7' title='bbox 339 519 388 558; x_wconf 89' lang='lat' dir='ltr'><strong>non</strong></span> <span class='ocrx_word' id='word_1_8' title='bbox 398 508 436 558; x_wconf 87' lang='lat' dir='ltr'><strong>esi</strong></span> <span class='ocrx_word' id='word_1_9' title='bbox 454 505 601 567; x_wconf 87' lang='lat' dir='ltr'><strong>potandum,</strong></span> <span class='ocrx_word' id='word_1_10' title='bbox 613 505 692 557; x_wconf 89' lang='lat' dir='ltr'><strong>labem</strong></span> <span class='ocrx_word' id='word_1_11' title='bbox 711 505 906 557; x_wconf 87' lang='lat' dir='ltr'><strong>dissolutionem·</strong></span> <span class='ocrx_word' id='word_1_12' title='bbox 952 509 1026 560; x_wconf 70' lang='lat' dir='ltr'><strong>imus</strong></span> <span class='ocrx_word' id='word_1_13' title='bbox 1046 523 1120 576; x_wconf 86' lang='lat' dir='ltr'><strong>snpra</strong></span> <span class='ocrx_word' id='word_1_14' title='bbox 1137 515 1277 564; x_wconf 84' lang='lat' dir='ltr'><strong>memoratae</strong></span> <span class='ocrx_word' id='word_1_15' title='bbox 1294 516 1476 569; x_wconf 88' lang='lat' dir='ltr'><strong>circumactioui</strong></span> <span class='ocrx_word' id='word_1_16' title='bbox 1497 519 1596 583; x_wconf 71' lang='lat' dir='ltr'><strong>mundis,</strong></span> <span class='ocrx_word' id='word_1_17' title='bbox 1616 525 1658 587; x_wconf 84' lang='lat' dir='ltr'><strong>qui</strong></span> <span class='ocrx_word' id='word_1_18' title='bbox 1680 527 1729 580; x_wconf 68' lang='lat' dir='ltr'><strong>fixo</strong></span> 
     </span>
     <span class='ocr_line' id='line_1_3' title="bbox 126 594 1730 671; baseline 0.008 -19"><span class='ocrx_word' id='word_1_19' title='bbox 126 615 173 666; x_wconf 91' lang='lat' dir='ltr'><strong>que</strong></span> <span class='ocrx_word' id='word_1_20' title='bbox 188 599 274 651; x_wconf 85' lang='lat' dir='ltr'><strong>aliems</strong></span> <span class='ocrx_word' id='word_1_21' title='bbox 294 595 402 657; x_wconf 91' lang='lat' dir='ltr'><strong>mundo,</strong></span> <span class='ocrx_word' id='word_1_22' title='bbox 414 594 474 658; x_wconf 88' lang='lat' dir='ltr'><strong>quin</strong></span> <span class='ocrx_word' id='word_1_23' title='bbox 491 596 572 658; x_wconf 87' lang='lat' dir='ltr'><strong>potius</strong></span> <span class='ocrx_word' id='word_1_24' title='bbox 592 595 780 657; x_wconf 72' lang='lat' dir='ltr'>recreationem,</span> <span class='ocrx_word' id='word_1_25' title='bbox 792 598 818 645; x_wconf 91' lang='lat' dir='ltr'><strong>et</strong></span> <span class='ocrx_word' id='word_1_26' title='bbox 836 596 907 658; x_wconf 86' lang='lat' dir='ltr'><strong>quasi</strong></span> <span class='ocrx_word' id='word_1_27' title='bbox 949 597 1107 650; x_wconf 81' lang='lat' dir='ltr'><strong>circumvolat</strong></span> <span class='ocrx_word' id='word_1_28' title='bbox 1121 599 1225 651; x_wconf 85' lang='lat' dir='ltr'><strong>cardine.</strong></span> <span class='ocrx_word' id='word_1_29' title='bbox 1248 602 1310 660; x_wconf 84' lang='lat' dir='ltr'><strong>Quia</strong></span> <span class='ocrx_word' id='word_1_30' title='bbox 1330 618 1387 668; x_wconf 85' lang='lat' dir='ltr'><strong>ergo</strong></span> <span class='ocrx_word' id='word_1_31' title='bbox 1407 619 1439 656; x_wconf 84' lang='lat' dir='ltr'><strong>ex</strong></span> <span class='ocrx_word' id='word_1_32' title='bbox 1458 607 1489 656; x_wconf 85' lang='lat' dir='ltr'><strong>ils</strong></span> <span class='ocrx_word' id='word_1_33' title='bbox 1507 615 1602 671; x_wconf 88' lang='lat' dir='ltr'><strong>septem</strong></span> <span class='ocrx_word' id='word_1_34' title='bbox 1621 615 1730 668; x_wconf 87' lang='lat' dir='ltr'><strong>motibus</strong></span> 
     </span>
     <span class='ocr_line' id='line_1_4' title="bbox 125 680 1731 754; baseline 0.005 -16"><span class='ocrx_word' id='word_1_35' title='bbox 125 687 247 738; x_wconf 78' lang='lat' dir='ltr'><strong>nordlam</strong></span> <span class='ocrx_word' id='word_1_36' title='bbox 267 684 426 743; x_wconf 83' lang='lat' dir='ltr'><strong>viriditatem,</strong></span> <span class='ocrx_word' id='word_1_37' title='bbox 439 684 542 745; x_wconf 88' lang='lat' dir='ltr'><strong>positam</strong></span> <span class='ocrx_word' id='word_1_38' title='bbox 559 683 585 731; x_wconf 91' lang='lat' dir='ltr'><strong>in</strong></span> <span class='ocrx_word' id='word_1_39' title='bbox 603 680 709 744; x_wconf 86' lang='lat' dir='ltr'><strong>auspicio</strong></span> <span class='ocrx_word' id='word_1_40' title='bbox 729 685 812 732; x_wconf 87' lang='lat' dir='ltr'><strong>motus</strong></span> <span class='ocrx_word' id='word_1_41' title='bbox 830 682 907 733; x_wconf 79' lang='lat' dir='ltr'><strong>nori:</strong></span> <span class='ocrx_word' id='word_1_42' title='bbox 953 684 1057 736; x_wconf 91' lang='lat' dir='ltr'><strong>duomm</strong></span> <span class='ocrx_word' id='word_1_43' title='bbox 1080 688 1251 738; x_wconf 86' lang='lat' dir='ltr'><strong>tautummodo</strong></span> <span class='ocrx_word' id='word_1_44' title='bbox 1266 689 1365 754; x_wconf 85' lang='lat' dir='ltr'><strong>singulis</strong></span> <span class='ocrx_word' id='word_1_45' title='bbox 1382 694 1442 744; x_wconf 87' lang='lat' dir='ltr'><strong>ralis</strong></span> <span class='ocrx_word' id='word_1_46' title='bbox 1458 695 1534 746; x_wconf 87' lang='lat' dir='ltr'><strong>stellis</strong></span> <span class='ocrx_word' id='word_1_47' title='bbox 1554 711 1624 748; x_wconf 89' lang='lat' dir='ltr'><strong>usum</strong></span> <span class='ocrx_word' id='word_1_48' title='bbox 1647 702 1731 754; x_wconf 75' lang='lat' dir='ltr'><strong>tribule</strong></span> 
     </span>
     <span class='ocr_line' id='line_1_5' title="bbox 126 769 1731 844; baseline 0.003 -19"><span class='ocrx_word' id='word_1_49' title='bbox 126 775 192 826; x_wconf 92' lang='lat' dir='ltr'><strong>baud</strong></span> <span class='ocrx_word' id='word_1_50' title='bbox 200 774 275 823; x_wconf 85' lang='lat' dir='ltr'><strong>sciam</strong></span> <span class='ocrx_word' id='word_1_51' title='bbox 284 807 293 834; x_wconf 89' lang='lat'><strong>,</strong></span> <span class='ocrx_word' id='word_1_52' title='bbox 303 784 336 837; x_wconf 78' lang='lat' dir='ltr'><strong>pn</strong></span> <span class='ocrx_word' id='word_1_53' title='bbox 345 772 370 821; x_wconf 91' lang='lat' dir='ltr'><strong>in</strong></span> <span class='ocrx_word' id='word_1_54' title='bbox 381 770 525 834; x_wconf 81' lang='lat' dir='ltr'><strong>quibusdem</strong></span> <span class='ocrx_word' id='word_1_55' title='bbox 535 769 671 832; x_wconf 74' lang='lat' dir='ltr'><strong>regionibus</strong></span> <span class='ocrx_word' id='word_1_56' title='bbox 680 775 751 826; x_wconf 77' lang='lat' dir='ltr'><strong>ternas</strong></span> <span class='ocrx_word' id='word_1_57' title='bbox 762 773 908 832; x_wconf 76' lang='lat' dir='ltr'><strong>proventura</strong></span> <span class='ocrx_word' id='word_1_58' title='bbox 947 774 1031 835; x_wconf 78' lang='lat' dir='ltr'><strong>Deus,</strong></span> <span class='ocrx_word' id='word_1_59' title='bbox 1051 775 1206 838; x_wconf 78' lang='lat' dir='ltr'><strong>principalem</strong></span> <span class='ocrx_word' id='word_1_60' title='bbox 1215 777 1313 840; x_wconf 83' lang='lat' dir='ltr'><strong>quidem</strong></span> <span class='ocrx_word' id='word_1_61' title='bbox 1326 779 1552 844; x_wconf 87' lang='lat' dir='ltr'><strong>circumactionem,</strong></span> <span class='ocrx_word' id='word_1_62' title='bbox 1571 799 1599 835; x_wconf 83' lang='lat' dir='ltr'><strong>eu</strong></span> <span class='ocrx_word' id='word_1_63' title='bbox 1613 787 1731 842; x_wconf 63' lang='lat' dir='ltr'><strong>aeduensi</strong></span> 
     </span>
     <span class='ocr_line' id='line_1_6' title="bbox 124 856 1730 937; baseline 0.002 -23"><span class='ocrx_word' id='word_1_64' title='bbox 124 863 161 914; x_wconf 84' lang='lat' dir='ltr'><strong>sit</strong></span> <span class='ocrx_word' id='word_1_65' title='bbox 172 861 221 911; x_wconf 91' lang='lat' dir='ltr'><strong>ulla</strong></span> <span class='ocrx_word' id='word_1_66' title='bbox 235 873 269 910; x_wconf 82' lang='lat' dir='ltr'><strong>ex</strong></span> <span class='ocrx_word' id='word_1_67' title='bbox 278 859 434 909; x_wconf 75' lang='lat' dir='ltr'><strong>innovatione</strong></span> <span class='ocrx_word' id='word_1_68' title='bbox 446 859 550 920; x_wconf 78' lang='lat' dir='ltr'><strong>iactura.</strong></span> <span class='ocrx_word' id='word_1_69' title='bbox 583 860 704 908; x_wconf 83' lang='lat' dir='ltr'><strong>Hactenus</strong></span> <span class='ocrx_word' id='word_1_70' title='bbox 717 856 748 908; x_wconf 90' lang='lat' dir='ltr'><strong>de</strong></span> <span class='ocrx_word' id='word_1_71' title='bbox 760 857 845 907; x_wconf 89' lang='lat' dir='ltr'><strong>mundi</strong></span> <span class='ocrx_word' id='word_1_72' title='bbox 854 870 907 908; x_wconf 80' lang='lat' dir='ltr'><strong>scil·</strong></span> <span class='ocrx_word' id='word_1_73' title='bbox 952 873 1008 912; x_wconf 87' lang='lat' dir='ltr'><strong>reru</strong></span> <span class='ocrx_word' id='word_1_74' title='bbox 1022 862 1062 924; x_wconf 91' lang='lat' dir='ltr'><strong>qui</strong></span> <span class='ocrx_word' id='word_1_75' title='bbox 1075 861 1149 913; x_wconf 82' lang='lat' dir='ltr'><strong>ierlur</strong></span> <span class='ocrx_word' id='word_1_76' title='bbox 1161 866 1185 912; x_wconf 89' lang='lat' dir='ltr'><strong>in</strong></span> <span class='ocrx_word' id='word_1_77' title='bbox 1196 865 1319 917; x_wconf 83' lang='lat' dir='ltr'><strong>dexteram</strong></span> <span class='ocrx_word' id='word_1_78' title='bbox 1328 883 1336 929; x_wconf 84' lang='lat'>;</span> <span class='ocrx_word' id='word_1_79' title='bbox 1346 873 1411 919; x_wconf 91' lang='lat' dir='ltr'><strong>recte</strong></span> <span class='ocrx_word' id='word_1_80' title='bbox 1420 870 1481 920; x_wconf 84' lang='lat' dir='ltr'><strong>dixit</strong></span> <span class='ocrx_word' id='word_1_81' title='bbox 1490 871 1596 934; x_wconf 82' lang='lat' dir='ltr'><strong>quinquo</strong></span> <span class='ocrx_word' id='word_1_82' title='bbox 1612 879 1730 937; x_wconf 63' lang='lat' dir='ltr'><strong>protem</strong></span> 
     </span>
     <span class='ocr_line' id='line_1_7' title="bbox 125 944 1730 1028; baseline 0.002 -17"><span class='ocrx_word' id='word_1_83' title='bbox 125 947 386 999; x_wconf 67' lang='lat' dir='ltr'><strong>⁸5bi¹1⁸0⁰1¹⁸fi¹i¹fi0¹¹0</strong></span> <span class='ocrx_word' id='word_1_84' title='bbox 400 944 521 996; x_wconf 63' lang='lat' dir='ltr'><strong>inimii-</strong></span> <span class='ocrx_word' id='word_1_85' title='bbox 951 950 1032 998; x_wconf 87' lang='lat' dir='ltr'><strong>motus</strong></span> <span class='ocrx_word' id='word_1_86' title='bbox 1055 949 1114 1000; x_wconf 89' lang='lat' dir='ltr'><strong>alios</strong></span> <span class='ocrx_word' id='word_1_87' title='bbox 1137 963 1231 1003; x_wconf 82' lang='lat' dir='ltr'><strong>vacare.</strong></span> <span class='ocrx_word' id='word_1_88' title='bbox 1267 954 1361 1005; x_wconf 82' lang='lat' dir='ltr'><strong>Deinde</strong></span> <span class='ocrx_word' id='word_1_89' title='bbox 1381 958 1502 1008; x_wconf 76' lang='lat' dir='ltr'><strong>concludit</strong></span> <span class='ocrx_word' id='word_1_90' title='bbox 1521 973 1730 1028; x_wconf 87' lang='lat' dir='ltr'><strong>commemorans,</strong></span> 
     </span>
     <span class='ocr_line' id='line_1_8' title="bbox 157 1028 1730 1114; baseline 0.009 -28"><span class='ocrx_word' id='word_1_91' title='bbox 157 1037 270 1086; x_wconf 83' lang='lat' dir='ltr'><strong>clivlll.</strong></span> <span class='ocrx_word' id='word_1_92' title='bbox 286 1033 372 1084; x_wconf 76' lang='lat' dir='ltr'><strong>Mundi</strong></span> <span class='ocrx_word' id='word_1_93' title='bbox 383 1032 456 1084; x_wconf 88' lang='lat' dir='ltr'><strong>totius</strong></span> <span class='ocrx_word' id='word_1_94' title='bbox 476 1031 655 1094; x_wconf 69' lang='lat' dir='ltr'><strong>perieetimm,</strong></span> <span class='ocrx_word' id='word_1_95' title='bbox 666 1030 698 1081; x_wconf 84' lang='lat' dir='ltr'><strong>ab</strong></span> <span class='ocrx_word' id='word_1_96' title='bbox 716 1030 802 1094; x_wconf 86' lang='lat' dir='ltr'><strong>opilioe</strong></span> <span class='ocrx_word' id='word_1_97' title='bbox 812 1028 908 1080; x_wconf 86' lang='lat' dir='ltr'><strong>absolo-</strong></span> <span class='ocrx_word' id='word_1_98' title='bbox 950 1035 1111 1086; x_wconf 88' lang='lat' dir='ltr'><strong>sestellarum</strong></span> <span class='ocrx_word' id='word_1_99' title='bbox 1123 1037 1153 1088; x_wconf 92' lang='lat' dir='ltr'><strong>do</strong></span> <span class='ocrx_word' id='word_1_100' title='bbox 1169 1039 1275 1091; x_wconf 86' lang='lat' dir='ltr'><strong>motibus</strong></span> <span class='ocrx_word' id='word_1_101' title='bbox 1288 1043 1420 1094; x_wconf 86' lang='lat' dir='ltr'><strong>errantium</strong></span> <span class='ocrx_word' id='word_1_102' title='bbox 1435 1047 1459 1094; x_wconf 89' lang='lat' dir='ltr'><strong>in</strong></span> <span class='ocrx_word' id='word_1_103' title='bbox 1472 1047 1637 1110; x_wconf 86' lang='lat' dir='ltr'><strong>superioribus</strong></span> <span class='ocrx_word' id='word_1_104' title='bbox 1650 1051 1730 1114; x_wconf 91' lang='lat' dir='ltr'><strong>dispu-</strong></span> 
     </span>
     <span class='ocr_line' id='line_1_9' title="bbox 128 1117 1730 1201; baseline 0.003 -17"><span class='ocrx_word' id='word_1_105' title='bbox 128 1131 179 1175; x_wconf 61' lang='lat' dir='ltr'><strong>ism</strong></span> <span class='ocrx_word' id='word_1_106' title='bbox 200 1126 266 1182; x_wconf 55' lang='grc' dir='ltr'><strong>Μ,</strong></span> <span class='ocrx_word' id='word_1_107' title='bbox 281 1121 398 1184; x_wconf 85' lang='lat' dir='ltr'><strong>praeteriti</strong></span> <span class='ocrx_word' id='word_1_108' title='bbox 416 1119 496 1183; x_wconf 67' lang='lat' dir='ltr'><strong>⁰P0¹i⁸</strong></span> <span class='ocrx_word' id='word_1_109' title='bbox 507 1120 576 1170; x_wconf 54' lang='lat'><strong>“¹¹¹¹</strong></span> <span class='ocrx_word' id='word_1_110' title='bbox 594 1119 756 1180; x_wconf 61' lang='lat' dir='ltr'><strong>wilellmi,</strong></span> <span class='ocrx_word' id='word_1_111' title='bbox 778 1117 908 1168; x_wconf 48' lang='lat' dir='ltr'><strong>Platoni&amp;</strong></span> <span class='ocrx_word' id='word_1_112' title='bbox 951 1127 1023 1174; x_wconf 70' lang='lat' dir='ltr'><strong>heae·</strong></span> <span class='ocrx_word' id='word_1_113' title='bbox 1048 1127 1079 1173; x_wconf 79' lang='lat' dir='ltr'><strong>lli</strong></span> <span class='ocrx_word' id='word_1_114' title='bbox 1095 1125 1182 1176; x_wconf 82' lang='lat' dir='ltr'><strong>eninm</strong></span> <span class='ocrx_word' id='word_1_115' title='bbox 1196 1126 1292 1188; x_wconf 83' lang='lat' dir='ltr'><strong>quidem</strong></span> <span class='ocrx_word' id='word_1_116' title='bbox 1305 1131 1338 1179; x_wconf 89' lang='lat' dir='ltr'><strong>ita</strong></span> <span class='ocrx_word' id='word_1_117' title='bbox 1350 1138 1496 1183; x_wconf 81' lang='lat' dir='ltr'><strong>exornatum</strong></span> <span class='ocrx_word' id='word_1_118' title='bbox 1510 1137 1548 1185; x_wconf 86' lang='lat' dir='ltr'><strong>est</strong></span> <span class='ocrx_word' id='word_1_119' title='bbox 1564 1136 1730 1201; x_wconf 81' lang='lat' dir='ltr'><strong>sapientibus,</strong></span> 
     </span>
     <span class='ocr_line' id='line_1_10' title="bbox 128 1205 1377 1280; baseline -0.004 -7"><span class='ocrx_word' id='word_1_120' title='bbox 128 1207 723 1274; x_wconf 71' lang='lat' dir='ltr'><strong>angustinus‚quoauneoummugempue</strong></span> <span class='ocrx_word' id='word_1_121' title='bbox 733 1205 907 1266; x_wconf 73' lang='lat' dir='ltr'><strong>equnaeren-</strong></span> <span class='ocrx_word' id='word_1_122' title='bbox 950 1211 1082 1262; x_wconf 77' lang='lat' dir='ltr'><strong>oeternis</strong></span> <span class='ocrx_word' id='word_1_123' title='bbox 1091 1213 1236 1264; x_wconf 74' lang='lat' dir='ltr'><strong>animarum</strong></span> <span class='ocrx_word' id='word_1_124' title='bbox 1246 1215 1377 1280; x_wconf 82' lang='lat' dir='ltr'><strong>inquilinis.</strong></span> 
     </span>
     <span class='ocr_line' id='line_1_11' title="bbox 125 1293 1730 1378; baseline 0.003 -18"><span class='ocrx_word' id='word_1_125' title='bbox 125 1302 180 1359; x_wconf 57' lang='grc' dir='ltr'><strong>Μ,</strong></span> <span class='ocrx_word' id='word_1_126' title='bbox 198 1301 267 1360; x_wconf 64' lang='lat' dir='ltr'><strong>ium</strong></span> <span class='ocrx_word' id='word_1_127' title='bbox 281 1298 374 1347; x_wconf 66' lang='grc' dir='ltr'>Μῑῦῐῑθ</span> <span class='ocrx_word' id='word_1_128' title='bbox 398 1295 624 1358; x_wconf 63' lang='lat' dir='ltr'><strong>⁰⁰P¹0¹PP¹⁸²¹⁰⁰⁰¹¹¹</strong></span> <span class='ocrx_word' id='word_1_129' title='bbox 642 1293 815 1356; x_wconf 58' lang='lat' dir='ltr'><strong>leumiim,</strong></span> <span class='ocrx_word' id='word_1_130' title='bbox 831 1294 907 1343; x_wconf 64' lang='lat' dir='ltr'><strong>mist·</strong></span> <span class='ocrx_word' id='word_1_131' title='bbox 980 1303 1066 1352; x_wconf 76' lang='lat' dir='ltr'>CXXI.</span> <span class='ocrx_word' id='word_1_132' title='bbox 1081 1303 1151 1362; x_wconf 84' lang='lat' dir='ltr'><strong>Quod</strong></span> <span class='ocrx_word' id='word_1_133' title='bbox 1164 1317 1220 1354; x_wconf 85' lang='lat' dir='ltr'><strong>vero</strong></span> <span class='ocrx_word' id='word_1_134' title='bbox 1226 1317 1375 1370; x_wconf 86' lang='lat' dir='ltr'><strong>consequens</strong></span> <span class='ocrx_word' id='word_1_135' title='bbox 1386 1308 1508 1360; x_wconf 87' lang='lat' dir='ltr'><strong>rideretur</strong></span> <span class='ocrx_word' id='word_1_136' title='bbox 1519 1313 1658 1365; x_wconf 89' lang='lat' dir='ltr'><strong>mortalium</strong></span> <span class='ocrx_word' id='word_1_137' title='bbox 1671 1329 1730 1378; x_wconf 89' lang='lat' dir='ltr'><strong>quo·</strong></span> 
     </span>
     <span class='ocr_line' id='line_1_12' title="bbox 128 1380 1730 1456; baseline 0.004 -7"><span class='ocrx_word' id='word_1_138' title='bbox 128 1387 256 1448; x_wconf 64' lang='lat' dir='ltr'><strong>05⁰⁸⁸⁸tl¹¹0</strong></span> <span class='ocrx_word' id='word_1_139' title='bbox 269 1385 383 1435; x_wconf 59' lang='lat' dir='ltr'><strong>militm·</strong></span> <span class='ocrx_word' id='word_1_140' title='bbox 415 1381 507 1433; x_wconf 64' lang='lat' dir='ltr'><strong>1³0me</strong></span> <span class='ocrx_word' id='word_1_141' title='bbox 518 1385 574 1432; x_wconf 69' lang='lat'><strong>⁸⁰¹0</strong></span> <span class='ocrx_word' id='word_1_142' title='bbox 587 1394 722 1432; x_wconf 62' lang='lat' dir='ltr'><strong>‘imm</strong></span> <span class='ocrx_word' id='word_1_143' title='bbox 736 1380 838 1444; x_wconf 73' lang='lat' dir='ltr'><strong>l)rimam</strong></span> <span class='ocrx_word' id='word_1_144' title='bbox 854 1394 907 1444; x_wconf 70' lang='lat' dir='ltr'><strong>Per·</strong></span> <span class='ocrx_word' id='word_1_145' title='bbox 950 1401 1012 1452; x_wconf 79' lang='lat' dir='ltr'><strong>qtae,</strong></span> <span class='ocrx_word' id='word_1_146' title='bbox 1025 1393 1049 1440; x_wconf 89' lang='lat' dir='ltr'><strong>et</strong></span> <span class='ocrx_word' id='word_1_147' title='bbox 1060 1391 1221 1442; x_wconf 82' lang='lat' dir='ltr'><strong>obnoxiorum</strong></span> <span class='ocrx_word' id='word_1_148' title='bbox 1230 1394 1397 1456; x_wconf 86' lang='lat' dir='ltr'><strong>passionibus,</strong></span> <span class='ocrx_word' id='word_1_149' title='bbox 1413 1397 1554 1450; x_wconf 89' lang='lat' dir='ltr'><strong>animalium</strong></span> <span class='ocrx_word' id='word_1_150' title='bbox 1567 1401 1730 1455; x_wconf 86' lang='lat' dir='ltr'><strong>demonstrari</strong></span> 
     </span>
    </p>
   </div>
   <div class='ocr_carea' id='block_1_3' title="bbox 128 1469 1732 1900">
    <p class='ocr_par' dir='ltr' id='par_1_3' title="bbox 128 1469 1732 1718">
     <span class='ocr_line' id='line_1_13' title="bbox 129 1469 1732 1550; baseline 0.007 -27"><span class='ocrx_word' id='word_1_151' title='bbox 129 1475 215 1524; x_wconf 87' lang='lat' dir='ltr'><strong>tractat</strong></span> <span class='ocrx_word' id='word_1_152' title='bbox 225 1471 357 1522; x_wconf 80' lang='lat' dir='ltr'><strong>coelestium</strong></span> <span class='ocrx_word' id='word_1_153' title='bbox 366 1470 471 1532; x_wconf 87' lang='lat' dir='ltr'><strong>orbium,</strong></span> <span class='ocrx_word' id='word_1_154' title='bbox 483 1470 524 1532; x_wconf 88' lang='lat' dir='ltr'><strong>qui</strong></span> <span class='ocrx_word' id='word_1_155' title='bbox 536 1474 594 1520; x_wconf 84' lang='lat' dir='ltr'><strong>sunt</strong></span> <span class='ocrx_word' id='word_1_156' title='bbox 606 1469 674 1518; x_wconf 80' lang='lat' dir='ltr'><strong>inlini</strong></span> <span class='ocrx_word' id='word_1_157' title='bbox 682 1470 752 1532; x_wconf 77' lang='lat' dir='ltr'><strong>teugo</strong></span> <span class='ocrx_word' id='word_1_158' title='bbox 762 1471 821 1519; x_wconf 77' lang='lat' dir='ltr'><strong>rate</strong></span> <span class='ocrx_word' id='word_1_159' title='bbox 834 1471 908 1530; x_wconf 89' lang='lat' dir='ltr'><strong>atque</strong></span> <span class='ocrx_word' id='word_1_160' title='bbox 950 1471 1098 1535; x_wconf 86' lang='lat' dir='ltr'><strong>genituram,</strong></span> <span class='ocrx_word' id='word_1_161' title='bbox 1121 1473 1173 1524; x_wconf 79' lang='lat' dir='ltr'><strong>baso</strong></span> <span class='ocrx_word' id='word_1_162' title='bbox 1202 1478 1260 1525; x_wconf 81' lang='lat' dir='ltr'><strong>sunt</strong></span> <span class='ocrx_word' id='word_1_163' title='bbox 1281 1489 1351 1539; x_wconf 91' lang='lat' dir='ltr'><strong>porro</strong></span> <span class='ocrx_word' id='word_1_164' title='bbox 1371 1483 1467 1530; x_wconf 88' lang='lat' dir='ltr'><strong>terrena</strong></span> <span class='ocrx_word' id='word_1_165' title='bbox 1492 1483 1574 1543; x_wconf 79' lang='lat' dir='ltr'><strong>:jure</strong></span> <span class='ocrx_word' id='word_1_166' title='bbox 1596 1487 1732 1550; x_wconf 88' lang='lat' dir='ltr'><strong>meritoque</strong></span> 
     </span>
     <span class='ocr_line' id='line_1_14' title="bbox 129 1559 1728 1637; baseline 0.004 -26"><span class='ocrx_word' id='word_1_167' title='bbox 129 1562 263 1614; x_wconf 76' lang='lat' dir='ltr'><strong>inerrabilis</strong></span> <span class='ocrx_word' id='word_1_168' title='bbox 273 1560 750 1622; x_wconf 80' lang='lat' dir='ltr'><strong>mnrmsionis,geueraiionem,eomm</strong></span> <span class='ocrx_word' id='word_1_169' title='bbox 757 1559 840 1620; x_wconf 74' lang='lat' dir='ltr'><strong>etiam</strong></span> <span class='ocrx_word' id='word_1_170' title='bbox 853 1572 908 1621; x_wconf 78' lang='lat' dir='ltr'><strong>qum</strong></span> <span class='ocrx_word' id='word_1_171' title='bbox 951 1561 1034 1624; x_wconf 86' lang='lat' dir='ltr'><strong>prius,</strong></span> <span class='ocrx_word' id='word_1_172' title='bbox 1047 1575 1104 1626; x_wconf 80' lang='lat' dir='ltr'><strong>quae</strong></span> <span class='ocrx_word' id='word_1_173' title='bbox 1118 1563 1149 1614; x_wconf 88' lang='lat' dir='ltr'><strong>de</strong></span> <span class='ocrx_word' id='word_1_174' title='bbox 1168 1567 1230 1614; x_wconf 90' lang='lat' dir='ltr'><strong>terra</strong></span> <span class='ocrx_word' id='word_1_175' title='bbox 1250 1565 1302 1626; x_wconf 89' lang='lat' dir='ltr'><strong>ipsa</strong></span> <span class='ocrx_word' id='word_1_176' title='bbox 1320 1565 1421 1618; x_wconf 87' lang='lat' dir='ltr'><strong>dicenda</strong></span> <span class='ocrx_word' id='word_1_177' title='bbox 1436 1569 1599 1630; x_wconf 81' lang='lat' dir='ltr'><strong>existimabat,</strong></span> <span class='ocrx_word' id='word_1_178' title='bbox 1620 1575 1728 1637; x_wconf 80' lang='lat' dir='ltr'><strong>exponit,</strong></span> 
     </span>
     <span class='ocr_line' id='line_1_15' title="bbox 128 1649 1732 1718; baseline -0.002 -2"><span class='ocrx_word' id='word_1_179' title='bbox 128 1651 235 1701; x_wconf 53' lang='lat' dir='ltr'><strong>muniit·</strong></span> <span class='ocrx_word' id='word_1_180' title='bbox 248 1649 428 1713; x_wconf 59' lang='lat' dir='ltr'><strong>⁰⁰¹¹¹P¹00²¹i¹¹h</strong></span> <span class='ocrx_word' id='word_1_181' title='bbox 950 1649 1015 1698; x_wconf 81' lang='lat' dir='ltr'><strong>Dicit</strong></span> <span class='ocrx_word' id='word_1_182' title='bbox 1028 1652 1109 1700; x_wconf 87' lang='lat' dir='ltr'><strong>aulem</strong></span> <span class='ocrx_word' id='word_1_183' title='bbox 1128 1650 1193 1713; x_wconf 94' lang='lat' dir='ltr'><strong>quod</strong></span> <span class='ocrx_word' id='word_1_184' title='bbox 1206 1653 1267 1702; x_wconf 90' lang='lat' dir='ltr'><strong>banc</strong></span> <span class='ocrx_word' id='word_1_185' title='bbox 1281 1667 1380 1718; x_wconf 84' lang='lat' dir='ltr'><strong>quoque</strong></span> <span class='ocrx_word' id='word_1_186' title='bbox 1400 1658 1468 1707; x_wconf 84' lang='lat' dir='ltr'><strong>Dens</strong></span> <span class='ocrx_word' id='word_1_187' title='bbox 1484 1662 1654 1712; x_wconf 82' lang='lat' dir='ltr'><strong>constrictum</strong></span> <span class='ocrx_word' id='word_1_188' title='bbox 1664 1661 1732 1712; x_wconf 80' lang='lat' dir='ltr'><strong>limi·</strong></span> 
     </span>
    </p>

    <p class='ocr_par' dir='ltr' id='par_1_4' title="bbox 129 1735 1730 1900">
     <span class='ocr_line' id='line_1_16' title="bbox 159 1735 1730 1814; baseline 0.003 -18"><span class='ocrx_word' id='word_1_189' title='bbox 159 1738 212 1788; x_wconf 79' lang='grc' dir='ltr'><strong>Ἵνα</strong></span> <span class='ocrx_word' id='word_1_190' title='bbox 224 1737 274 1786; x_wconf 79' lang='grc' dir='ltr'>τόδ’</span> <span class='ocrx_word' id='word_1_191' title='bbox 286 1740 319 1793; x_wconf 76' lang='grc' dir='ltr'><strong>ὡς</strong></span> <span class='ocrx_word' id='word_1_192' title='bbox 333 1736 470 1799; x_wconf 61' lang='lat' dir='ltr'><strong>⁶P⁰t⁶issi⁰t</strong></span> <span class='ocrx_word' id='word_1_193' title='bbox 480 1735 498 1798; x_wconf 69' lang='grc' dir='ltr'>ἦ</span> <span class='ocrx_word' id='word_1_194' title='bbox 509 1740 545 1799; x_wconf 64' lang='grc' dir='ltr'><strong>τῷ</strong></span> <span class='ocrx_word' id='word_1_195' title='bbox 555 1736 627 1800; x_wconf 58' lang='lat' dir='ltr'><strong>“Met</strong></span> <span class='ocrx_word' id='word_1_196' title='bbox 639 1737 680 1785; x_wconf 61' lang='grc' dir='ltr'><strong>καὶ</strong></span> <span class='ocrx_word' id='word_1_197' title='bbox 693 1739 773 1799; x_wconf 76' lang='grc' dir='ltr'>νοητῷ</span> <span class='ocrx_word' id='word_1_198' title='bbox 787 1735 842 1799; x_wconf 72' lang='lat' dir='ltr'><strong>&lt;pp</strong></span> <span class='ocrx_word' id='word_1_199' title='bbox 852 1736 907 1798; x_wconf 79' lang='lat' dir='ltr'><strong>node</strong></span> <span class='ocrx_word' id='word_1_200' title='bbox 950 1735 1060 1786; x_wconf 82' lang='lat' dir='ltr'><strong>milibus</strong></span> <span class='ocrx_word' id='word_1_201' title='bbox 1076 1749 1125 1800; x_wconf 88' lang='lat' dir='ltr'><strong>per</strong></span> <span class='ocrx_word' id='word_1_202' title='bbox 1144 1741 1234 1790; x_wconf 85' lang='lat' dir='ltr'><strong>omniu</strong></span> <span class='ocrx_word' id='word_1_203' title='bbox 1254 1739 1384 1802; x_wconf 82' lang='lat' dir='ltr'><strong>cudentis,</strong></span> <span class='ocrx_word' id='word_1_204' title='bbox 1402 1746 1428 1792; x_wconf 84' lang='lat' dir='ltr'><strong>et</strong></span> <span class='ocrx_word' id='word_1_205' title='bbox 1448 1747 1544 1795; x_wconf 86' lang='lat' dir='ltr'><strong>cuncto</strong></span> <span class='ocrx_word' id='word_1_206' title='bbox 1560 1751 1730 1814; x_wconf 83' lang='lat' dir='ltr'><strong>continentis,</strong></span> 
     </span>
     <span class='ocr_line' id='line_1_17' title="bbox 129 1823 1728 1900; baseline -0.006 -16"><span class='ocrx_word' id='word_1_207' title='bbox 129 1825 352 1885; x_wconf 55' lang='lat' dir='ltr'><strong>floressiensem</strong></span> <span class='ocrx_word' id='word_1_208' title='bbox 366 1823 576 1888; x_wconf 69' lang='lat' dir='ltr'><strong>pipqmupieeue.</strong></span> <span class='ocrx_word' id='word_1_209' title='bbox 786 1869 789 1875; x_wconf 90' lang='lat'><em>.</em></span> <span class='ocrx_word' id='word_1_210' title='bbox 950 1825 1005 1888; x_wconf 88' lang='lat' dir='ltr'><strong>poti</strong></span> <span class='ocrx_word' id='word_1_211' title='bbox 1012 1861 1020 1888; x_wconf 92' lang='lat'><strong>,</strong></span> <span class='ocrx_word' id='word_1_212' title='bbox 1034 1829 1200 1878; x_wconf 80' lang='lat' dir='ltr'><strong>constituerit</strong></span> <span class='ocrx_word' id='word_1_213' title='bbox 1212 1830 1296 1879; x_wconf 82' lang='lat' dir='ltr'><strong>noctis</strong></span> <span class='ocrx_word' id='word_1_214' title='bbox 1309 1828 1416 1892; x_wconf 80' lang='lat' dir='ltr'><strong>dieique</strong></span> <span class='ocrx_word' id='word_1_215' title='bbox 1430 1831 1571 1882; x_wconf 82' lang='lat' dir='ltr'><strong>custodem.</strong></span> <span class='ocrx_word' id='word_1_216' title='bbox 1624 1836 1671 1887; x_wconf 72' lang='lat' dir='ltr'><strong>sed</strong></span> <span class='ocrx_word' id='word_1_217' title='bbox 1682 1850 1728 1900; x_wconf 70' lang='lat'><strong>1³⁰·</strong></span> 
     </span>
    </p>
   </div>
   <div class='ocr_carea' id='block_1_4' title="bbox 160 1899 1828 1986">
    <p class='ocr_par' dir='ltr' id='par_1_5' title="bbox 160 1899 1828 1986">
     <span class='ocr_line' id='line_1_18' title="bbox 160 1899 1828 1986; baseline 0.006 -22"><span class='ocrx_word' id='word_1_218' title='bbox 160 1917 215 1973; x_wconf 75' lang='lat' dir='ltr'><strong>Quo</strong></span> <span class='ocrx_word' id='word_1_219' title='bbox 227 1916 264 1963; x_wconf 84' lang='lat' dir='ltr'><strong>sit</strong></span> <span class='ocrx_word' id='word_1_220' title='bbox 284 1913 366 1976; x_wconf 85' lang='lat' dir='ltr'><strong>piena</strong></span> <span class='ocrx_word' id='word_1_221' title='bbox 379 1912 555 1977; x_wconf 71' lang='lat' dir='ltr'><strong>perfectoque</strong></span> <span class='ocrx_word' id='word_1_222' title='bbox 567 1915 694 1963; x_wconf 80' lang='lat' dir='ltr'><strong>universo</strong></span> <span class='ocrx_word' id='word_1_223' title='bbox 712 1925 770 1975; x_wconf 84' lang='lat' dir='ltr'><strong>res,</strong></span> <span class='ocrx_word' id='word_1_224' title='bbox 787 1912 906 1962; x_wconf 85' lang='lat' dir='ltr'><strong>animot-</strong></span> <span class='ocrx_word' id='word_1_225' title='bbox 951 1913 1008 1964; x_wconf 84' lang='lat' dir='ltr'><strong>lom</strong></span> <span class='ocrx_word' id='word_1_226' title='bbox 1022 1915 1148 1977; x_wconf 90' lang='lat' dir='ltr'><strong>nuncupat</strong></span> <span class='ocrx_word' id='word_1_227' title='bbox 1160 1928 1231 1966; x_wconf 87' lang='lat' dir='ltr'><strong>axem</strong></span> <span class='ocrx_word' id='word_1_228' title='bbox 1245 1929 1316 1979; x_wconf 66' lang='lat' dir='ltr'><strong>sum,</strong></span> <span class='ocrx_word' id='word_1_229' title='bbox 1329 1918 1370 1979; x_wconf 91' lang='lat' dir='ltr'><strong>qni</strong></span> <span class='ocrx_word' id='word_1_230' title='bbox 1387 1931 1460 1970; x_wconf 90' lang='lat' dir='ltr'><strong>omne</strong></span> <span class='ocrx_word' id='word_1_231' title='bbox 1473 1920 1559 1971; x_wconf 90' lang='lat' dir='ltr'><strong>mundi</strong></span> <span class='ocrx_word' id='word_1_232' title='bbox 1573 1933 1663 1984; x_wconf 83' lang='lat' dir='ltr'><strong>corpus</strong></span> <span class='ocrx_word' id='word_1_233' title='bbox 1675 1937 1730 1986; x_wconf 90' lang='lat' dir='ltr'><strong>per-</strong></span> <span class='ocrx_word' id='word_1_234' title='bbox 1826 1899 1828 1906; x_wconf 69' lang='lat'><strong>,</strong></span> 
     </span>
    </p>
   </div>
   <div class='ocr_carea' id='block_1_5' title="bbox 128 1999 1762 3120">
    <p class='ocr_par' dir='ltr' id='par_1_6' title="bbox 128 1999 1762 3120">
     <span class='ocr_line' id='line_1_19' title="bbox 129 1999 1732 2072; baseline 0.003 -19"><span class='ocrx_word' id='word_1_235' title='bbox 129 2002 301 2066; x_wconf 82' lang='lat' dir='ltr'><strong>queseosttis</strong></span> <span class='ocrx_word' id='word_1_236' title='bbox 316 2000 409 2051; x_wconf 82' lang='lat' dir='ltr'><strong>mundi</strong></span> <span class='ocrx_word' id='word_1_237' title='bbox 424 2003 578 2064; x_wconf 70' lang='lat' dir='ltr'><strong>munimem</strong></span> <span class='ocrx_word' id='word_1_238' title='bbox 595 1999 799 2052; x_wconf 82' lang='lat' dir='ltr'><strong>similitudinem</strong></span> <span class='ocrx_word' id='word_1_239' title='bbox 815 2002 908 2052; x_wconf 83' lang='lat' dir='ltr'><strong>nouel-</strong></span> <span class='ocrx_word' id='word_1_240' title='bbox 951 2000 1027 2050; x_wconf 87' lang='lat' dir='ltr'><strong>radit.</strong></span> <span class='ocrx_word' id='word_1_241' title='bbox 1069 2004 1244 2053; x_wconf 78' lang='lat' dir='ltr'><strong>constrictum</strong></span> <span class='ocrx_word' id='word_1_242' title='bbox 1263 2016 1320 2054; x_wconf 82' lang='lat' dir='ltr'><strong>vero</strong></span> <span class='ocrx_word' id='word_1_243' title='bbox 1337 2003 1462 2066; x_wconf 77' lang='lat' dir='ltr'><strong>dupliciter</strong></span> <span class='ocrx_word' id='word_1_244' title='bbox 1480 2005 1675 2072; x_wconf 86' lang='lat' dir='ltr'><strong>intelligendum,</strong></span> <span class='ocrx_word' id='word_1_245' title='bbox 1695 2009 1732 2060; x_wconf 84' lang='lat' dir='ltr'><strong>rel</strong></span> 
     </span>
     <span class='ocr_line' id='line_1_20' title="bbox 128 2087 1732 2157; baseline 0.004 -17"><span class='ocrx_word' id='word_1_246' title='bbox 128 2087 353 2154; x_wconf 81' lang='lat' dir='ltr'><strong>scotar,perseetc</strong></span> <span class='ocrx_word' id='word_1_247' title='bbox 363 2088 576 2152; x_wconf 79' lang='lat' dir='ltr'><strong>intelligibilique</strong></span> <span class='ocrx_word' id='word_1_248' title='bbox 585 2091 611 2138; x_wconf 88' lang='lat' dir='ltr'><strong>et</strong></span> <span class='ocrx_word' id='word_1_249' title='bbox 622 2087 854 2152; x_wconf 74' lang='lat' dir='ltr'><strong>exemplariecae</strong></span> <span class='ocrx_word' id='word_1_250' title='bbox 863 2100 906 2151; x_wconf 78' lang='lat' dir='ltr'><strong>pe·</strong></span> <span class='ocrx_word' id='word_1_251' title='bbox 949 2087 1020 2149; x_wconf 84' lang='lat' dir='ltr'><strong>juxta</strong></span> <span class='ocrx_word' id='word_1_252' title='bbox 1039 2088 1198 2150; x_wconf 75' lang='lat' dir='ltr'><strong>Pythagoram</strong></span> <span class='ocrx_word' id='word_1_253' title='bbox 1219 2096 1352 2140; x_wconf 85' lang='lat' dir='ltr'><strong>vertentem</strong></span> <span class='ocrx_word' id='word_1_254' title='bbox 1373 2103 1400 2142; x_wconf 88' lang='lat' dir='ltr'><strong>se</strong></span> <span class='ocrx_word' id='word_1_255' title='bbox 1424 2093 1517 2142; x_wconf 86' lang='lat' dir='ltr'><strong>circum</strong></span> <span class='ocrx_word' id='word_1_256' title='bbox 1540 2107 1628 2157; x_wconf 83' lang='lat' dir='ltr'><strong>anem,</strong></span> <span class='ocrx_word' id='word_1_257' title='bbox 1654 2096 1732 2157; x_wconf 84' lang='lat' dir='ltr'><strong>placet</strong></span> 
     </span>
     <span class='ocr_line' id='line_1_21' title="bbox 128 2174 1730 2240; baseline 0.002 -12"><span class='ocrx_word' id='word_1_258' title='bbox 128 2181 186 2228; x_wconf 81' lang='lat' dir='ltr'><strong>cito</strong></span> <span class='ocrx_word' id='word_1_259' title='bbox 198 2177 311 2233; x_wconf 56' lang='lat' dir='ltr'><strong>meod&amp;</strong></span> <span class='ocrx_word' id='word_1_260' title='bbox 951 2174 1042 2238; x_wconf 87' lang='lat' dir='ltr'><strong>quippe</strong></span> <span class='ocrx_word' id='word_1_261' title='bbox 1061 2176 1217 2238; x_wconf 71' lang='lat' dir='ltr'><strong>Pythagoreis</strong></span> <span class='ocrx_word' id='word_1_262' title='bbox 1233 2177 1327 2239; x_wconf 82' lang='lat' dir='ltr'><strong>ignem,</strong></span> <span class='ocrx_word' id='word_1_263' title='bbox 1347 2181 1599 2240; x_wconf 79' lang='lat' dir='ltr'><strong>utpotemateriarum</strong></span> <span class='ocrx_word' id='word_1_264' title='bbox 1620 2183 1730 2232; x_wconf 88' lang='lat' dir='ltr'><strong>omnium</strong></span> 
     </span>
     <span class='ocr_line' id='line_1_22' title="bbox 160 2261 1734 2329; baseline 0.004 -15"><span class='ocrx_word' id='word_1_265' title='bbox 160 2263 908 2327; x_wconf 78' lang='lat' dir='ltr'><strong>Quatuorquesensiliumanimaliumspeeies,tamcoelestium,</strong></span> <span class='ocrx_word' id='word_1_266' title='bbox 952 2261 1097 2324; x_wconf 85' lang='lat' dir='ltr'><strong>prinoipem,</strong></span> <span class='ocrx_word' id='word_1_267' title='bbox 1108 2262 1261 2313; x_wconf 87' lang='lat' dir='ltr'><strong>medietatem</strong></span> <span class='ocrx_word' id='word_1_268' title='bbox 1278 2264 1363 2314; x_wconf 91' lang='lat' dir='ltr'><strong>mundi</strong></span> <span class='ocrx_word' id='word_1_269' title='bbox 1378 2265 1501 2328; x_wconf 90' lang='lat' dir='ltr'><strong>obtinere,</strong></span> <span class='ocrx_word' id='word_1_270' title='bbox 1518 2281 1589 2329; x_wconf 89' lang='lat' dir='ltr'><strong>quem</strong></span> <span class='ocrx_word' id='word_1_271' title='bbox 1606 2271 1677 2320; x_wconf 76' lang='lat' dir='ltr'><strong>lovis</strong></span> <span class='ocrx_word' id='word_1_272' title='bbox 1688 2281 1734 2320; x_wconf 82' lang='lat' dir='ltr'><strong>cat-</strong></span> 
     </span>
     <span class='ocr_line' id='line_1_23' title="bbox 128 2349 1732 2420; baseline 0.002 -18"><span class='ocrx_word' id='word_1_273' title='bbox 128 2365 203 2416; x_wconf 89' lang='lat' dir='ltr'><strong>quam</strong></span> <span class='ocrx_word' id='word_1_274' title='bbox 220 2355 389 2414; x_wconf 86' lang='lat' dir='ltr'><strong>terrenomm,</strong></span> <span class='ocrx_word' id='word_1_275' title='bbox 406 2350 509 2402; x_wconf 87' lang='lat' dir='ltr'><strong>naturali</strong></span> <span class='ocrx_word' id='word_1_276' title='bbox 530 2351 731 2414; x_wconf 78' lang='lat' dir='ltr'><strong>contemplatione</strong></span> <span class='ocrx_word' id='word_1_277' title='bbox 750 2350 907 2401; x_wconf 90' lang='lat' dir='ltr'><strong>dinumerat:</strong></span> <span class='ocrx_word' id='word_1_278' title='bbox 952 2349 1051 2400; x_wconf 81' lang='lat' dir='ltr'><strong>stodem</strong></span> <span class='ocrx_word' id='word_1_279' title='bbox 1064 2349 1185 2413; x_wconf 89' lang='lat' dir='ltr'><strong>appellant</strong></span> <span class='ocrx_word' id='word_1_280' title='bbox 1199 2364 1205 2397; x_wconf 96' lang='lat'><strong>:</strong></span> <span class='ocrx_word' id='word_1_281' title='bbox 1221 2363 1262 2412; x_wconf 92' lang='lat' dir='ltr'><strong>per</strong></span> <span class='ocrx_word' id='word_1_282' title='bbox 1274 2351 1338 2400; x_wconf 84' lang='lat' dir='ltr'><strong>lione</strong></span> <span class='ocrx_word' id='word_1_283' title='bbox 1349 2365 1420 2414; x_wconf 90' lang='lat' dir='ltr'><strong>porro</strong></span> <span class='ocrx_word' id='word_1_284' title='bbox 1436 2354 1694 2420; x_wconf 83' lang='lat' dir='ltr'><strong>movericircumaetas</strong></span> <span class='ocrx_word' id='word_1_285' title='bbox 1705 2355 1732 2406; x_wconf 87' lang='lat' dir='ltr'><strong>in</strong></span> 
     </span>
     <span class='ocr_line' id='line_1_24' title="bbox 128 2438 1733 2507; baseline -0.002 -12"><span class='ocrx_word' id='word_1_286' title='bbox 128 2446 262 2496; x_wconf 72' lang='lat' dir='ltr'><strong>eoelestim</strong></span> <span class='ocrx_word' id='word_1_287' title='bbox 279 2445 376 2507; x_wconf 88' lang='lat' dir='ltr'><strong>quidem</strong></span> <span class='ocrx_word' id='word_1_288' title='bbox 393 2443 488 2506; x_wconf 88' lang='lat' dir='ltr'><strong>stellas,</strong></span> <span class='ocrx_word' id='word_1_289' title='bbox 506 2446 655 2494; x_wconf 90' lang='lat' dir='ltr'><strong>terrenorum</strong></span> <span class='ocrx_word' id='word_1_290' title='bbox 668 2455 727 2493; x_wconf 82' lang='lat' dir='ltr'><strong>vero</strong></span> <span class='ocrx_word' id='word_1_291' title='bbox 744 2442 868 2503; x_wconf 85' lang='lat' dir='ltr'><strong>volatilia,</strong></span> <span class='ocrx_word' id='word_1_292' title='bbox 884 2444 909 2492; x_wconf 87' lang='lat' dir='ltr'><strong>et</strong></span> <span class='ocrx_word' id='word_1_293' title='bbox 952 2451 1047 2502; x_wconf 72' lang='lat' dir='ltr'><strong>gyrum,</strong></span> <span class='ocrx_word' id='word_1_294' title='bbox 1054 2438 1406 2502; x_wconf 80' lang='lat' dir='ltr'><strong>tanquamstellas,lerram‚et</strong></span> <span class='ocrx_word' id='word_1_295' title='bbox 1417 2441 1541 2504; x_wconf 72' lang='grc' dir='ltr'><strong>ἀντίχθονα</strong></span> <span class='ocrx_word' id='word_1_296' title='bbox 1551 2444 1686 2504; x_wconf 78' lang='lat' dir='ltr'><strong>:quarenel</strong></span> <span class='ocrx_word' id='word_1_297' title='bbox 1697 2443 1733 2493; x_wconf 86' lang='lat' dir='ltr'><strong>sic</strong></span> 
     </span>
     <span class='ocr_line' id='line_1_25' title="bbox 129 2524 1733 2593; baseline -0.001 -13"><span class='ocrx_word' id='word_1_298' title='bbox 129 2531 188 2582; x_wconf 90' lang='lat' dir='ltr'><strong>item</strong></span> <span class='ocrx_word' id='word_1_299' title='bbox 201 2532 322 2592; x_wconf 73' lang='lat' dir='ltr'><strong>camolia,</strong></span> <span class='ocrx_word' id='word_1_300' title='bbox 340 2543 444 2593; x_wconf 81' lang='lat' dir='ltr'><strong>qumque</strong></span> <span class='ocrx_word' id='word_1_301' title='bbox 463 2544 505 2593; x_wconf 87' lang='lat' dir='ltr'><strong>per</strong></span> <span class='ocrx_word' id='word_1_302' title='bbox 523 2536 611 2581; x_wconf 89' lang='lat' dir='ltr'><strong>terram</strong></span> <span class='ocrx_word' id='word_1_303' title='bbox 631 2531 750 2593; x_wconf 78' lang='lat' dir='ltr'><strong>feremur,</strong></span> <span class='ocrx_word' id='word_1_304' title='bbox 772 2530 825 2592; x_wconf 82' lang='lat' dir='ltr'><strong>jure</strong></span> <span class='ocrx_word' id='word_1_305' title='bbox 845 2529 910 2578; x_wconf 87' lang='lat' dir='ltr'><strong>dieta</strong></span> <span class='ocrx_word' id='word_1_306' title='bbox 952 2524 1324 2587; x_wconf 87' lang='lat' dir='ltr'><strong>intelligendum,relsliquanto</strong></span> <span class='ocrx_word' id='word_1_307' title='bbox 1336 2527 1635 2589; x_wconf 76' lang='lat' dir='ltr'><strong>verisimilius,nredietati</strong></span> <span class='ocrx_word' id='word_1_308' title='bbox 1648 2531 1733 2580; x_wconf 89' lang='lat' dir='ltr'><strong>mundi</strong></span> 
     </span>
     <span class='ocr_line' id='line_1_26' title="bbox 130 2611 1732 2682; baseline -0.001 -14"><span class='ocrx_word' id='word_1_309' title='bbox 130 2623 223 2669; x_wconf 86' lang='lat' dir='ltr'><strong>terrena</strong></span> <span class='ocrx_word' id='word_1_310' title='bbox 233 2656 242 2682; x_wconf 95' lang='lat'><strong>,</strong></span> <span class='ocrx_word' id='word_1_311' title='bbox 253 2619 340 2681; x_wconf 88' lang='lat' dir='ltr'><strong>qnippe</strong></span> <span class='ocrx_word' id='word_1_312' title='bbox 348 2632 405 2682; x_wconf 78' lang='lat' dir='ltr'><strong>qum</strong></span> <span class='ocrx_word' id='word_1_313' title='bbox 418 2620 484 2669; x_wconf 83' lang='lat' dir='ltr'><strong>terra</strong></span> <span class='ocrx_word' id='word_1_314' title='bbox 492 2618 638 2680; x_wconf 88' lang='lat' dir='ltr'><strong>nutriantur,</strong></span> <span class='ocrx_word' id='word_1_315' title='bbox 648 2623 673 2668; x_wconf 88' lang='lat' dir='ltr'><strong>et</strong></span> <span class='ocrx_word' id='word_1_316' title='bbox 681 2619 705 2667; x_wconf 92' lang='lat' dir='ltr'><strong>iu</strong></span> <span class='ocrx_word' id='word_1_317' title='bbox 719 2618 828 2678; x_wconf 78' lang='lat' dir='ltr'><strong>eiusdem</strong></span> <span class='ocrx_word' id='word_1_318' title='bbox 838 2620 909 2668; x_wconf 76' lang='lat' dir='ltr'><strong>terras</strong></span> <span class='ocrx_word' id='word_1_319' title='bbox 952 2611 1116 2680; x_wconf 69' lang='lat' dir='ltr'><strong>adherentem</strong></span> <span class='ocrx_word' id='word_1_320' title='bbox 1131 2612 1255 2674; x_wconf 88' lang='lat' dir='ltr'><strong>quiescere</strong></span> <span class='ocrx_word' id='word_1_321' title='bbox 1267 2615 1372 2675; x_wconf 87' lang='lat' dir='ltr'><strong>terram,</strong></span> <span class='ocrx_word' id='word_1_322' title='bbox 1383 2619 1554 2676; x_wconf 73' lang='lat' dir='ltr'><strong>proptereaque</strong></span> <span class='ocrx_word' id='word_1_323' title='bbox 1565 2618 1590 2666; x_wconf 91' lang='lat' dir='ltr'><strong>et</strong></span> <span class='ocrx_word' id='word_1_324' title='bbox 1598 2629 1612 2664; x_wconf 86' lang='lat' dir='ltr'><strong>a</strong></span> <span class='ocrx_word' id='word_1_325' title='bbox 1621 2616 1732 2678; x_wconf 88' lang='lat' dir='ltr'><strong>Platone,</strong></span> 
     </span>
     <span class='ocr_line' id='line_1_27' title="bbox 129 2699 1733 2769; baseline -0.001 -13"><span class='ocrx_word' id='word_1_326' title='bbox 129 2706 222 2769; x_wconf 90' lang='lat' dir='ltr'><strong>gremio</strong></span> <span class='ocrx_word' id='word_1_327' title='bbox 241 2707 364 2769; x_wconf 81' lang='lat' dir='ltr'><strong>quieseant</strong></span> <span class='ocrx_word' id='word_1_328' title='bbox 377 2725 384 2755; x_wconf 75' lang='grc' dir='ltr'><strong>ι</strong></span> <span class='ocrx_word' id='word_1_329' title='bbox 397 2705 512 2768; x_wconf 88' lang='lat' dir='ltr'><strong>quodque</strong></span> <span class='ocrx_word' id='word_1_330' title='bbox 527 2718 627 2767; x_wconf 88' lang='lat' dir='ltr'><strong>corpora</strong></span> <span class='ocrx_word' id='word_1_331' title='bbox 648 2717 741 2765; x_wconf 90' lang='lat' dir='ltr'><strong>eorum,</strong></span> <span class='ocrx_word' id='word_1_332' title='bbox 765 2717 797 2754; x_wconf 82' lang='lat' dir='ltr'><strong>ex</strong></span> <span class='ocrx_word' id='word_1_333' title='bbox 819 2704 910 2764; x_wconf 84' lang='lat' dir='ltr'><strong>majore</strong></span> <span class='ocrx_word' id='word_1_334' title='bbox 952 2701 978 2748; x_wconf 86' lang='lat' dir='ltr'><strong>et</strong></span> <span class='ocrx_word' id='word_1_335' title='bbox 997 2712 1012 2747; x_wconf 90' lang='lat' dir='ltr'><strong>a</strong></span> <span class='ocrx_word' id='word_1_336' title='bbox 1031 2699 1114 2748; x_wconf 90' lang='lat' dir='ltr'><strong>mullis</strong></span> <span class='ocrx_word' id='word_1_337' title='bbox 1141 2699 1209 2758; x_wconf 89' lang='lat' dir='ltr'><strong>aliis,</strong></span> <span class='ocrx_word' id='word_1_338' title='bbox 1231 2701 1331 2749; x_wconf 79' lang='lat' dir='ltr'><strong>vestam</strong></span> <span class='ocrx_word' id='word_1_339' title='bbox 1358 2701 1531 2762; x_wconf 88' lang='lat' dir='ltr'><strong>cognominari.</strong></span> <span class='ocrx_word' id='word_1_340' title='bbox 1576 2703 1685 2765; x_wconf 86' lang='lat' dir='ltr'><strong>Denique</strong></span> <span class='ocrx_word' id='word_1_341' title='bbox 1708 2704 1733 2753; x_wconf 90' lang='lat' dir='ltr'><strong>in</strong></span> 
     </span>
     <span class='ocr_line' id='line_1_28' title="bbox 130 2790 1737 2864; baseline 0.001 -21"><span class='ocrx_word' id='word_1_342' title='bbox 130 2798 197 2857; x_wconf 90' lang='lat' dir='ltr'><strong>parte</strong></span> <span class='ocrx_word' id='word_1_343' title='bbox 209 2796 320 2854; x_wconf 90' lang='lat' dir='ltr'><strong>terrena,</strong></span> <span class='ocrx_word' id='word_1_344' title='bbox 333 2807 363 2845; x_wconf 80' lang='lat' dir='ltr'><strong>ea</strong></span> <span class='ocrx_word' id='word_1_345' title='bbox 380 2793 509 2844; x_wconf 87' lang='lat' dir='ltr'><strong>obtinentis</strong></span> <span class='ocrx_word' id='word_1_346' title='bbox 531 2793 639 2842; x_wconf 83' lang='lat' dir='ltr'><strong>materiae</strong></span> <span class='ocrx_word' id='word_1_347' title='bbox 656 2792 774 2842; x_wconf 86' lang='lat' dir='ltr'><strong>vocabulo</strong></span> <span class='ocrx_word' id='word_1_348' title='bbox 785 2793 908 2854; x_wconf 89' lang='lat' dir='ltr'><strong>cognomi·</strong></span> <span class='ocrx_word' id='word_1_349' title='bbox 953 2790 1056 2840; x_wconf 82' lang='lat' dir='ltr'><strong>Pbmdro</strong></span> <span class='ocrx_word' id='word_1_350' title='bbox 1068 2790 1131 2840; x_wconf 88' lang='lat' dir='ltr'><strong>idem</strong></span> <span class='ocrx_word' id='word_1_351' title='bbox 1141 2791 1175 2840; x_wconf 88' lang='lat' dir='ltr'><strong>ait</strong></span> <span class='ocrx_word' id='word_1_352' title='bbox 1187 2805 1194 2838; x_wconf 75' lang='grc' dir='ltr'><strong>ε</strong></span> <span class='ocrx_word' id='word_1_353' title='bbox 1207 2809 1219 2834; x_wconf 78' lang='grc' dir='ltr'>ι</span> <span class='ocrx_word' id='word_1_354' title='bbox 1231 2793 1310 2842; x_wconf 83' lang='lat' dir='ltr'><strong>manet</strong></span> <span class='ocrx_word' id='word_1_355' title='bbox 1321 2792 1386 2842; x_wconf 88' lang='lat' dir='ltr'><strong>enim</strong></span> <span class='ocrx_word' id='word_1_356' title='bbox 1394 2793 1468 2842; x_wconf 82' lang='lat' dir='ltr'><strong>Vesta</strong></span> <span class='ocrx_word' id='word_1_357' title='bbox 1477 2793 1503 2842; x_wconf 91' lang='lat' dir='ltr'><strong>in</strong></span> <span class='ocrx_word' id='word_1_358' title='bbox 1513 2792 1596 2864; x_wconf 72' lang='lat' dir='ltr'><strong>dinino</strong></span> <span class='ocrx_word' id='word_1_359' title='bbox 1609 2792 1737 2844; x_wconf 86' lang='lat' dir='ltr'><strong>domicilio</strong></span> 
     </span>
     <span class='ocr_line' id='line_1_29' title="bbox 129 2879 1066 2944; baseline -0.004 -13"><span class='ocrx_word' id='word_1_360' title='bbox 129 2884 217 2932; x_wconf 79' lang='lat' dir='ltr'><strong>nentur</strong></span> <span class='ocrx_word' id='word_1_361' title='bbox 230 2902 236 2933; x_wconf 70' lang='grc' dir='ltr'><strong>ι</strong></span> <span class='ocrx_word' id='word_1_362' title='bbox 251 2879 390 2943; x_wconf 85' lang='lat' dir='ltr'><strong>perindeul</strong></span> <span class='ocrx_word' id='word_1_363' title='bbox 403 2882 524 2940; x_wconf 77' lang='lat' dir='ltr'><strong>eoelestia,</strong></span> <span class='ocrx_word' id='word_1_364' title='bbox 537 2885 594 2944; x_wconf 80' lang='lat' dir='ltr'><strong>quoe</strong></span> <span class='ocrx_word' id='word_1_365' title='bbox 611 2893 642 2929; x_wconf 80' lang='lat' dir='ltr'><strong>ex</strong></span> <span class='ocrx_word' id='word_1_366' title='bbox 656 2879 748 2940; x_wconf 78' lang='lat' dir='ltr'><strong>maiore</strong></span> <span class='ocrx_word' id='word_1_367' title='bbox 762 2882 830 2942; x_wconf 86' lang='lat' dir='ltr'><strong>parte</strong></span> <span class='ocrx_word' id='word_1_368' title='bbox 843 2879 907 2942; x_wconf 84' lang='lat' dir='ltr'><strong>ignia</strong></span> <span class='ocrx_word' id='word_1_369' title='bbox 953 2880 1013 2928; x_wconf 91' lang='lat' dir='ltr'><strong>sola.</strong></span> <span class='ocrx_word' id='word_1_370' title='bbox 1027 2897 1039 2922; x_wconf 75' lang='lat' dir='ltr'><strong>r</strong></span> <span class='ocrx_word' id='word_1_371' title='bbox 1057 2880 1066 2892; x_wconf 81' lang='lat'>¹</span> 
     </span>
     <span class='ocr_line' id='line_1_30' title="bbox 132 2966 1733 3032; baseline 0.001 -12"><span class='ocrx_word' id='word_1_372' title='bbox 132 2971 185 3031; x_wconf 91' lang='lat' dir='ltr'><strong>puri</strong></span> <span class='ocrx_word' id='word_1_373' title='bbox 193 2968 328 3032; x_wconf 89' lang='lat' dir='ltr'><strong>liquidique</strong></span> <span class='ocrx_word' id='word_1_374' title='bbox 341 2972 468 3030; x_wconf 86' lang='lat' dir='ltr'><strong>concreta,</strong></span> <span class='ocrx_word' id='word_1_375' title='bbox 483 2968 567 3019; x_wconf 75' lang='lat' dir='ltr'><strong>eremi</strong></span> <span class='ocrx_word' id='word_1_376' title='bbox 580 2967 731 3029; x_wconf 89' lang='lat' dir='ltr'><strong>appellantur</strong></span> <span class='ocrx_word' id='word_1_377' title='bbox 741 2968 816 3029; x_wconf 86' lang='lat' dir='ltr'><strong>igneo.</strong></span> <span class='ocrx_word' id='word_1_378' title='bbox 983 2968 1081 3017; x_wconf 78' lang='lat' dir='ltr'><strong>cxliii.</strong></span> <span class='ocrx_word' id='word_1_379' title='bbox 1098 2966 1238 3018; x_wconf 77' lang='lat' dir='ltr'><strong>Ousmdero</strong></span> <span class='ocrx_word' id='word_1_380' title='bbox 1262 2980 1328 3029; x_wconf 88' lang='lat' dir='ltr'><strong>vero,</strong></span> <span class='ocrx_word' id='word_1_381' title='bbox 1349 2972 1376 3018; x_wconf 85' lang='lat' dir='ltr'><strong>et</strong></span> <span class='ocrx_word' id='word_1_382' title='bbox 1390 2968 1508 3031; x_wconf 73' lang='lat' dir='ltr'><strong>opificem</strong></span> <span class='ocrx_word' id='word_1_383' title='bbox 1531 2969 1583 3019; x_wconf 82' lang='lat' dir='ltr'><strong>diei</strong></span> <span class='ocrx_word' id='word_1_384' title='bbox 1604 2975 1629 3021; x_wconf 85' lang='lat' dir='ltr'><strong>el</strong></span> <span class='ocrx_word' id='word_1_385' title='bbox 1650 2972 1733 3022; x_wconf 82' lang='lat' dir='ltr'><strong>coctis</strong></span> 
     </span>
     <span class='ocr_line' id='line_1_31' title="bbox 162 3035 1762 3120; baseline 0.001 -12"><span class='ocrx_word' id='word_1_386' title='bbox 162 3058 244 3107; x_wconf 83' lang='lat' dir='ltr'><strong>cxix.</strong></span> <span class='ocrx_word' id='word_1_387' title='bbox 257 3058 306 3107; x_wconf 89' lang='lat' dir='ltr'><strong>liec</strong></span> <span class='ocrx_word' id='word_1_388' title='bbox 317 3058 443 3106; x_wconf 88' lang='lat' dir='ltr'><strong>contentus</strong></span> <span class='ocrx_word' id='word_1_389' title='bbox 455 3055 648 3118; x_wconf 86' lang='lat' dir='ltr'><strong>supradictorum</strong></span> <span class='ocrx_word' id='word_1_390' title='bbox 662 3054 801 3104; x_wconf 76' lang='lat' dir='ltr'><strong>animulam</strong></span> <span class='ocrx_word' id='word_1_391' title='bbox 814 3056 911 3105; x_wconf 92' lang='lat' dir='ltr'><strong>demon·</strong></span> <span class='ocrx_word' id='word_1_392' title='bbox 955 3056 1081 3118; x_wconf 85' lang='lat' dir='ltr'><strong>propterea</strong></span> <span class='ocrx_word' id='word_1_393' title='bbox 1094 3054 1152 3104; x_wconf 89' lang='lat' dir='ltr'><strong>dicit</strong></span> <span class='ocrx_word' id='word_1_394' title='bbox 1166 3068 1233 3116; x_wconf 86' lang='lat' dir='ltr'><strong>esse,</strong></span> <span class='ocrx_word' id='word_1_395' title='bbox 1245 3055 1302 3116; x_wconf 92' lang='lat' dir='ltr'><strong>qnia</strong></span> <span class='ocrx_word' id='word_1_396' title='bbox 1314 3055 1479 3118; x_wconf 87' lang='lat' dir='ltr'><strong>pereandem,</strong></span> <span class='ocrx_word' id='word_1_397' title='bbox 1491 3056 1563 3107; x_wconf 88' lang='lat' dir='ltr'><strong>idest</strong></span> <span class='ocrx_word' id='word_1_398' title='bbox 1574 3061 1676 3120; x_wconf 87' lang='lat' dir='ltr'><strong>terram,</strong></span> <span class='ocrx_word' id='word_1_399' title='bbox 1691 3073 1733 3111; x_wconf 80' lang='lat' dir='ltr'><strong>ve·</strong></span> <span class='ocrx_word' id='word_1_400' title='bbox 1758 3035 1762 3042; x_wconf 69' lang='lat'>‚</span> 
     </span>
    </p>
   </div>
   <div class='ocr_carea' id='block_1_6' title="bbox 45 3140 1733 3223">
    <p class='ocr_par' dir='ltr' id='par_1_7' title="bbox 45 3140 1733 3223">
     <span class='ocr_line' id='line_1_32' title="bbox 45 3140 1733 3223; baseline 0.002 -30"><span class='ocrx_word' id='word_1_401' title='bbox 45 3208 53 3223; x_wconf 47' lang='lat'><strong>·</strong></span> <span class='ocrx_word' id='word_1_402' title='bbox 132 3145 262 3206; x_wconf 78' lang='lat' dir='ltr'><strong>obrutione,</strong></span> <span class='ocrx_word' id='word_1_403' title='bbox 280 3144 379 3206; x_wconf 89' lang='lat' dir='ltr'><strong>porrigit</strong></span> <span class='ocrx_word' id='word_1_404' title='bbox 390 3143 538 3206; x_wconf 88' lang='lat' dir='ltr'><strong>diligentiam</strong></span> <span class='ocrx_word' id='word_1_405' title='bbox 550 3156 627 3203; x_wconf 86' lang='lat' dir='ltr'><strong>usque</strong></span> <span class='ocrx_word' id='word_1_406' title='bbox 640 3142 671 3191; x_wconf 89' lang='lat' dir='ltr'><strong>ad</strong></span> <span class='ocrx_word' id='word_1_407' title='bbox 683 3142 797 3202; x_wconf 77' lang='lat' dir='ltr'><strong>angeliem</strong></span> <span class='ocrx_word' id='word_1_408' title='bbox 807 3144 910 3203; x_wconf 74' lang='lat' dir='ltr'><strong>nstrum,</strong></span> <span class='ocrx_word' id='word_1_409' title='bbox 954 3141 1055 3191; x_wconf 91' lang='lat' dir='ltr'><strong>ctnssol</strong></span> <span class='ocrx_word' id='word_1_410' title='bbox 1065 3142 1204 3203; x_wconf 80' lang='lat' dir='ltr'><strong>partesejus</strong></span> <span class='ocrx_word' id='word_1_411' title='bbox 1214 3140 1334 3202; x_wconf 84' lang='lat' dir='ltr'><strong>subjectas</strong></span> <span class='ocrx_word' id='word_1_412' title='bbox 1346 3142 1443 3193; x_wconf 86' lang='lat' dir='ltr'><strong>sibimet</strong></span> <span class='ocrx_word' id='word_1_413' title='bbox 1453 3142 1577 3194; x_wconf 87' lang='lat' dir='ltr'><strong>illustrans</strong></span> <span class='ocrx_word' id='word_1_414' title='bbox 1591 3146 1654 3197; x_wconf 91' lang='lat' dir='ltr'><strong>diem</strong></span> <span class='ocrx_word' id='word_1_415' title='bbox 1666 3147 1733 3197; x_wconf 88' lang='lat' dir='ltr'><strong>iacit.</strong></span> 
     </span>
    </p>
   </div>
   <div class='ocr_carea' id='block_1_7' title="bbox 129 3228 1735 3471">
    <p class='ocr_par' dir='ltr' id='par_1_8' title="bbox 129 3228 1735 3471">
     <span class='ocr_line' id='line_1_33' title="bbox 131 3228 1734 3295; baseline 0.001 -12"><span class='ocrx_word' id='word_1_416' title='bbox 131 3247 193 3295; x_wconf 85' lang='lat' dir='ltr'><strong>qnos</strong></span> <span class='ocrx_word' id='word_1_417' title='bbox 206 3233 428 3294; x_wconf 76' lang='lat' dir='ltr'><strong>doemonasroest,</strong></span> <span class='ocrx_word' id='word_1_418' title='bbox 444 3231 633 3282; x_wconf 76' lang='lat' dir='ltr'><strong>extricationem.</strong></span> <span class='ocrx_word' id='word_1_419' title='bbox 669 3234 777 3290; x_wconf 85' lang='lat' dir='ltr'><strong>Quorum</strong></span> <span class='ocrx_word' id='word_1_420' title='bbox 797 3230 912 3293; x_wconf 85' lang='lat' dir='ltr'><strong>quodesi</strong></span> <span class='ocrx_word' id='word_1_421' title='bbox 954 3232 1017 3278; x_wconf 86' lang='lat' dir='ltr'><strong>(lum</strong></span> <span class='ocrx_word' id='word_1_422' title='bbox 1030 3242 1087 3279; x_wconf 80' lang='lat' dir='ltr'><strong>nero</strong></span> <span class='ocrx_word' id='word_1_423' title='bbox 1104 3228 1218 3290; x_wconf 81' lang='lat' dir='ltr'><strong>objecerit</strong></span> <span class='ocrx_word' id='word_1_424' title='bbox 1234 3242 1303 3279; x_wconf 75' lang='lat' dir='ltr'><strong>seen</strong></span> <span class='ocrx_word' id='word_1_425' title='bbox 1319 3230 1398 3293; x_wconf 88' lang='lat' dir='ltr'><strong>aliqua</strong></span> <span class='ocrx_word' id='word_1_426' title='bbox 1420 3234 1486 3292; x_wconf 86' lang='lat' dir='ltr'><strong>parte</strong></span> <span class='ocrx_word' id='word_1_427' title='bbox 1504 3232 1568 3289; x_wconf 89' lang='lat' dir='ltr'><strong>Solis</strong></span> <span class='ocrx_word' id='word_1_428' title='bbox 1587 3234 1734 3285; x_wconf 86' lang='lat' dir='ltr'><strong>aniructlbus</strong></span> 
     </span>
     <span class='ocr_line' id='line_1_34' title="bbox 129 3316 1735 3387; baseline 0.001 -16"><span class='ocrx_word' id='word_1_429' title='bbox 129 3322 214 3384; x_wconf 88' lang='lat' dir='ltr'><strong>purius</strong></span> <span class='ocrx_word' id='word_1_430' title='bbox 226 3322 251 3370; x_wconf 90' lang='lat' dir='ltr'><strong>in</strong></span> <span class='ocrx_word' id='word_1_431' title='bbox 260 3322 350 3371; x_wconf 77' lang='lat' dir='ltr'><strong>audiere</strong></span> <span class='ocrx_word' id='word_1_432' title='bbox 361 3320 432 3371; x_wconf 91' lang='lat' dir='ltr'><strong>sedes</strong></span> <span class='ocrx_word' id='word_1_433' title='bbox 441 3320 528 3382; x_wconf 82' lang='lat' dir='ltr'><strong>liniret,</strong></span> <span class='ocrx_word' id='word_1_434' title='bbox 540 3320 643 3370; x_wconf 90' lang='lat' dir='ltr'><strong>alterum</strong></span> <span class='ocrx_word' id='word_1_435' title='bbox 654 3320 680 3368; x_wconf 89' lang='lat' dir='ltr'><strong>in</strong></span> <span class='ocrx_word' id='word_1_436' title='bbox 693 3332 763 3379; x_wconf 88' lang='lat' dir='ltr'><strong>aere,</strong></span> <span class='ocrx_word' id='word_1_437' title='bbox 774 3318 872 3367; x_wconf 89' lang='lat' dir='ltr'><strong>tertimn</strong></span> <span class='ocrx_word' id='word_1_438' title='bbox 886 3318 911 3367; x_wconf 90' lang='lat' dir='ltr'><strong>in</strong></span> <span class='ocrx_word' id='word_1_439' title='bbox 942 3322 1017 3387; x_wconf 75' lang='lat' dir='ltr'><strong>lerna</strong></span> <span class='ocrx_word' id='word_1_440' title='bbox 1031 3317 1092 3379; x_wconf 86' lang='lat' dir='ltr'><strong>ipsa,</strong></span> <span class='ocrx_word' id='word_1_441' title='bbox 1106 3316 1264 3366; x_wconf 88' lang='lat' dir='ltr'><strong>obumbratur</strong></span> <span class='ocrx_word' id='word_1_442' title='bbox 1285 3337 1291 3367; x_wconf 83' lang='grc' dir='ltr'><strong>ι</strong></span> <span class='ocrx_word' id='word_1_443' title='bbox 1314 3318 1394 3381; x_wconf 89' lang='lat' dir='ltr'><strong>itaque</strong></span> <span class='ocrx_word' id='word_1_444' title='bbox 1407 3330 1436 3367; x_wconf 85' lang='lat' dir='ltr'><strong>ex</strong></span> <span class='ocrx_word' id='word_1_445' title='bbox 1458 3320 1551 3369; x_wconf 87' lang='lat' dir='ltr'><strong>umbris</strong></span> <span class='ocrx_word' id='word_1_446' title='bbox 1563 3334 1645 3371; x_wconf 85' lang='lat' dir='ltr'><strong>crassa</strong></span> <span class='ocrx_word' id='word_1_447' title='bbox 1659 3322 1735 3372; x_wconf 86' lang='lat' dir='ltr'><strong>noctis</strong></span> 
     </span>
     <span class='ocr_line' id='line_1_35' title="bbox 134 3404 1734 3471; baseline -0.001 -12"><span class='ocrx_word' id='word_1_448' title='bbox 134 3411 229 3470; x_wconf 86' lang='lat' dir='ltr'><strong>regione</strong></span> <span class='ocrx_word' id='word_1_449' title='bbox 239 3422 277 3471; x_wconf 90' lang='lat' dir='ltr'><strong>ea,</strong></span> <span class='ocrx_word' id='word_1_450' title='bbox 291 3422 347 3471; x_wconf 85' lang='lat' dir='ltr'><strong>qnae</strong></span> <span class='ocrx_word' id='word_1_451' title='bbox 361 3410 474 3459; x_wconf 85' lang='lat' dir='ltr'><strong>humecta</strong></span> <span class='ocrx_word' id='word_1_452' title='bbox 483 3408 589 3458; x_wconf 85' lang='lat' dir='ltr'><strong>essentia</strong></span> <span class='ocrx_word' id='word_1_453' title='bbox 598 3406 746 3467; x_wconf 89' lang='lat' dir='ltr'><strong>nominatur,</strong></span> <span class='ocrx_word' id='word_1_454' title='bbox 758 3418 807 3468; x_wconf 91' lang='lat' dir='ltr'><strong>quo</strong></span> <span class='ocrx_word' id='word_1_455' title='bbox 818 3406 912 3455; x_wconf 88' lang='lat' dir='ltr'><strong>interna</strong></span> <span class='ocrx_word' id='word_1_456' title='bbox 954 3405 1031 3465; x_wconf 82' lang='lat' dir='ltr'><strong>caligo</strong></span> <span class='ocrx_word' id='word_1_457' title='bbox 1044 3404 1159 3454; x_wconf 87' lang='lat' dir='ltr'><strong>succedit.</strong></span> <span class='ocrx_word' id='word_1_458' title='bbox 1191 3404 1269 3454; x_wconf 87' lang='lat' dir='ltr'><strong>Simul</strong></span> <span class='ocrx_word' id='word_1_459' title='bbox 1286 3406 1343 3467; x_wconf 88' lang='lat' dir='ltr'><strong>qnia</strong></span> <span class='ocrx_word' id='word_1_460' title='bbox 1354 3405 1483 3455; x_wconf 90' lang='lat' dir='ltr'><strong>immobilis</strong></span> <span class='ocrx_word' id='word_1_461' title='bbox 1498 3413 1560 3457; x_wconf 87' lang='lat' dir='ltr'><strong>terra</strong></span> <span class='ocrx_word' id='word_1_462' title='bbox 1578 3411 1615 3457; x_wconf 88' lang='lat' dir='ltr'><strong>est</strong></span> <span class='ocrx_word' id='word_1_463' title='bbox 1625 3445 1633 3471; x_wconf 94' lang='lat'><strong>,</strong></span> <span class='ocrx_word' id='word_1_464' title='bbox 1643 3408 1734 3470; x_wconf 87' lang='lat' dir='ltr'><strong>signill-</strong></span> 
     </span>
    </p>
   </div>
   <div class='ocr_carea' id='block_1_8' title="bbox 133 3490 1840 3557">
    <p class='ocr_par' dir='ltr' id='par_1_9' title="bbox 133 3490 1840 3557">
     <span class='ocr_line' id='line_1_36' title="bbox 133 3490 1840 3557; baseline 0 -12"><span class='ocrx_word' id='word_1_465' title='bbox 133 3496 218 3546; x_wconf 90' lang='lat' dir='ltr'><strong>mundi</strong></span> <span class='ocrx_word' id='word_1_466' title='bbox 227 3498 340 3557; x_wconf 80' lang='lat' dir='ltr'><strong>congesta</strong></span> <span class='ocrx_word' id='word_1_467' title='bbox 354 3496 404 3545; x_wconf 90' lang='lat' dir='ltr'><strong>siut</strong></span> <span class='ocrx_word' id='word_1_468' title='bbox 415 3495 560 3545; x_wconf 82' lang='lat' dir='ltr'><strong>animalibus</strong></span> <span class='ocrx_word' id='word_1_469' title='bbox 570 3495 663 3545; x_wconf 89' lang='lat' dir='ltr'><strong>ratione</strong></span> <span class='ocrx_word' id='word_1_470' title='bbox 681 3494 811 3554; x_wconf 89' lang='lat' dir='ltr'><strong>utentibus,</strong></span> <span class='ocrx_word' id='word_1_471' title='bbox 823 3506 868 3543; x_wconf 89' lang='lat' dir='ltr'><strong>nec</strong></span> <span class='ocrx_word' id='word_1_472' title='bbox 880 3493 912 3543; x_wconf 88' lang='lat' dir='ltr'><strong>sit</strong></span> <span class='ocrx_word' id='word_1_473' title='bbox 955 3494 1037 3541; x_wconf 85' lang='lat' dir='ltr'><strong>canter</strong></span> <span class='ocrx_word' id='word_1_474' title='bbox 1047 3503 1101 3541; x_wconf 89' lang='lat' dir='ltr'><strong>eam</strong></span> <span class='ocrx_word' id='word_1_475' title='bbox 1111 3491 1244 3541; x_wconf 77' lang='lat' dir='ltr'><strong>custodem</strong></span> <span class='ocrx_word' id='word_1_476' title='bbox 1258 3494 1340 3541; x_wconf 83' lang='lat' dir='ltr'><strong>noctis</strong></span> <span class='ocrx_word' id='word_1_477' title='bbox 1354 3496 1379 3541; x_wconf 89' lang='lat' dir='ltr'><strong>et</strong></span> <span class='ocrx_word' id='word_1_478' title='bbox 1389 3490 1442 3541; x_wconf 87' lang='lat' dir='ltr'><strong>diei</strong></span> <span class='ocrx_word' id='word_1_479' title='bbox 1454 3493 1640 3553; x_wconf 82' lang='lat' dir='ltr'><strong>cognominavit.</strong></span> <span class='ocrx_word' id='word_1_480' title='bbox 1652 3496 1734 3555; x_wconf 84' lang='lat' dir='ltr'><strong>tieque</strong></span> <span class='ocrx_word' id='word_1_481' title='bbox 1838 3540 1840 3545; x_wconf 92' lang='lat'><em>.</em></span> 
     </span>
    </p>
   </div>
   <div class='ocr_carea' id='block_1_9' title="bbox 132 3564 1737 5129">
    <p class='ocr_par' dir='ltr' id='par_1_10' title="bbox 132 3564 1735 4853">
     <span class='ocr_line' id='line_1_37' title="bbox 133 3564 1735 3644; baseline -0.001 -13"><span class='ocrx_word' id='word_1_482' title='bbox 133 3583 181 3632; x_wconf 90' lang='lat' dir='ltr'><strong>ulla</strong></span> <span class='ocrx_word' id='word_1_483' title='bbox 193 3583 246 3643; x_wconf 81' lang='lat' dir='ltr'><strong>ejus</strong></span> <span class='ocrx_word' id='word_1_484' title='bbox 267 3582 331 3643; x_wconf 87' lang='lat' dir='ltr'><strong>regio</strong></span> <span class='ocrx_word' id='word_1_485' title='bbox 343 3581 462 3631; x_wconf 80' lang='lat' dir='ltr'><strong>deserta·</strong></span> <span class='ocrx_word' id='word_1_486' title='bbox 478 3586 557 3639; x_wconf 88' lang='lat' dir='ltr'><strong>Quem</strong></span> <span class='ocrx_word' id='word_1_487' title='bbox 574 3581 671 3644; x_wconf 90' lang='lat' dir='ltr'><strong>quidem</strong></span> <span class='ocrx_word' id='word_1_488' title='bbox 689 3582 834 3642; x_wconf 87' lang='lat' dir='ltr'><strong>tractatum,</strong></span> <span class='ocrx_word' id='word_1_489' title='bbox 846 3580 912 3642; x_wconf 93' lang='lat' dir='ltr'><strong>quod</strong></span> <span class='ocrx_word' id='word_1_490' title='bbox 955 3579 1020 3629; x_wconf 92' lang='lat' dir='ltr'><strong>enim</strong></span> <span class='ocrx_word' id='word_1_491' title='bbox 1034 3564 1148 3642; x_wconf 79' lang='lat' dir='ltr'><strong>pereunte</strong></span> <span class='ocrx_word' id='word_1_492' title='bbox 1161 3578 1200 3628; x_wconf 93' lang='lat' dir='ltr'><strong>die</strong></span> <span class='ocrx_word' id='word_1_493' title='bbox 1211 3592 1258 3627; x_wconf 81' lang='lat' dir='ltr'><strong>nox</strong></span> <span class='ocrx_word' id='word_1_494' title='bbox 1273 3578 1391 3639; x_wconf 81' lang='lat' dir='ltr'><strong>nmeilur,</strong></span> <span class='ocrx_word' id='word_1_495' title='bbox 1405 3578 1530 3631; x_wconf 80' lang='lat' dir='ltr'><strong>relucetis</strong></span> <span class='ocrx_word' id='word_1_496' title='bbox 1542 3580 1671 3633; x_wconf 86' lang='lat' dir='ltr'><strong>emissione</strong></span> <span class='ocrx_word' id='word_1_497' title='bbox 1683 3581 1735 3629; x_wconf 88' lang='lat' dir='ltr'><strong>dies</strong></span> 
     </span>
     <span class='ocr_line' id='line_1_38' title="bbox 132 3666 1735 3738; baseline 0 -21"><span class='ocrx_word' id='word_1_498' title='bbox 132 3670 165 3717; x_wconf 87' lang='lat' dir='ltr'><strong>sit</strong></span> <span class='ocrx_word' id='word_1_499' title='bbox 176 3668 271 3727; x_wconf 90' lang='lat' dir='ltr'><strong>elatior,</strong></span> <span class='ocrx_word' id='word_1_500' title='bbox 286 3668 310 3716; x_wconf 86' lang='lat' dir='ltr'><strong>et</strong></span> <span class='ocrx_word' id='word_1_501' title='bbox 331 3666 394 3717; x_wconf 90' lang='lat' dir='ltr'><strong>ultra</strong></span> <span class='ocrx_word' id='word_1_502' title='bbox 415 3668 508 3716; x_wconf 81' lang='lat' dir='ltr'><strong>naturae</strong></span> <span class='ocrx_word' id='word_1_503' title='bbox 526 3667 766 3738; x_wconf 75' lang='lat' dir='ltr'><strong>corriemplationem,</strong></span> <span class='ocrx_word' id='word_1_504' title='bbox 778 3667 912 3717; x_wconf 88' lang='lat' dir='ltr'><strong>necessario</strong></span> <span class='ocrx_word' id='word_1_505' title='bbox 956 3668 1044 3729; x_wconf 90' lang='lat' dir='ltr'><strong>oritur,</strong></span> <span class='ocrx_word' id='word_1_506' title='bbox 1060 3666 1101 3716; x_wconf 87' lang='lat' dir='ltr'><strong>sed</strong></span> <span class='ocrx_word' id='word_1_507' title='bbox 1115 3672 1215 3730; x_wconf 87' lang='lat' dir='ltr'><strong>utraque</strong></span> <span class='ocrx_word' id='word_1_508' title='bbox 1227 3667 1293 3715; x_wconf 78' lang='lat' dir='ltr'><strong>salva</strong></span> <span class='ocrx_word' id='word_1_509' title='bbox 1304 3668 1413 3716; x_wconf 84' lang='lat' dir='ltr'><strong>succedit</strong></span> <span class='ocrx_word' id='word_1_510' title='bbox 1429 3669 1512 3719; x_wconf 86' lang='lat' dir='ltr'><strong>altera.</strong></span> <span class='ocrx_word' id='word_1_511' title='bbox 1545 3666 1607 3725; x_wconf 88' lang='lat' dir='ltr'><strong>Quia</strong></span> <span class='ocrx_word' id='word_1_512' title='bbox 1620 3679 1677 3717; x_wconf 85' lang='lat' dir='ltr'><strong>vero</strong></span> <span class='ocrx_word' id='word_1_513' title='bbox 1689 3667 1735 3717; x_wconf 91' lang='lat' dir='ltr'><strong>boc</strong></span> 
     </span>
     <span class='ocr_line' id='line_1_39' title="bbox 132 3753 1733 3819; baseline -0.001 -12"><span class='ocrx_word' id='word_1_514' title='bbox 132 3757 228 3811; x_wconf 76' lang='lat' dir='ltr'><strong>diflert,</strong></span> <span class='ocrx_word' id='word_1_515' title='bbox 241 3760 265 3804; x_wconf 92' lang='lat' dir='ltr'><strong>et</strong></span> <span class='ocrx_word' id='word_1_516' title='bbox 277 3754 309 3804; x_wconf 89' lang='lat' dir='ltr'><strong>ait</strong></span> <span class='ocrx_word' id='word_1_517' title='bbox 319 3757 396 3804; x_wconf 86' lang='lat' dir='ltr'><strong>Deum</strong></span> <span class='ocrx_word' id='word_1_518' title='bbox 408 3755 464 3816; x_wconf 87' lang='lat' dir='ltr'><strong>post</strong></span> <span class='ocrx_word' id='word_1_519' title='bbox 475 3754 653 3815; x_wconf 88' lang='lat' dir='ltr'><strong>generationem</strong></span> <span class='ocrx_word' id='word_1_520' title='bbox 663 3753 785 3803; x_wconf 88' lang='lat' dir='ltr'><strong>stellamm</strong></span> <span class='ocrx_word' id='word_1_521' title='bbox 797 3754 912 3817; x_wconf 86' lang='lat' dir='ltr'><strong>ratsmm,</strong></span> <span class='ocrx_word' id='word_1_522' title='bbox 956 3754 984 3803; x_wconf 87' lang='lat' dir='ltr'><strong>tit</strong></span> <span class='ocrx_word' id='word_1_523' title='bbox 994 3766 1115 3817; x_wconf 88' lang='lat' dir='ltr'><strong>peream,</strong></span> <span class='ocrx_word' id='word_1_524' title='bbox 1137 3754 1253 3804; x_wconf 75' lang='lat' dir='ltr'><strong>indefesse</strong></span> <span class='ocrx_word' id='word_1_525' title='bbox 1271 3754 1322 3815; x_wconf 89' lang='lat' dir='ltr'><strong>ipsa</strong></span> <span class='ocrx_word' id='word_1_526' title='bbox 1334 3756 1448 3803; x_wconf 89' lang='lat' dir='ltr'><strong>manente</strong></span> <span class='ocrx_word' id='word_1_527' title='bbox 1457 3766 1551 3815; x_wconf 83' lang='lat' dir='ltr'><strong>semper</strong></span> <span class='ocrx_word' id='word_1_528' title='bbox 1563 3754 1588 3803; x_wconf 90' lang='lat' dir='ltr'><strong>in</strong></span> <span class='ocrx_word' id='word_1_529' title='bbox 1603 3767 1647 3804; x_wconf 87' lang='lat' dir='ltr'><strong>sua</strong></span> <span class='ocrx_word' id='word_1_530' title='bbox 1661 3754 1733 3819; x_wconf 84' lang='lat' dir='ltr'><strong>sede;</strong></span> 
     </span>
     <span class='ocr_line' id='line_1_40' title="bbox 133 3838 1733 3905; baseline -0.002 -13"><span class='ocrx_word' id='word_1_531' title='bbox 133 3856 189 3893; x_wconf 92' lang='lat' dir='ltr'><strong>eum</strong></span> <span class='ocrx_word' id='word_1_532' title='bbox 202 3855 354 3905; x_wconf 76' lang='lat' dir='ltr'><strong>unaquaeque</strong></span> <span class='ocrx_word' id='word_1_533' title='bbox 369 3854 453 3891; x_wconf 85' lang='lat' dir='ltr'><strong>earum</strong></span> <span class='ocrx_word' id='word_1_534' title='bbox 468 3841 578 3891; x_wconf 89' lang='lat' dir='ltr'><strong>diriuum</strong></span> <span class='ocrx_word' id='word_1_535' title='bbox 589 3840 677 3889; x_wconf 92' lang='lat' dir='ltr'><strong>animal</strong></span> <span class='ocrx_word' id='word_1_536' title='bbox 687 3842 760 3901; x_wconf 82' lang='lat' dir='ltr'><strong>esset,</strong></span> <span class='ocrx_word' id='word_1_537' title='bbox 776 3842 847 3889; x_wconf 89' lang='lat' dir='ltr'><strong>utens</strong></span> <span class='ocrx_word' id='word_1_538' title='bbox 858 3853 911 3890; x_wconf 90' lang='lat' dir='ltr'><strong>cor·</strong></span> <span class='ocrx_word' id='word_1_539' title='bbox 956 3839 1087 3901; x_wconf 83' lang='lat' dir='ltr'><strong>spectatrix</strong></span> <span class='ocrx_word' id='word_1_540' title='bbox 1098 3843 1144 3901; x_wconf 80' lang='lat' dir='ltr'><strong>est,</strong></span> <span class='ocrx_word' id='word_1_541' title='bbox 1155 3838 1250 3901; x_wconf 89' lang='lat' dir='ltr'><strong>opinor,</strong></span> <span class='ocrx_word' id='word_1_542' title='bbox 1265 3850 1359 3897; x_wconf 92' lang='lat' dir='ltr'><strong>eorum,</strong></span> <span class='ocrx_word' id='word_1_543' title='bbox 1372 3851 1426 3902; x_wconf 77' lang='lat' dir='ltr'><strong>qum</strong></span> <span class='ocrx_word' id='word_1_544' title='bbox 1435 3839 1502 3889; x_wconf 88' lang='lat' dir='ltr'><strong>reiut</strong></span> <span class='ocrx_word' id='word_1_545' title='bbox 1512 3840 1568 3889; x_wconf 87' lang='lat' dir='ltr'><strong>ante</strong></span> <span class='ocrx_word' id='word_1_546' title='bbox 1576 3841 1733 3903; x_wconf 86' lang='lat' dir='ltr'><strong>conspectum</strong></span> 
     </span>
     <span class='ocr_line' id='line_1_41' title="bbox 134 3917 1734 3996; baseline -0.004 -14"><span class='ocrx_word' id='word_1_547' title='bbox 134 3932 284 3996; x_wconf 82' lang='lat' dir='ltr'><strong>peremixto</strong></span> <span class='ocrx_word' id='word_1_548' title='bbox 299 3917 330 3981; x_wconf 80' lang='lat' dir='ltr'><strong>ex</strong></span> <span class='ocrx_word' id='word_1_549' title='bbox 342 3928 511 3981; x_wconf 71' lang='lat' dir='ltr'><strong>sincerissimis</strong></span> <span class='ocrx_word' id='word_1_550' title='bbox 522 3928 629 3978; x_wconf 88' lang='lat' dir='ltr'><strong>materiis</strong></span> <span class='ocrx_word' id='word_1_551' title='bbox 642 3930 757 3990; x_wconf 87' lang='lat' dir='ltr'><strong>quatuor,</strong></span> <span class='ocrx_word' id='word_1_552' title='bbox 772 3930 797 3977; x_wconf 85' lang='lat' dir='ltr'><strong>ei</strong></span> <span class='ocrx_word' id='word_1_553' title='bbox 808 3942 840 3979; x_wconf 83' lang='lat' dir='ltr'><strong>ex</strong></span> <span class='ocrx_word' id='word_1_554' title='bbox 860 3942 912 3978; x_wconf 88' lang='lat' dir='ltr'><strong>ma·</strong></span> <span class='ocrx_word' id='word_1_555' title='bbox 956 3939 1028 3977; x_wconf 86' lang='lat' dir='ltr'><strong>suum</strong></span> <span class='ocrx_word' id='word_1_556' title='bbox 1045 3929 1168 3989; x_wconf 90' lang='lat' dir='ltr'><strong>geruntur,</strong></span> <span class='ocrx_word' id='word_1_557' title='bbox 1190 3925 1323 3987; x_wconf 87' lang='lat' dir='ltr'><strong>meritoque</strong></span> <span class='ocrx_word' id='word_1_558' title='bbox 1333 3928 1422 3975; x_wconf 89' lang='lat' dir='ltr'><strong>eustos.</strong></span> <span class='ocrx_word' id='word_1_559' title='bbox 1462 3926 1659 3989; x_wconf 78' lang='lat' dir='ltr'><strong>Antiquissimum</strong></span> <span class='ocrx_word' id='word_1_560' title='bbox 1678 3938 1734 3977; x_wconf 83' lang='lat' dir='ltr'><strong>raro</strong></span> 
     </span>
     <span class='ocr_line' id='line_1_42' title="bbox 134 4012 1734 4082; baseline -0.004 -12"><span class='ocrx_word' id='word_1_561' title='bbox 134 4020 185 4082; x_wconf 82' lang='lat' dir='ltr'><strong>iore</strong></span> <span class='ocrx_word' id='word_1_562' title='bbox 200 4020 267 4081; x_wconf 89' lang='lat' dir='ltr'><strong>parte</strong></span> <span class='ocrx_word' id='word_1_563' title='bbox 288 4018 349 4079; x_wconf 89' lang='lat' dir='ltr'><strong>iguis</strong></span> <span class='ocrx_word' id='word_1_564' title='bbox 371 4016 466 4077; x_wconf 88' lang='lat' dir='ltr'><strong>sereni,</strong></span> <span class='ocrx_word' id='word_1_565' title='bbox 484 4028 613 4067; x_wconf 86' lang='lat' dir='ltr'><strong>corusmm</strong></span> <span class='ocrx_word' id='word_1_566' title='bbox 632 4014 754 4077; x_wconf 86' lang='lat' dir='ltr'><strong>quoddam</strong></span> <span class='ocrx_word' id='word_1_567' title='bbox 766 4016 869 4079; x_wconf 88' lang='lat' dir='ltr'><strong>animal,</strong></span> <span class='ocrx_word' id='word_1_568' title='bbox 889 4017 915 4067; x_wconf 86' lang='lat' dir='ltr'><strong>et</strong></span> <span class='ocrx_word' id='word_1_569' title='bbox 956 4012 1112 4071; x_wconf 83' lang='lat' dir='ltr'><strong>deorumdici</strong></span> <span class='ocrx_word' id='word_1_570' title='bbox 1124 4012 1228 4074; x_wconf 89' lang='lat' dir='ltr'><strong>opinor,</strong></span> <span class='ocrx_word' id='word_1_571' title='bbox 1240 4012 1277 4061; x_wconf 84' lang='lat' dir='ltr'><strong>nel</strong></span> <span class='ocrx_word' id='word_1_572' title='bbox 1289 4014 1346 4075; x_wconf 88' lang='lat' dir='ltr'><strong>qula</strong></span> <span class='ocrx_word' id='word_1_573' title='bbox 1359 4012 1426 4063; x_wconf 89' lang='lat' dir='ltr'><strong>loeus</strong></span> <span class='ocrx_word' id='word_1_574' title='bbox 1443 4014 1480 4063; x_wconf 86' lang='lat' dir='ltr'><strong>est</strong></span> <span class='ocrx_word' id='word_1_575' title='bbox 1496 4012 1634 4062; x_wconf 78' lang='lat' dir='ltr'><strong>animalium</strong></span> <span class='ocrx_word' id='word_1_576' title='bbox 1649 4026 1734 4074; x_wconf 84' lang='lat' dir='ltr'><strong>capax,</strong></span> 
     </span>
     <span class='ocr_line' id='line_1_43' title="bbox 135 4100 1734 4167; baseline -0.003 -12"><span class='ocrx_word' id='word_1_577' title='bbox 135 4105 268 4156; x_wconf 76' lang='lat' dir='ltr'><strong>formatum</strong></span> <span class='ocrx_word' id='word_1_578' title='bbox 280 4106 304 4153; x_wconf 92' lang='lat' dir='ltr'><strong>in</strong></span> <span class='ocrx_word' id='word_1_579' title='bbox 318 4104 419 4153; x_wconf 91' lang='lat' dir='ltr'><strong>modum</strong></span> <span class='ocrx_word' id='word_1_580' title='bbox 432 4104 534 4167; x_wconf 80' lang='lat' dir='ltr'><strong>spbaeree</strong></span> <span class='ocrx_word' id='word_1_581' title='bbox 550 4102 658 4153; x_wconf 80' lang='lat' dir='ltr'><strong>iobmss</strong></span> <span class='ocrx_word' id='word_1_582' title='bbox 673 4114 770 4152; x_wconf 90' lang='lat' dir='ltr'><strong>summo</strong></span> <span class='ocrx_word' id='word_1_583' title='bbox 784 4116 842 4153; x_wconf 90' lang='lat' dir='ltr'><strong>eum</strong></span> <span class='ocrx_word' id='word_1_584' title='bbox 859 4116 912 4153; x_wconf 90' lang='lat' dir='ltr'><strong>mo·</strong></span> <span class='ocrx_word' id='word_1_585' title='bbox 956 4102 1022 4163; x_wconf 87' lang='lat' dir='ltr'><strong>regio</strong></span> <span class='ocrx_word' id='word_1_586' title='bbox 1033 4113 1117 4163; x_wconf 90' lang='lat' dir='ltr'><strong>porro,</strong></span> <span class='ocrx_word' id='word_1_587' title='bbox 1130 4100 1243 4162; x_wconf 86' lang='lat' dir='ltr'><strong>etlucus,</strong></span> <span class='ocrx_word' id='word_1_588' title='bbox 1261 4102 1427 4163; x_wconf 80' lang='lat' dir='ltr'><strong>praecogitetur</strong></span> <span class='ocrx_word' id='word_1_589' title='bbox 1439 4100 1485 4161; x_wconf 89' lang='lat' dir='ltr'><strong>iis,</strong></span> <span class='ocrx_word' id='word_1_590' title='bbox 1496 4113 1552 4163; x_wconf 80' lang='lat' dir='ltr'><strong>quae</strong></span> <span class='ocrx_word' id='word_1_591' title='bbox 1563 4101 1588 4149; x_wconf 93' lang='lat' dir='ltr'><strong>in</strong></span> <span class='ocrx_word' id='word_1_592' title='bbox 1599 4101 1653 4151; x_wconf 92' lang='lat' dir='ltr'><strong>loeo</strong></span> <span class='ocrx_word' id='word_1_593' title='bbox 1668 4102 1734 4163; x_wconf 90' lang='lat' dir='ltr'><strong>sunt,</strong></span> 
     </span>
     <span class='ocr_line' id='line_1_44' title="bbox 134 4186 1735 4255; baseline -0.004 -13"><span class='ocrx_word' id='word_1_594' title='bbox 134 4192 257 4242; x_wconf 83' lang='lat' dir='ltr'><strong>dulumiue</strong></span> <span class='ocrx_word' id='word_1_595' title='bbox 268 4191 348 4254; x_wconf 89' lang='lat' dir='ltr'><strong>apiani</strong></span> <span class='ocrx_word' id='word_1_596' title='bbox 360 4192 446 4255; x_wconf 87' lang='lat' dir='ltr'><strong>globo,</strong></span> <span class='ocrx_word' id='word_1_597' title='bbox 463 4204 568 4254; x_wconf 89' lang='lat' dir='ltr'><strong>eumque</strong></span> <span class='ocrx_word' id='word_1_598' title='bbox 580 4203 677 4241; x_wconf 91' lang='lat' dir='ltr'><strong>omnem</strong></span> <span class='ocrx_word' id='word_1_599' title='bbox 691 4190 829 4253; x_wconf 83' lang='lat' dir='ltr'><strong>hujusmodl</strong></span> <span class='ocrx_word' id='word_1_600' title='bbox 845 4192 913 4242; x_wconf 91' lang='lat' dir='ltr'><strong>lumi·</strong></span> <span class='ocrx_word' id='word_1_601' title='bbox 957 4200 1054 4239; x_wconf 72' lang='lat' dir='ltr'><strong>neeoese</strong></span> <span class='ocrx_word' id='word_1_602' title='bbox 1068 4190 1119 4249; x_wconf 75' lang='lat' dir='ltr'><strong>esi,</strong></span> <span class='ocrx_word' id='word_1_603' title='bbox 1130 4186 1167 4237; x_wconf 84' lang='lat' dir='ltr'><strong>vel</strong></span> <span class='ocrx_word' id='word_1_604' title='bbox 1182 4188 1239 4249; x_wconf 88' lang='lat' dir='ltr'><strong>quia</strong></span> <span class='ocrx_word' id='word_1_605' title='bbox 1254 4188 1336 4249; x_wconf 92' lang='lat' dir='ltr'><strong>puncti</strong></span> <span class='ocrx_word' id='word_1_606' title='bbox 1354 4189 1470 4237; x_wconf 88' lang='lat' dir='ltr'><strong>rationem</strong></span> <span class='ocrx_word' id='word_1_607' title='bbox 1485 4187 1586 4238; x_wconf 90' lang='lat' dir='ltr'><strong>obtinet.</strong></span> <span class='ocrx_word' id='word_1_608' title='bbox 1598 4188 1651 4236; x_wconf 86' lang='lat' dir='ltr'><strong>lloe</strong></span> <span class='ocrx_word' id='word_1_609' title='bbox 1664 4200 1735 4249; x_wconf 92' lang='lat' dir='ltr'><strong>porro</strong></span> 
     </span>
     <span class='ocr_line' id='line_1_45' title="bbox 134 4275 1735 4339; baseline -0.004 -8"><span class='ocrx_word' id='word_1_610' title='bbox 134 4282 207 4331; x_wconf 88' lang='lat' dir='ltr'><strong>nibus</strong></span> <span class='ocrx_word' id='word_1_611' title='bbox 220 4291 356 4331; x_wconf 75' lang='lat' dir='ltr'><strong>exornasse.</strong></span> <span class='ocrx_word' id='word_1_612' title='bbox 388 4279 434 4330; x_wconf 87' lang='lat' dir='ltr'><strong>ilbi</strong></span> <span class='ocrx_word' id='word_1_613' title='bbox 451 4292 509 4330; x_wconf 88' lang='lat' dir='ltr'><strong>reru</strong></span> <span class='ocrx_word' id='word_1_614' title='bbox 526 4278 639 4329; x_wconf 80' lang='lat' dir='ltr'><strong>morendi</strong></span> <span class='ocrx_word' id='word_1_615' title='bbox 656 4292 698 4329; x_wconf 90' lang='lat' dir='ltr'><strong>sus</strong></span> <span class='ocrx_word' id='word_1_616' title='bbox 715 4280 914 4331; x_wconf 82' lang='lat' dir='ltr'><strong>estnecessarius</strong></span> <span class='ocrx_word' id='word_1_617' title='bbox 957 4275 1222 4339; x_wconf 78' lang='lat' dir='ltr'><strong>mutiquiusesseomni</strong></span> <span class='ocrx_word' id='word_1_618' title='bbox 1240 4276 1417 4339; x_wconf 85' lang='lat' dir='ltr'><strong>magnitudine,</strong></span> <span class='ocrx_word' id='word_1_619' title='bbox 1430 4278 1501 4337; x_wconf 88' lang='lat' dir='ltr'><strong>atque</strong></span> <span class='ocrx_word' id='word_1_620' title='bbox 1515 4275 1735 4337; x_wconf 84' lang='lat' dir='ltr'><strong>omnibusqnanti·</strong></span> 
     </span>
     <span class='ocr_line' id='line_1_46' title="bbox 136 4362 1733 4429; baseline -0.005 -12"><span class='ocrx_word' id='word_1_621' title='bbox 136 4367 217 4429; x_wconf 86' lang='lat' dir='ltr'><strong>risus,</strong></span> <span class='ocrx_word' id='word_1_622' title='bbox 239 4379 270 4417; x_wconf 81' lang='lat' dir='ltr'><strong>ex</strong></span> <span class='ocrx_word' id='word_1_623' title='bbox 288 4366 401 4416; x_wconf 88' lang='lat' dir='ltr'><strong>omnibus</strong></span> <span class='ocrx_word' id='word_1_624' title='bbox 420 4366 526 4417; x_wconf 91' lang='lat' dir='ltr'><strong>motibus</strong></span> <span class='ocrx_word' id='word_1_625' title='bbox 546 4367 610 4417; x_wconf 92' lang='lat' dir='ltr'><strong>duos</strong></span> <span class='ocrx_word' id='word_1_626' title='bbox 630 4366 674 4416; x_wconf 92' lang='lat' dir='ltr'><strong>bos</strong></span> <span class='ocrx_word' id='word_1_627' title='bbox 695 4366 809 4417; x_wconf 85' lang='lat' dir='ltr'><strong>tribuisse</strong></span> <span class='ocrx_word' id='word_1_628' title='bbox 829 4368 914 4429; x_wconf 87' lang='lat' dir='ltr'><strong>praeel-</strong></span> <span class='ocrx_word' id='word_1_629' title='bbox 958 4362 1056 4425; x_wconf 85' lang='lat' dir='ltr'><strong>latibus,</strong></span> <span class='ocrx_word' id='word_1_630' title='bbox 1069 4362 1169 4413; x_wconf 83' lang='lat' dir='ltr'><strong>natrrrali</strong></span> <span class='ocrx_word' id='word_1_631' title='bbox 1181 4363 1284 4425; x_wconf 89' lang='lat' dir='ltr'><strong>quadam</strong></span> <span class='ocrx_word' id='word_1_632' title='bbox 1296 4363 1383 4413; x_wconf 88' lang='lat' dir='ltr'><strong>meniis</strong></span> <span class='ocrx_word' id='word_1_633' title='bbox 1395 4363 1551 4424; x_wconf 86' lang='lat' dir='ltr'><strong>conceptione</strong></span> <span class='ocrx_word' id='word_1_634' title='bbox 1563 4362 1733 4425; x_wconf 79' lang='lat' dir='ltr'><strong>praenoscitur,</strong></span> 
     </span>
     <span class='ocr_line' id='line_1_47' title="bbox 137 4450 1214 4519; baseline -0.006 -13"><span class='ocrx_word' id='word_1_635' title='bbox 137 4468 213 4519; x_wconf 86' lang='lat' dir='ltr'><strong>pnes,</strong></span> <span class='ocrx_word' id='word_1_636' title='bbox 231 4468 308 4505; x_wconf 88' lang='lat' dir='ltr'><strong>unum</strong></span> <span class='ocrx_word' id='word_1_637' title='bbox 324 4469 356 4505; x_wconf 83' lang='lat' dir='ltr'><strong>ex</strong></span> <span class='ocrx_word' id='word_1_638' title='bbox 367 4454 501 4517; x_wconf 89' lang='lat' dir='ltr'><strong>accidenti,</strong></span> <span class='ocrx_word' id='word_1_639' title='bbox 513 4468 562 4518; x_wconf 88' lang='lat' dir='ltr'><strong>quo</strong></span> <span class='ocrx_word' id='word_1_640' title='bbox 583 4454 648 4517; x_wconf 90' lang='lat' dir='ltr'><strong>rapit</strong></span> <span class='ocrx_word' id='word_1_641' title='bbox 666 4454 748 4504; x_wconf 87' lang='lat' dir='ltr'><strong>stellas</strong></span> <span class='ocrx_word' id='word_1_642' title='bbox 763 4454 861 4517; x_wconf 87' lang='lat' dir='ltr'><strong>aplanes</strong></span> <span class='ocrx_word' id='word_1_643' title='bbox 882 4454 914 4503; x_wconf 92' lang='lat' dir='ltr'><strong>ad</strong></span> <span class='ocrx_word' id='word_1_644' title='bbox 959 4450 1024 4501; x_wconf 74' lang='lat' dir='ltr'><strong>velut</strong></span> <span class='ocrx_word' id='word_1_645' title='bbox 1039 4452 1073 4500; x_wconf 86' lang='lat' dir='ltr'><strong>sit</strong></span> <span class='ocrx_word' id='word_1_646' title='bbox 1085 4450 1214 4512; x_wconf 79' lang='lat' dir='ltr'><strong>Hesiodus,</strong></span> 
     </span>
     <span class='ocr_line' id='line_1_48' title="bbox 136 4541 915 4607; baseline -0.006 -12"><span class='ocrx_word' id='word_1_647' title='bbox 136 4544 250 4603; x_wconf 73' lang='lat' dir='ltr'><strong>ceddae,</strong></span> <span class='ocrx_word' id='word_1_648' title='bbox 265 4556 337 4607; x_wconf 89' lang='lat' dir='ltr'><strong>quem</strong></span> <span class='ocrx_word' id='word_1_649' title='bbox 349 4549 442 4593; x_wconf 86' lang='lat' dir='ltr'><strong>motum</strong></span> <span class='ocrx_word' id='word_1_650' title='bbox 459 4555 524 4592; x_wconf 91' lang='lat' dir='ltr'><strong>nunc</strong></span> <span class='ocrx_word' id='word_1_651' title='bbox 538 4544 610 4593; x_wconf 85' lang='lat' dir='ltr'><strong>noent</strong></span> <span class='ocrx_word' id='word_1_652' title='bbox 621 4542 646 4591; x_wconf 91' lang='lat' dir='ltr'><strong>iu</strong></span> <span class='ocrx_word' id='word_1_653' title='bbox 655 4541 839 4592; x_wconf 84' lang='lat' dir='ltr'><strong>antecedentia:</strong></span> <span class='ocrx_word' id='word_1_654' title='bbox 854 4541 915 4591; x_wconf 90' lang='lat' dir='ltr'><strong>alte·</strong></span> 
     </span>
     <span class='ocr_line' id='line_1_49' title="bbox 137 4625 1649 4694; baseline -0.003 -14"><span class='ocrx_word' id='word_1_655' title='bbox 137 4644 191 4680; x_wconf 90' lang='lat' dir='ltr'><strong>rom</strong></span> <span class='ocrx_word' id='word_1_656' title='bbox 207 4643 264 4682; x_wconf 81' lang='lat' dir='ltr'><strong>nero</strong></span> <span class='ocrx_word' id='word_1_657' title='bbox 277 4631 446 4694; x_wconf 86' lang='lat' dir='ltr'><strong>principalem,</strong></span> <span class='ocrx_word' id='word_1_658' title='bbox 460 4630 503 4694; x_wconf 88' lang='lat' dir='ltr'><strong>qni</strong></span> <span class='ocrx_word' id='word_1_659' title='bbox 518 4630 557 4681; x_wconf 78' lang='lat' dir='ltr'><strong>est</strong></span> <span class='ocrx_word' id='word_1_660' title='bbox 569 4628 734 4691; x_wconf 87' lang='lat' dir='ltr'><strong>circumactio,</strong></span> <span class='ocrx_word' id='word_1_661' title='bbox 748 4627 860 4690; x_wconf 88' lang='lat' dir='ltr'><strong>circaque</strong></span> <span class='ocrx_word' id='word_1_662' title='bbox 874 4640 914 4677; x_wconf 88' lang='lat' dir='ltr'><strong>se·</strong></span> <span class='ocrx_word' id='word_1_663' title='bbox 1012 4631 1089 4677; x_wconf 88' lang='lat' dir='ltr'><strong>Prima</strong></span> <span class='ocrx_word' id='word_1_664' title='bbox 1097 4631 1146 4677; x_wconf 79' lang='lat' dir='ltr'><strong>beo</strong></span> <span class='ocrx_word' id='word_1_665' title='bbox 1159 4625 1286 4688; x_wconf 83' lang='lat' dir='ltr'><strong>est‘oallgo.</strong></span> <span class='ocrx_word' id='word_1_666' title='bbox 1301 4632 1386 4677; x_wconf 85' lang='lat' dir='ltr'><strong>debinc</strong></span> <span class='ocrx_word' id='word_1_667' title='bbox 1397 4632 1450 4688; x_wconf 85' lang='lat' dir='ltr'><strong>post</strong></span> <span class='ocrx_word' id='word_1_668' title='bbox 1460 4632 1520 4675; x_wconf 88' lang='lat' dir='ltr'><strong>terra</strong></span> <span class='ocrx_word' id='word_1_669' title='bbox 1528 4630 1604 4675; x_wconf 84' lang='lat' dir='ltr'><strong>oreste</strong></span> <span class='ocrx_word' id='word_1_670' title='bbox 1614 4631 1649 4675; x_wconf 84' lang='lat' dir='ltr'><strong>est</strong></span> 
     </span>
     <span class='ocr_line' id='line_1_50' title="bbox 137 4696 1550 4778; baseline 0 -14"><span class='ocrx_word' id='word_1_671' title='bbox 137 4718 187 4765; x_wconf 88' lang='lat' dir='ltr'><strong>met</strong></span> <span class='ocrx_word' id='word_1_672' title='bbox 198 4716 306 4778; x_wconf 80' lang='lat' dir='ltr'><strong>venitur,</strong></span> <span class='ocrx_word' id='word_1_673' title='bbox 320 4716 423 4766; x_wconf 88' lang='lat' dir='ltr'><strong>similem</strong></span> <span class='ocrx_word' id='word_1_674' title='bbox 433 4714 594 4767; x_wconf 73' lang='lat' dir='ltr'><strong>deliberatione</strong></span> <span class='ocrx_word' id='word_1_675' title='bbox 605 4716 694 4765; x_wconf 87' lang='lat' dir='ltr'><strong>animae</strong></span> <span class='ocrx_word' id='word_1_676' title='bbox 704 4716 795 4778; x_wconf 91' lang='lat' dir='ltr'><strong>motui,</strong></span> <span class='ocrx_word' id='word_1_677' title='bbox 808 4716 916 4778; x_wconf 89' lang='lat' dir='ltr'><strong>quinque</strong></span> <span class='ocrx_word' id='word_1_678' title='bbox 1013 4696 1146 4767; x_wconf 70' lang='lat' dir='ltr'><strong>Silliisslum</strong></span> <span class='ocrx_word' id='word_1_679' title='bbox 1160 4711 1224 4756; x_wconf 84' lang='lat' dir='ltr'><strong>sedes</strong></span> <span class='ocrx_word' id='word_1_680' title='bbox 1234 4710 1367 4756; x_wconf 60' lang='lat' dir='ltr'><strong>firmium</strong></span> <span class='ocrx_word' id='word_1_681' title='bbox 1376 4710 1467 4765; x_wconf 85' lang='lat' dir='ltr'><strong>pectem</strong></span> <span class='ocrx_word' id='word_1_682' title='bbox 1477 4709 1550 4754; x_wconf 69' lang='lat'><strong>&#39;⁸⁵¹⁰-</strong></span> 
     </span>
     <span class='ocr_line' id='line_1_51' title="bbox 136 4801 517 4853; baseline 0 -2"><span class='ocrx_word' id='word_1_683' title='bbox 136 4801 231 4851; x_wconf 78' lang='lat' dir='ltr'><strong>eaeterls</strong></span> <span class='ocrx_word' id='word_1_684' title='bbox 241 4803 389 4853; x_wconf 86' lang='lat' dir='ltr'><strong>cessantibus</strong></span> <span class='ocrx_word' id='word_1_685' title='bbox 401 4804 517 4853; x_wconf 89' lang='lat' dir='ltr'><strong>motibus.</strong></span> 
     </span>
    </p>

    <p class='ocr_par' dir='ltr' id='par_1_11' title="bbox 138 4883 1737 5129">
     <span class='ocr_line' id='line_1_52' title="bbox 169 4883 1736 4953; baseline 0 -16"><span class='ocrx_word' id='word_1_686' title='bbox 169 4889 263 4938; x_wconf 80' lang='lat' dir='ltr'>ccxx.</span> <span class='ocrx_word' id='word_1_687' title='bbox 278 4890 370 4939; x_wconf 77' lang='lat' dir='ltr'><strong>Etenim</strong></span> <span class='ocrx_word' id='word_1_688' title='bbox 392 4891 509 4942; x_wconf 88' lang='lat' dir='ltr'><strong>ioculares</strong></span> <span class='ocrx_word' id='word_1_689' title='bbox 522 4896 605 4941; x_wconf 88' lang='lat' dir='ltr'><strong>motus</strong></span> <span class='ocrx_word' id='word_1_690' title='bbox 620 4894 712 4953; x_wconf 90' lang='lat' dir='ltr'><strong>septem</strong></span> <span class='ocrx_word' id='word_1_691' title='bbox 726 4892 793 4952; x_wconf 88' lang='lat' dir='ltr'><strong>sunt,</strong></span> <span class='ocrx_word' id='word_1_692' title='bbox 807 4883 895 4953; x_wconf 86' lang='lat' dir='ltr'><strong>opinor</strong></span> <span class='ocrx_word' id='word_1_693' title='bbox 907 4911 915 4942; x_wconf 79' lang='lat' dir='ltr'><strong>s</strong></span> <span class='ocrx_word' id='word_1_694' title='bbox 958 4892 1016 4940; x_wconf 83' lang='lat' dir='ltr'><strong>Post</strong></span> <span class='ocrx_word' id='word_1_695' title='bbox 1029 4889 1104 4939; x_wconf 85' lang='lat' dir='ltr'><strong>cbaos</strong></span> <span class='ocrx_word' id='word_1_696' title='bbox 1115 4888 1189 4949; x_wconf 90' lang='lat' dir='ltr'><strong>enim,</strong></span> <span class='ocrx_word' id='word_1_697' title='bbox 1204 4902 1276 4952; x_wconf 89' lang='lat' dir='ltr'><strong>quam</strong></span> <span class='ocrx_word' id='word_1_698' title='bbox 1286 4889 1364 4939; x_wconf 82' lang='lat' dir='ltr'><strong>Grmci</strong></span> <span class='ocrx_word' id='word_1_699' title='bbox 1374 4889 1447 4949; x_wconf 73' lang='grc' dir='ltr'>ὕλην,</span> <span class='ocrx_word' id='word_1_700' title='bbox 1458 4901 1502 4937; x_wconf 88' lang='lat' dir='ltr'><strong>nos</strong></span> <span class='ocrx_word' id='word_1_701' title='bbox 1512 4887 1600 4938; x_wconf 81' lang='lat' dir='ltr'><strong>silvam</strong></span> <span class='ocrx_word' id='word_1_702' title='bbox 1614 4900 1736 4950; x_wconf 81' lang='lat' dir='ltr'><strong>roeemm,</strong></span> 
     </span>
     <span class='ocr_line' id='line_1_53' title="bbox 138 4972 1736 5040; baseline 0.004 -17"><span class='ocrx_word' id='word_1_703' title='bbox 138 4974 188 5023; x_wconf 91' lang='lat' dir='ltr'><strong>duo</strong></span> <span class='ocrx_word' id='word_1_704' title='bbox 201 4972 374 5036; x_wconf 79' lang='lat' dir='ltr'><strong>quidemjmrta</strong></span> <span class='ocrx_word' id='word_1_705' title='bbox 388 4975 575 5039; x_wconf 89' lang='lat' dir='ltr'><strong>longitudinem,</strong></span> <span class='ocrx_word' id='word_1_706' title='bbox 586 4976 611 5025; x_wconf 90' lang='lat' dir='ltr'><strong>id</strong></span> <span class='ocrx_word' id='word_1_707' title='bbox 623 4979 670 5036; x_wconf 90' lang='lat' dir='ltr'><strong>est,</strong></span> <span class='ocrx_word' id='word_1_708' title='bbox 682 4978 739 5026; x_wconf 89' lang='lat' dir='ltr'><strong>ante</strong></span> <span class='ocrx_word' id='word_1_709' title='bbox 747 4981 773 5027; x_wconf 92' lang='lat' dir='ltr'><strong>et</strong></span> <span class='ocrx_word' id='word_1_710' title='bbox 785 4983 854 5040; x_wconf 86' lang='lat' dir='ltr'><strong>post;</strong></span> <span class='ocrx_word' id='word_1_711' title='bbox 867 4977 916 5028; x_wconf 89' lang='lat' dir='ltr'><strong>duo</strong></span> <span class='ocrx_word' id='word_1_712' title='bbox 959 4979 1097 5031; x_wconf 83' lang='lat' dir='ltr'><strong>substitisse</strong></span> <span class='ocrx_word' id='word_1_713' title='bbox 1110 4982 1199 5029; x_wconf 87' lang='lat' dir='ltr'><strong>terrem</strong></span> <span class='ocrx_word' id='word_1_714' title='bbox 1216 4980 1287 5029; x_wconf 86' lang='lat' dir='ltr'><strong>docet</strong></span> <span class='ocrx_word' id='word_1_715' title='bbox 1306 4979 1331 5029; x_wconf 91' lang='lat' dir='ltr'><strong>iu</strong></span> <span class='ocrx_word' id='word_1_716' title='bbox 1351 4978 1478 5029; x_wconf 86' lang='lat' dir='ltr'><strong>medietate</strong></span> <span class='ocrx_word' id='word_1_717' title='bbox 1491 4979 1607 5029; x_wconf 91' lang='lat' dir='ltr'><strong>mundani</strong></span> <span class='ocrx_word' id='word_1_718' title='bbox 1622 4978 1736 5040; x_wconf 88' lang='lat' dir='ltr'><strong>ambitus,</strong></span> 
     </span>
     <span class='ocr_line' id='line_1_54' title="bbox 138 5058 1737 5129; baseline 0.005 -21"><span class='ocrx_word' id='word_1_719' title='bbox 138 5058 196 5110; x_wconf 91' lang='lat' dir='ltr'><strong>item</strong></span> <span class='ocrx_word' id='word_1_720' title='bbox 210 5060 249 5110; x_wconf 90' lang='lat' dir='ltr'><strong>alii</strong></span> <span class='ocrx_word' id='word_1_721' title='bbox 261 5073 303 5124; x_wconf 88' lang='lat' dir='ltr'><strong>per</strong></span> <span class='ocrx_word' id='word_1_722' title='bbox 315 5061 475 5125; x_wconf 88' lang='lat' dir='ltr'><strong>latitudinem,</strong></span> <span class='ocrx_word' id='word_1_723' title='bbox 492 5066 516 5114; x_wconf 95' lang='lat' dir='ltr'><strong>in</strong></span> <span class='ocrx_word' id='word_1_724' title='bbox 530 5064 664 5125; x_wconf 83' lang='lat' dir='ltr'><strong>dexteram,</strong></span> <span class='ocrx_word' id='word_1_725' title='bbox 674 5065 699 5115; x_wconf 89' lang='lat' dir='ltr'><strong>et</strong></span> <span class='ocrx_word' id='word_1_726' title='bbox 706 5063 843 5129; x_wconf 62' lang='lat' dir='ltr'><strong>sinbtmm</strong></span> <span class='ocrx_word' id='word_1_727' title='bbox 854 5066 914 5116; x_wconf 91' lang='lat' dir='ltr'><strong>duo-</strong></span> <span class='ocrx_word' id='word_1_728' title='bbox 960 5068 988 5117; x_wconf 85' lang='lat' dir='ltr'><strong>ut</strong></span> <span class='ocrx_word' id='word_1_729' title='bbox 1004 5066 1257 5124; x_wconf 79' lang='lat' dir='ltr'><strong>lundoments,·iissm</strong></span> <span class='ocrx_word' id='word_1_730' title='bbox 1276 5071 1302 5117; x_wconf 91' lang='lat' dir='ltr'><strong>et</strong></span> <span class='ocrx_word' id='word_1_731' title='bbox 1319 5066 1477 5117; x_wconf 89' lang='lat' dir='ltr'><strong>immobilem.</strong></span> <span class='ocrx_word' id='word_1_732' title='bbox 1510 5066 1584 5117; x_wconf 82' lang='lat' dir='ltr'><strong>liobis</strong></span> <span class='ocrx_word' id='word_1_733' title='bbox 1597 5067 1679 5117; x_wconf 89' lang='lat' dir='ltr'><strong>autem</strong></span> <span class='ocrx_word' id='word_1_734' title='bbox 1692 5078 1737 5116; x_wconf 85' lang='lat' dir='ltr'><strong>na·</strong></span> 
     </span>
    </p>
   </div>
   <div class='ocr_carea' id='block_1_10' title="bbox 137 5148 1738 5284">
    <p class='ocr_par' dir='ltr' id='par_1_12' title="bbox 137 5148 1738 5284">
     <span class='ocr_line' id='line_1_55' title="bbox 137 5148 1738 5219; baseline 0.006 -24"><span class='ocrx_word' id='word_1_735' title='bbox 137 5159 188 5207; x_wconf 89' lang='lat' dir='ltr'><strong>que</strong></span> <span class='ocrx_word' id='word_1_736' title='bbox 199 5148 238 5197; x_wconf 91' lang='lat' dir='ltr'><strong>alii</strong></span> <span class='ocrx_word' id='word_1_737' title='bbox 251 5148 319 5212; x_wconf 82' lang='lat' dir='ltr'><strong>juata</strong></span> <span class='ocrx_word' id='word_1_738' title='bbox 332 5149 532 5216; x_wconf 84' lang='lat' dir='ltr'><strong>pminndidatem,</strong></span> <span class='ocrx_word' id='word_1_739' title='bbox 543 5165 640 5202; x_wconf 88' lang='lat' dir='ltr'><strong>sursum</strong></span> <span class='ocrx_word' id='word_1_740' title='bbox 654 5154 678 5203; x_wconf 90' lang='lat' dir='ltr'><strong>et</strong></span> <span class='ocrx_word' id='word_1_741' title='bbox 691 5152 804 5203; x_wconf 89' lang='lat' dir='ltr'><strong>deorsum</strong></span> <span class='ocrx_word' id='word_1_742' title='bbox 821 5172 828 5205; x_wconf 71' lang='lat' dir='ltr'><strong><em>z</em></strong></span> <span class='ocrx_word' id='word_1_743' title='bbox 843 5156 868 5205; x_wconf 88' lang='lat' dir='ltr'><strong>et</strong></span> <span class='ocrx_word' id='word_1_744' title='bbox 879 5154 916 5204; x_wconf 90' lang='lat' dir='ltr'><strong>nl·</strong></span> <span class='ocrx_word' id='word_1_745' title='bbox 960 5157 1014 5205; x_wconf 91' lang='lat' dir='ltr'><strong>tura</strong></span> <span class='ocrx_word' id='word_1_746' title='bbox 1030 5155 1149 5206; x_wconf 85' lang='lat' dir='ltr'><strong>tribulum</strong></span> <span class='ocrx_word' id='word_1_747' title='bbox 1163 5159 1210 5219; x_wconf 81' lang='lat' dir='ltr'><strong>est,</strong></span> <span class='ocrx_word' id='word_1_748' title='bbox 1220 5155 1243 5205; x_wconf 89' lang='lat' dir='ltr'><strong>ld</strong></span> <span class='ocrx_word' id='word_1_749' title='bbox 1254 5154 1317 5217; x_wconf 91' lang='lat' dir='ltr'><strong>quod</strong></span> <span class='ocrx_word' id='word_1_750' title='bbox 1329 5156 1386 5217; x_wconf 85' lang='lat' dir='ltr'><strong>siai,</strong></span> <span class='ocrx_word' id='word_1_751' title='bbox 1401 5154 1430 5205; x_wconf 89' lang='lat' dir='ltr'><strong>iis</strong></span> <span class='ocrx_word' id='word_1_752' title='bbox 1441 5167 1497 5217; x_wconf 83' lang='lat' dir='ltr'><strong>quae</strong></span> <span class='ocrx_word' id='word_1_753' title='bbox 1510 5157 1646 5213; x_wconf 87' lang='lat' dir='ltr'><strong>morentur,</strong></span> <span class='ocrx_word' id='word_1_754' title='bbox 1657 5156 1738 5205; x_wconf 88' lang='lat' dir='ltr'><strong>mente</strong></span> 
     </span>
     <span class='ocr_line' id='line_1_56' title="bbox 220 5240 1657 5284; baseline 0.013 -6"><span class='ocrx_word' id='word_1_755' title='bbox 220 5243 310 5280; x_wconf 79' lang='lat' dir='ltr'><strong>aornos.</strong></span> <span class='ocrx_word' id='word_1_756' title='bbox 330 5244 401 5282; x_wconf 79' lang='lat' dir='ltr'><strong>onec.</strong></span> <span class='ocrx_word' id='word_1_757' title='bbox 415 5247 439 5283; x_wconf 91' lang='lat' dir='ltr'><strong>rr.</strong></span> <span class='ocrx_word' id='word_1_758' title='bbox 830 5252 834 5261; x_wconf 93' lang='lat'>·</span> <span class='ocrx_word' id='word_1_759' title='bbox 1631 5240 1657 5284; x_wconf 55' lang='grc' dir='ltr'><strong>’ὅ</strong></span> 
     </span>
    </p>
   </div>
   <div class='ocr_carea' id='block_1_11' title="bbox 0 0 1999 5925">
    <p class='ocr_par' dir='ltr' id='par_1_13' title="bbox 0 0 1999 5925">
     <span class='ocr_line' id='line_1_57' title="bbox 0 0 1999 5925; baseline 0 0"><span class='ocrx_word' id='word_1_760' title='bbox 0 0 1999 5925; x_wconf 95' lang='lat' dir='ltr'><strong> </strong></span> 
     </span>
    </p>
   </div>
  </div>
 </body>
</html>
