3959 5925
779 369 820 430 IN
839 370 1009 432 tlnAEott
1029 368 1233 432 Platonis.
1332 427 1336 436 .

200 501 320 552 similetur
335 499 414 548 anima
424 499 568 550 rirllcautts
583 499 671 550 aulmar
684 513 775 564 corpus
787 501 909 552 universes
921 502 957 551 rei
975 515 982 550 :

200 590 291 652 cuique
317 591 406 637 cuncta
426 587 569 650 cognitionis
591 600 673 638 rerum
699 588 876 653 monumenta,
899 602 985 639 seuam

200 677 314 728 videlicet
328 676 441 738 adiuncta
452 675 513 738 sint;
527 689 637 740 quoque,
647 689 703 740 qure
711 679 815 740 aguntur
825 679 909 740 extra,
920 677 982 728 iudi·

199 766 238 817 cio
245 765 381 816 ricinorum
391 776 509 815 semaam
519 776 590 815 meus
597 767 749 828 msequatur.
782 765 877 823 Quibus
886 765 984 829 quidem

198 854 311 906 amathus
331 853 431 904 minime
448 866 510 916 opus
529 853 577 905 tuit
596 852 705 917 mundo,
727 854 818 918 quippe
837 855 899 903 nibil
914 857 984 904 extra

197 943 320 993 monam
340 941 426 992 mano
439 943 492 1003 aa,
504 943 548 992 aar
559 925 662 1004 spur.
680 945 712 992 ar
731 955 791 994 varo
804 944 918 1007 perram
935 944 980 993 ao-

196 1032 271 1082 miuis
283 1030 435 1081 lnstmctiooi
445 1034 503 1080 sunt
516 1041 603 1082 εειιειιε
617 1030 749 1082 admodum
762 1033 893 1084 nccessmii
906 1050 913 1081 :
925 1032 983 1096 quis

196 1119 303 1182 initium,
314 1122 339 1169 et
349 1119 420 1182 quasi
431 1119 545 1183 quasdam
555 1119 703 1183 intelligendi
712 1119 868 1184 sapiendique
878 1122 983 1184 semina,

196 1210 253 1257 suut
268 1206 295 1254 in
310 1204 442 1256 sentiendo.

229 1295 381 1344 ccxxxiii.
398 1292 496 1344 Deinde
508 1305 608 1343 cacmm
619 1292 783 1356 demonstrat,
796 1306 840 1344 cur
853 1295 925 1357 capiti
935 1308 984 1345 cm·

200 1386 250 1432 tera
271 1381 382 1431 membra
398 1379 507 1442 subjecta
528 1381 585 1431 sint.
618 1381 768 1445 Oportebat,
784 1381 877 1445 inquit,
893 1383 982 1432 animal

198 1469 300 1520 terrenis
309 1469 412 1532 negotiis
421 1469 512 1532 practici
523 1483 531 1518 ε
543 1472 619 1519 terrie
629 1473 718 1520 entem
728 1469 879 1534 superficies
890 1473 985 1535 iniquo

198 1573 231 1610 err
244 1563 325 1624 porte
333 1562 463 1622 monimo,
474 1559 633 1622 declivibus,
643 1563 669 1610 et
682 1562 747 1610 item
756 1560 984 1624 acclivitrrrr'nape·

196 1649 329 1700 dinocratis.
361 1650 420 1698 Erat
431 1646 504 1711 igitur
517 1647 669 1710 impossibile
682 1653 750 1698 motu
762 1649 848 1712 capitis
860 1649 983 1711 naturali,

198 1736 245 1788 boc
266 1737 313 1797 est,
336 1734 435 1799 globosa
452 1733 594 1786 decursione
609 1736 685 1785 terras
705 1733 783 1797 obirt,
808 1737 984 1798 proptereaque

198 1823 287 1873 divinas
306 1824 439 1886 potestates
453 1821 607 1874 orbiculum
621 1823 754 1874 consimilis
769 1822 928 1887 ejusdemquo
938 1837 983 1874 na·

197 1914 261 1962 turm
277 1912 366 1975 capiti,
376 1917 492 1962 ontemm
501 1925 606 1975 corpus,
619 1913 644 1962 ct
653 1926 709 1975 quar
720 1916 804 1964 motui
820 1913 901 1963 lutura
913 1915 984 1964 erant

196 2000 346 2062 neomarla,
357 1998 465 2048 membra
474 1999 673 2058 substraremnt,
687 2013 740 2065 qno
749 2003 861 2051 rottonts
875 2000 982 2050 domici-

198 2088 266 2138 linrn
281 2089 382 2136 ceteris
395 2089 529 2138 enrineret.
562 2087 685 2151 Quodque
697 2102 726 2139 ex
740 2089 891 2139 translatitiis
909 2089 983 2139 moti·

196 2174 244 2224 bus
263 2175 375 2236 quisdam
395 2177 434 2224 est
452 2175 604 2238 procedendi
623 2176 776 2239 coniugatio,
788 2178 853 2227 retro
870 2177 983 2240 quidem,

196 2263 261 2314 unde
274 2264 312 2314 est
322 2263 451 2313 exordium
463 2265 559 2325 motus,
569 2267 627 2314 ante
637 2270 735 2326 autem,
745 2263 776 2314 ad
789 2265 855 2328 quod
866 2265 894 2315 rit
905 2265 982 2328 impe·

196 2353 259 2401 tus:
282 2350 449 2416 praedendi
463 2351 582 2416 officinm
599 2353 773 2414 commodine,
792 2353 885 2416 inquit,
899 2356 984 2404 rmum

197 2445 237 2491 est
253 2453 335 2503 qnam
349 2439 498 2492 recedendi.
531 2441 622 2505 Opinor
637 2441 705 2502 ideo,
720 2443 778 2505 quia
790 2442 874 2492 mundi
886 2456 984 2505 quoque

196 2530 278 2579 motus
294 2530 372 2592 agitur
386 2530 410 2578 ia
427 2529 604 2591 antecedentia,
624 2533 766 2593 naturaeque
774 2531 915 2581 animalium
928 2545 984 2581 con-

197 2619 322 2682 gruentius
331 2619 457 2682 progredi,
473 2631 547 2683 qmm
558 2619 671 2669 recessim
682 2621 783 2670 moveri.
815 2621 901 2670 Totins
914 2621 983 2671 deni-

197 2721 243 2770 que
256 2708 365 2771 corporis
377 2706 539 2758 conlormatlo
551 2707 652 2770 provida
667 2711 762 2758 naturae
774 2709 882 2759 sollertia
891 2709 929 2758 sic
941 2723 982 2757 or-

197 2795 278 2846 dinata
290 2797 344 2858 est,
357 2809 400 2846 ore
415 2796 535 2859 vultuque
551 2795 582 2844 ad
601 2795 764 2858 praecedentia
777 2808 874 2846 versum
892 2796 983 2857 locata,

197 2885 301 2935 ducibus
318 2899 415 2948 quoqne
438 2884 468 2934 ad
491 2883 647 2948 spatiandum
667 2885 778 2936 sensibus
798 2897 909 2947 prorsum
928 2899 982 2967 spe·

198 2975 328 3025 etantibns.

229 3069 380 3118 ccxxxiv.
397 3067 489 3117 lieblnc
498 3064 604 3115 subterit
614 3065 777 3127 domatibus,
790 3069 814 3114 et
828 3065 923 3128 organis
932 3077 985 3115 sen-

201 3156 275 3207 tiendi
291 3169 298 3206 :
311 3158 336 3207 et
348 3156 431 3219 incipit
444 3154 476 3206 ab
487 3154 593 3217 optimo,
606 3154 854 3217 praeclarissimaque,
869 3167 984 3204 manum

197 3244 307 3294 omnium
318 3244 389 3305 ebur
403 3256 506 3305 causas,
521 3243 611 3306 quibus
621 3243 748 3304 videmus,
759 3242 903 3293 edisserens.
936 3243 983 3293 sed

199 3334 314 3395 qnoniam
326 3332 357 3383 de
371 3334 418 3383 boc
430 3332 538 3396 plerique
550 3331 591 3381 alii
605 3333 661 3394 post
670 3332 751 3393 ipsum
767 3332 892 3394 opiniones
904 3330 984 3381 uarias

198 3420 265 3472 libris
284 3420 389 3472 conditis
398 3422 456 3471 suut
475 3420 595 3480 exsecuti,
613 3432 669 3479 aas,
685 3432 741 3482 qure
755 3421 812 3469 suot
830 3418 854 3468 in
871 3420 983 3482 bonore,

199 3510 373 3572 perstringam,
391 3522 440 3570 quo
455 3509 581 3570 perfectior
597 3497 728 3571 propositae
750 3508 784 3557 rei
802 3510 921 3557 tractatus
938 3507 983 3556 ba·

199 3594 295 3645 beatur.
329 3600 421 3645 omnes
436 3594 478 3656 qui
487 3609 567 3644 rerum
579 3593 647 3643 lnitia
658 3607 760 3658 corpora
772 3597 917 3645 censuerunt
926 3633 934 3655 ,
944 3596 983 3644 ret

200 3686 295 3734 coetum
314 3681 527 3731 innumerabilium
541 3682 692 3732 minutorum
710 3684 825 3744 congesto
846 3682 927 3745 inani,
945 3683 984 3732 rel

200 3773 373 3834 perpetuorum
392 3768 533 3818 continuata
553 3769 711 3831 proceritate,
731 3768 816 3818 dicunt
831 3769 914 3820 ridere
938 3782 984 3819 nos

200 3852 387 3908 simulacrorum
401 3855 591 3907 incursionibus.
624 3856 733 3907 Fluidam
751 3856 842 3919 quippe
860 3857 984 3908 materiem

200 3946 316 3997 formatas
341 3946 412 4009 justa
428 3944 467 3993 sui
480 3943 662 3994 similitudinem
680 3944 798 3995 exsudare
811 3944 911 4015 subtiles
929 3958 983 3995 cor·

202 4049 289 4096 porum
306 4035 429 4094 tunsiones,
447 4046 503 4095 quae
523 4034 582 4083 sunt
597 4033 728 4083 visibilium
746 4034 876 4083 simulacra
894 4048 982 4085 rerum.

202 4128 284 4186 mque
306 4137 363 4174 cum
384 4124 452 4173 risus
472 4127 556 4172 noster
580 4121 723 4183 incurrerit,
743 4124 831 4173 bansta
854 4127 985 4188 etrecepta

203 4211 339 4272 meatibus,
352 4212 502 4262 transmittat
513 4210 543 4260 ad
558 4224 632 4273 cum,
646 4224 775 4274 perquem
790 4212 923 4275 scutimus,
934 4214 983 4277 spi·

202 4302 287 4351 ritum.
321 4289 432 4361 cumque
443 4299 568 4349 delicatior
576 4300 698 4349 simulacri
709 4300 784 4350 moles
792 4300 851 4361 erit,
860 4307 986 4365 separatur

201 4388 363 4453 panditurque
379 4387 459 4450 risus,
483 4388 581 4451 opinor,
603 4389 628 4439 et
649 4387 751 4439 candida
769 4392 846 4451 tunc,
860 4404 917 4452 qua
930 4404 985 4441 sen·

202 4478 303 4537 tiuutm,
315 4477 437 4527 ridentur.
469 4477 494 4527 Si
509 4476 682 4539 corpulentior,
694 4477 847 4528 contundunt
856 4478 949 4539 aciem,
960 4481 984 4530 ct

202 4566 313 4616 ridentur
330 4569 397 4627 atra,
409 4567 483 4627 atque
495 4565 525 4612 sd
539 4564 642 4615 eundem
653 4564 753 4615 modum
764 4565 851 4614 caetera
863 4566 983 4626 tormata,

201 4658 225 4704 et
254 4654 376 4717 colorata,
393 4667 437 4717 pro
462 4654 610 4714 formarum,
636 4654 661 4703 et
682 4653 804 4716 colorum,
827 4653 979 4715 cognatione.

200 4743 327 4811 Multaque
343 4742 424 4792 abbis
437 4741 553 4792 dicumm
562 4742 610 4791 alia
620 4742 646 4792 in
654 4741 760 4792 eundem
770 4740 884 4802 modum,
894 4741 984 4804 quibus

199 4828 299 4892 siugulis
313 4830 492 4881 immorandum
506 4842 554 4879 non
571 4830 626 4880 erit.

232 4919 370 4968 ccxxxv.
388 4920 487 4969 Atrero
501 4917 636 4969 Heraclitus
645 4918 758 4967 intimum
774 4920 882 4979 motum,
892 4918 934 4981 qui
948 4920 985 4968 est

198 5005 302 5055 intentio
314 5006 402 5069 animi,
415 5006 467 5058 sire
482 5006 671 5069 animaduersio,
686 5007 746 5057 dicit
759 5006 848 5069 porrigi
866 5019 909 5070 per
927 5020 984 5057 ocu·

199 5095 279 5144 lorum
290 5096 385 5145 meatus
398 5112 405 5142 r
420 5097 494 5159 atque
506 5095 540 5145 ita
553 5100 664 5158 tangere,
680 5096 850 5158 tractareque,
865 5094 977 5145 visenda.

199 5182 275 5233 Stoici
287 5196 347 5234 uero
364 5180 463 5255 ridendi
476 5196 575 5234 causam
588 5183 613 5233 in
635 5184 711 5234 cadri
732 5184 830 5247 spiritus
849 5184 985 5233 miratione

1754 375 1807 429 tat

1030 501 1187 552 consdtuunt.
1220 497 1296 560 cuius
1312 497 1430 560 effigiem,
1447 497 1501 546 corti
1514 496 1617 548 similem
1630 497 1725 548 volunt.
1761 501 1813 550 lloo

1030 591 1119 654 quippe
1136 601 1264 654 progresso
1280 601 1310 638 ex
1329 588 1453 637 oculorum
1467 585 1597 649 penetrali,
1608 599 1663 650 quae
1679 588 1814 652 appellatur

1030 678 1210 752 pupula,et·ab
1223 677 1323 730 exordio
1335 675 1418 738 team,
1432 688 1481 739 quo
1497 675 1575 738 magis
1590 675 1716 738 porrigitur
1725 679 1750 726 ln
1761 677 1815 728 soli·

1029 766 1129 818 ditatam
1143 767 1242 830 opinato
1255 765 1372 827 exordio,
1385 776 1459 827 penos
1475 762 1514 825 id,
1530 763 1595 826 quod
1615 764 1719 828 ridetur,
1735 765 1815 816 locata

1030 857 1096 908 tundi
1104 858 1276 921 omnilariam,
1288 855 1433 918 dilatarique
1446 854 1515 903 risus
1525 853 1694 904 illustratione.
1729 853 1814 912 Quod·

1029 958 1078 1009 que
1092 946 1172 996 omnis
1189 946 1275 996 natura
1294 943 1383 1006 modo,
1395 954 1575 1005 mensuraque,
1590 944 1730 1003 mouentum
1745 943 1815 1004 spatii

1030 1047 1140 1097 qnoque,
1153 1032 1386 1096 magnitudinisque,
1401 1029 1556 1080 commodum
1570 1042 1624 1080 esse
1636 1048 1643 1080 r
1657 1042 1747 1092 eaque,
1759 1042 1815 1092 quae

1029 1135 1108 1185 neque
1124 1120 1193 1172 valde
1204 1121 1321 1184 applicita
1332 1118 1414 1182 risui,
1431 1131 1476 1170 nec
1491 1103 1594 1168 nimium
1609 1117 1739 1180 distantia,
1755 1116 1814 1168 risi-

1030 1211 1086 1260 bilia
1101 1210 1166 1260 clare
1183 1208 1261 1260 rideri
1274 1223 1280 1254 ε
1293 1210 1360 1260 certe
1373 1219 1461 1258 conum
1472 1207 1551 1270 ipsum
1568 1219 1611 1269 pro
1621 1206 1709 1268 modo,
1720 1219 1817 1257 menan-

1029 1312 1117 1362 raque,
1131 1297 1273 1349 intentionis
1289 1296 1387 1358 augeri,
1409 1297 1433 1368 e't
1445 1297 1518 1359 prout
1531 1294 1597 1344 basia
1613 1294 1667 1356 eius
1677 1293 1715 1344 ret
1725 1294 1816 1344 directa

1030 1387 1069 1437 rel
1085 1387 1174 1436 intlexa
1193 1387 1251 1444 erit,
1267 1385 1406 1447 locidetque
1423 1382 1672 1445 incontemplabilem
1694 1383 1815 1445 speciem,

1030 1473 1063 1523 ite
1084 1472 1252 1536 apparebunt,
1272 1485 1328 1534 quar
1342 1469 1465 1520 ridentur.
1501 1470 1617 1520 oneraria
1636 1469 1727 1532 quippe
1746 1469 1816 1519 naria

1029 1561 1125 1612 eminus
1139 1560 1199 1610 risa*
1215 1559 1345 1623 perexigua
1361 1563 1473 1621 apparet,
1491 1555 1616 1606 deficiente
1632 1557 1815 1619 contemplatio-

1029 1649 1068 1699 nis
1077 1649 1176 1712 rigore,
1188 1660 1234 1698 nec
1245 1661 1271 1698 se
1285 1659 1328 1710 per
1340 1647 1421 1696 omnia
1436 1645 1506 1695 naris
1522 1644 1629 1695 membra
1640 1644 1755 1695 tundente
1766 1645 1816 1708 api-

1028 1738 1089 1788 ritu.
1124 1737 1208 1788 Turris
1218 1737 1276 1786 item
1284 1735 1399 1798 quadrata
1411 1732 1580 1784 rotunditatem
1591 1732 1689 1783 simulat
1699 1733 1813 1794 cylindri,

1029 1825 1186 1888 alqueotiam
1200 1837 1229 1874 cx
1241 1823 1341 1885 obliquo
1354 1823 1405 1872 risa
1423 1821 1530 1885 porticus
1544 1821 1569 1871 ln
1585 1821 1649 1870 exite
1658 1819 1741 1870 datlen
1755 1833 1817 1870 ocu-

1030 1915 1110 1965 lorum
1128 1913 1310 1975 depravatione.
1344 1911 1385 1962 sic
1405 1911 1479 1961 etiam
1497 1909 1622 1959 stellarum
1641 1908 1702 1970 ignis
1718 1909 1818 1972 exiguus

1028 2004 1141 2067 apparet,
1160 2005 1234 2064 atque
1251 2001 1303 2064 ipse
1334 2000 1393 2059 Sol,
1416 1998 1499 2048 multis
1521 1997 1628 2060 partibus
1647 2009 1723 2060 quam¹
1749 1999 1816 2048 terra

1029 2091 1115 2153 maior,
1136 2091 1199 2140 intra
1213 2088 1330 2153 bipedalis
1348 2087 1459 2138 diametri
1475 2085 1594 2136 ambitum
1614 2086 1728 2138 cernitur.
1759 2089 1817 2136 sen·

1032 2183 1078 2233 tire
1088 2165 1395 2247 meromontem-putant,
1406 2177 1506 2242 perinde
1519 2179 1547 2228 ut
1556 2190 1610 2227 eam
1621 2175 1741 2240 pepulerit
1751 2175 1818 2239 spiri·
1886 2233 1894 2252 ι

1028 2272 1085 2331 ins,
1107 2269 1149 2333 qui
1168 2269 1207 2332 id,
1221 2268 1287 2332 quod
1308 2268 1360 2331 ipsc
1376 2265 1466 2329 patitur
1482 2279 1512 2316 ex
1528 2265 1661 2316 visibilium
1682 2265 1817 2328 specierum

1029 2359 1200 2418 concretione,
1212 2356 1300 2408 mentis
1313 2356 1406 2406 intimis
1424 2353 1509 2405 tradit.
1544 2356 1672 2404 Porrectns
1685 2353 1817 2417 siquidem,

1029 2452 1053 2501 et
1069 2448 1144 2499 veluti
1160 2446 1311 2509 patelactus,
1330 2443 1435 2494 candida
1453 2456 1506 2493 esso
1521 2441 1654 2492 denunciat
1668 2440 1818 2505 qunriden-

1028 2540 1077 2589 tur.
1109 2535 1232 2585 contusus
1255 2533 1369 2597 porroj'et
1386 2530 1548 2589 conlaecatior,
1564 2532 1616 2579 atra
1632 2533 1656 2579 et
1672 2530 1816 2591 tenebrosa,

1030 2623 1148 2689 significat
1163 2641 1170 2673 r
1186 2621 1318 2684 similisque
1338 2621 1392 2681 etus
1415 2617 1495 2680 passio
1514 2619 1553 2667 est
1573 2629 1657 2668 eorum
1670 2619 1711 2679 qui
1731 2616 1816 2666 murini

1031 2714 1104 2778 piscis
1121 2710 1263 2772 contagione
1277 2709 1392 2772 torpent,
1406 2705 1526 2768 siquidem
1544 2704 1690 2767 perlinam,
1703 2707 1729 2754 et
1747 2717 1817 2755 arun·

1030 2804 1128 2864 dinem,
1142 2813 1232 2864 perque
1243 2809 1343 2858 uranus,
1355 2796 1436 2860 serpat
1448 2795 1501 2846 rire
1511 2794 1585 2856 illud,
1595 2795 1751 2867 penetrelque
1761 2793 1817 2843 inti·

1031 2905 1098 2941 mum
1111 2901 1217 2940 sensum.

1061 2978 1213 3032 ccxxxvi.
1236 2978 1373 3026 Geometrre
1393 2986 1450 3023 cum
1471 2970 1638 3034 Peripateticis
1662 2971 1816 3023 concinentes

1029 3069 1088 3119 radii
1102 3066 1221 3119 creatora
1235 3064 1316 3113 risum
1337 3062 1431 3126 operari
1445 3062 1531 3126 putant
1548 3074 1604 3110 cum
1625 3072 1668 3122 per
1683 3059 1814 3123 fulgidam,

1031 3156 1200 3218 lucidamque,
1219 3153 1316 3216 papulae
1332 3150 1419 3201 stolam
1432 3151 1457 3199 ln
1471 3148 1591 3200 directum
1602 3147 1709 3197 emicans
1720 3147 1816 3209 radius,

1030 3257 1139 3297 serenam
1149 3242 1249 3307 porrigit
1260 3240 1362 3303 lineam,
1374 3252 1429 3304 qure
1439 3238 1504 3301 gyris
1513 3238 1639 3287 oculorum
1656 3237 1817 3287 circumvecta

1029 3334 1135 3385 motibus
1145 3330 1267 3395 dispergat
1278 3328 1387 3391 undique
1399 3326 1478 3377 lucem
1492 3325 1711 3389 contemplationis.
1721 3325 1816 3388 Quippe

1028 3424 1108 3483 teres,
1131 3421 1156 3471 et
1177 3418 1259 3477 laris,
1280 3416 1345 3466 oculi
1363 3415 1465 3477 globus,
1482 3416 1507 3464 et
1522 3412 1620 3465 humori
1636 3412 1728 3462 lubrico
1748 3411 1816 3462 velut

1029 3510 1158 3569 innatans,
1169 3518 1296 3570 sequacem
1308 3504 1396 3555 lineam
1412 3502 1479 3553 risus
1490 3503 1620 3566 utrobique
1635 3501 1705 3551 tacite
1719 3504 1816 3551 contor-

1032 3600 1098 3661 quet.
1131 3597 1193 3656 Ergo
1208 3594 1272 3642 nolae
1289 3590 1442 3653 geometrico
1457 3592 1600 3651 comparant
1613 3586 1677 3649 quod
1697 3586 1793 3637 ridetur
1808 3606 1815 3637 a

1030 3691 1055 3736 ot
1067 3684 1124 3733 illuc
1140 3693 1240 3731 versum
1257 3678 1314 3729 terri
1333 3677 1433 3726 censent
1446 3675 1515 3723 risus
1532 3674 1689 3725 intentmuem
1705 3692 1712 3723 ι
1726 3674 1768 3725 sed
1784 3674 1816 3725 ob
1902 3649 1911 3723 ⁶.

1030 3772 1147 3832 nimiam,
1166 3766 1366 3831 repentinamqae
1379 3762 1564 3813 couversionem
1582 3762 1664 3812 omnia
1677 3761 1755 3812 uideri
1773 3774 1816 3825 per

1029 3861 1147 3910 illustrem
1156 3854 1293 3905 contuemis
1301 3850 1454 3915 superficiem
1464 3852 1561 3914 putant,
1572 3852 1599 3900 ut
1608 3864 1663 3901 curn
1674 3850 1698 3899 in
1710 3850 1816 3911 theatro,

1031 3946 1111 3996 aliove
1123 3942 1231 4006 quolibet
1244 3944 1366 3991 conventu
1378 3937 1501 4002 popularia
1512 3936 1689 3996 multitudinis,
1704 3936 1814 3986 decursis

1031 4032 1133 4083 strictim
1148 4030 1259 4080 vultuum
1276 4027 1402 4090 partibus,
1419 4025 1625 4088 totnmpopulum
1643 4024 1725 4073 ridere
1745 4022 1815 4073 nobis

1030 4122 1149 4172 ridemur.

1061 4209 1223 4261 ccxxxvtl.
1243 4205 1320 4257 tidem
1333 4203 1401 4267 ajunt
1413 4202 1495 4253 ridere
1511 4214 1556 4251 nce
1568 4200 1607 4251 rel
1621 4198 1724 4250 tuitione
1742 4212 1815 4263 quarn

1030 4301 1100 4363 φάσιν
1112 4299 1217 4357 uocant,
1227 4294 1266 4345 ret
1277 4292 1404 4344 intuitione
1414 4304 1488 4355 quam
1501 4290 1613 4353 ἔμφασιν,
1627 4288 1666 4339 rel
1681 4287 1816 4338 detuitione

1030 4404 1104 4456 quam
1122 4386 1258 4451 παράφασιν
1277 4382 1412 4433 nominant.
1449 4382 1570 4431 ruilione
1587 4376 1702 4439 quidem,
1715 4378 1743 4426 ut
1759 4388 1815 4439 quie

1031 4478 1178 4542 simpliciter,
1194 4478 1219 4527 et
1232 4474 1326 4538 proprie
1341 4473 1463 4535 ridentur,
1476 4482 1581 4533 quaeque
1592 4468 1724 4519 clementer
1734 4466 1814 4516 msam

1030 4568 1168 4632 recipientia
1185 4566 1284 4616 minime
1302 4578 1357 4616 eum
1373 4577 1421 4614 ase
1436 4562 1554 4625 repellunt
1575 4561 1623 4611 rut
1637 4558 1730 4621 dorus,
1741 4556 1812 4621 quln-

1029 4657 1104 4706 immo
1117 4656 1219 4717 tractas,
1231 4666 1326 4704 rursum
1338 4651 1368 4701 ad
1378 4650 1460 4701 ocutos
1470 4649 1558 4701 redeat
1591 4648 1738 4699 Intuittone
1747 4656 1813 4706 vero,

1030 4748 1057 4794 ut
1069 4756 1125 4806 quae
1140 4742 1272 4805 lragmeulo
1287 4739 1348 4789 radii
1365 4738 1501 4789 recurrente
1510 4736 1541 4787 ad
1554 4736 1679 4787 oculorum
1690 4733 1765 4784 aciem
1777 4730 1813 4781 ri·

1029 4831 1117 4883 dentur
1129 4851 1136 4882 r
1149 4830 1231 4894 qualia
1241 4828 1315 4890 sunt,
1328 4840 1382 4890 quaa
1392 4827 1418 4876 in
1434 4825 1553 4891 speculis,
1564 4828 1589 4875 et
1609 4836 1687 4884 aqua,
1704 4820 1813 4871 conside·

1030 4926 1128 4983 rantur;
1148 4920 1242 4971 caeteris
1256 4920 1314 4969 item
1323 4953 1331 4980 ,
1349 4930 1453 4981 quorum
1465 4918 1529 4967 tersa
1541 4917 1579 4965 est
1596 4912 1695 4977 quidem
1711 4910 1812 4973 superti-

1030 5012 1094 5073 cies,
1116 5010 1158 5059 sed
1181 5008 1213 5059 ob
1234 5007 1335 5058 nimiam
1359 5004 1503 5057 densitatem
1524 5003 1626 5055 idoneus
1644 5001 1712 5063 rigor
1729 5001 1766 5050 eat
1781 5000 1811 5048 ad

1032 5096 1194 5161 repellendum
1206 5094 1272 5158 quod
1283 5093 1436 5168 offenderit„
1458 5095 1521 5155 Ergo
1533 5092 1605 5145 ettam
1617 5089 1713 5149 radius,
1721 5086 1747 5136 in
1762 5092 1811 5147 quo

1028 5186 1065 5233 est
1080 5182 1243 5245 revideam,
1257 5182 1347 5233 tractus
1362 5181 1388 5232 in
1407 5179 1505 5245 spacmo
1523 5178 1579 5229 iacit
1594 5177 1726 5240 angulum,
1736 5182 1809 5236 quem
