3959 5925
775 293 816 352 IN
836 288 1018 351 TlMAEUM·
1035 285 1238 350 PtnuoniS.

193 428 310 490 tanquam
332 425 380 474 1313
396 425 529 488 mutantia,
544 425 707 486 decernimus,
721 429 841 487 quatenus
854 435 903 472 non
917 421 975 471 3331

193 513 291 576 proprie
300 513 380 563 333133
390 512 437 562 3131
450 512 514 564 13313
523 513 588 575 ideo,
595 513 651 577 quie
660 512 785 572 commoti,
794 512 832 561 rei
841 508 973 572 depravati,

193 601 301 665 libidine,
313 601 486 663 disceptatores
497 601 576 652 idonei
586 615 634 651 non
644 615 729 651 sumna
740 615 748 650 :
758 613 813 650 curn
827 611 924 660 {equum
933 597 974 659 ju·

191 690 283 740 dicium
298 701 380 739 carere
398 691 515 752 tanquam
534 690 631 751 3331133,
644 689 878 750 misericordiaque,
889 685 974 734 antici·

191 777 330 841 petionibus
345 776 440 827 delient.

223 865 444 916 3333313333
463 863 597 927 praedictio,
614 863 740 927 inquiunt.
758 863 893 913 inturorum
910 861 973 923 1313·

191 953 284 1006 333333
302 951 434 1014 (inposite,
455 957 528 1014 atque
557 951 675 1012 ordinata,
693 963 747 1002 esse
769 951 880 1000 testatur.
913 949 973 996 1133

191 1055 264 1105 porro
272 1039 413 1103 dispositio,
426 1044 499 1103 atque
509 1039 642 1100 ordinatio,
652 1037 740 1092 satum
751 1039 861 1084 uocatur.
894 1039 972 1084 trumo

191 1130 245 1179 troc
259 1129 310 1192 ipsa
327 1127 450 1191 predictis
469 1129 566 1179 letalem
585 1126 753 1177 necessilatem
768 1123 886 1173 dominari
903 1125 974 1184 negat

191 1229 372 1279 usquequaque.
416 1217 539 1280 siquidem
554 1215 679 1280 praedictio
694 1212 840 1263 rationabilis
850 1211 883 1260 sit
893 1207 972 1260 eristi·

191 1304 265 1355 melio
277 1305 349 1354 333113
356 1303 460 1366 1313333;
470 1318 526 1368 quea
533 1300 586 1354 'non
594 1304 619 1353 in
626 1303 699 1354 rebus
710 1300 790 1361 certis,
799 1306 824 1350 et
831 1298 973 1348 necessitate

190 1392 340 1455 constrictis,
352 1392 393 1442 sed
406 1375 517 1454 incertia,
528 1397 601 1455 31333
613 1390 745 1453 ambiguis,
756 1387 879 1452 praevalet.
911 1385 973 1444 Quia

190 1482 254 1532 enim
267 1494 399 1543 presagum
411 1480 520 1531 consulat
532 1481 563 1531 de
576 1493 657 1530 recena
671 1483 742 1540 nato,
753 1481 836 1528 utrum
850 1474 971 1534 mortalia,

190 1585 221 1620 an
235 1571 378 1620 immortalis
393 1571 426 1622 sil
441 1573 553 1622 iuturus?
565 1571 612 1622 scd
626 1571 684 1620 11133
696 1570 793 1633 331133,
803 1568 867 1631 3333
880 1569 917 1618 331
928 1565 973 1616 du·

169 1677 173 1684 ·
190 1655 271 1714 bium,
281 1655 357 1718 quaeri
368 1656 444 1718 solet3
456 1669 529 1718 qnam
542 1655 632 1717 prolixa
646 1653 704 1703 ritne
717 1653 795 1715 spatia
808 1651 909 1702 sortitus
918 1663 973 1699 esse

189 1741 317 1794 rideatur:
329 1744 354 1792 et
366 1747 447 1791 utrum
457 1741 541 1803 dires,
552 1754 582 1790 an
592 1753 682 1804 pauper
692 1741 831 1803 :elataque,
840 1751 871 1788 33
881 1737 972 1801 plebeia

189 1829 221 1880 sit
237 1833 309 1892 atque
323 1829 407 1879 bumili
428 1829 523 1878 lortuna
541 1829 642 1878 iuturus.
677 1831 740 1887 Quae
753 1829 841 1877 cuncte
857 1826 971 1876 observa·

191 1919 263 1979 11333,
277 1917 384 1978 33133113,
395 1917 523 1967 3311331333
534 1930 632 1981 quoque
640 1918 745 1979 solertia,
756 1915 909 1978 colliguntur.
924 1920 972 1966 Aut

190 2006 257 2054 cuim
268 2005 353 2052 alitum
366 2004 460 2066 rotatu,
471 2008 514 2054 331
524 2005 601 2067 extis,
616 2004 774 2063 33133333113
788 2003 896 2054 homiues
910 2015 971 2066 prae·

190 2100 341 2145 monentur:
359 2094 505 2157 predicente
524 2094 605 2158 311333
628 2094 732 2158 33331113
749 2094 873 2154 33333333,
888 2093 973 2156 331311

189 2197 272 2234 eornm
285 2182 470 2245 omniumque
490 2182 603 2247 deinceps
620 2186 764 2246 sequnntur,
776 2183 855 2243 scius,
873 2180 971 2243 perinde

189 2275 255 2325 3131
275 2274 383 2324 medicus
401 2275 471 2336 13313
492 2273 640 2336 disciplinam
663 2274 774 2324 medendi
799 2272 915 2336 preadicit
933 2271 971 2321 rei

189 2363 302 2424 anitium,
316 2362 355 2411 rei
368 2361 494 2412 sanitatem
505 2380 511 2411 r
524 2363 566 2411 331
574 2363 646 2411 eiiam
656 2361 811 2422 gubernator,
822 2359 877 2410 carli
889 2359 969 2408 condi·

191 2451 283 2501 1133333
295 2464 344 2500 333
359 2451 472 2514 ignarus,
484 2462 515 2498 33
526 2449 606 2513 aliqua
617 2449 736 2498 nubecula
751 2449 895 2511 praenuntiet
910 2450 971 2497 1333-

192 2542 309 2599 pestatem
325 2539 440 2588 tutorem.
465 2542 526 2597 Qum
538 2542 626 2588 cuneta
640 2551 687 2586 non
702 2538 768 2596 lato,
781 2537 823 2586 sed
836 2535 972 2586 artiliciosis

190 2626 336 2684 ratiombus,
351 2631 469 2689 usqrre,et
483 2624 645 2688 experientia,
654 2624 898 2685 comprehenduntur.

220 2717 367 2766 CLXXXIV.
385 2717 472 2776 AEque,
482 2727 539 2763 cnm
550 2727 578 2763 ex
595 2715 661 2762 motu
675 2713 781 2762 siderum
794 2711 918 2773 prodictio
928 2710 971 2760 lra-

191 2803 271 2865 betur,
281 2803 348 2865 signa
363 2800 484 2853 obseruari
494 2802 581 2863 solent,
591 2802 716 2863 ortusque,
723 2803 749 2849 31
759 2799 840 2850 obitus
847 2800 971 2849 stellarum

190 2894 215 2940 31
225 2890 436 2952 conformationes,
444 2890 475 2939 33
490 2889 607 2939 rationem
622 2887 734 2950 redacte,
742 2888 811 2948 justa
820 2899 895 2950 quem
905 2887 971 2936 terli-

190 2979 258 3041 titas,
271 2979 442 3041 eleridtasque,
456 2978 572 3043 provenit.
605 2978 738 3040 omnisque
755 2976 894 3038 hujusmodi
911 2975 971 3025 ratio

190 3066 248 3116 nibil
258 3070 296 3117 eat
308 3066 382 3126 31133,
394 3080 467 3129 quarn
477 3066 617 3128 coniectura
631 3078 712 3115 rerum
724 3078 817 3126 333133,
827 3077 883 3126 quen
893 3063 931 3113 rei
940 3064 971 3112 33

190 3166 277 3217 cerpus
290 3155 418 3217 pertinent,
427 3155 464 3204 rel
473 3154 504 3204 ad
515 3167 552 3214 ee,
562 3167 617 3217 3333
626 3153 732 3216 33333313
740 3153 836 3217 propria
845 3155 900 3203 sunt
913 3168 919 3201 :
933 3152 971 3202 rel

188 3241 219 3291 33
234 3244 339 3304 animam
352 3244 412 3293 33113
425 3243 521 3305 3333331
541 3242 693 3293 sarrientem.
726 3239 795 3292 Unde
813 3241 898 3303 opinor
914 3240 969 3289 Pia-

188 3334 270 3381 ionem
295 3333 429 3381 animarum
456 3332 553 3394 quidem
578 3330 730 3381 edificationi
758 3333 836 3380 Deum
860 3328 969 3392 opilrccm

189 3420 316 3482 praemisse
329 3420 422 3479 dicare;
434 3432 517 3469 eornm
539 3432 595 3469 raro
604 3456 611 3480 ,
621 3432 677 3481 quae
697 3418 784 3469 animia
798 3417 968 3478 subtexuntur,

188 3507 241 3557 eliis
248 3507 336 3555 divinis
344 3506 503 3569 potestatibus
511 3506 663 3557 interioribus
669 3519 768 3567 munos,
774 3509 847 3568 elque
853 3504 970 3560 oinctnrn.

189 3606 242 3642 esse
252 3592 394 3641 mandatum
405 3612 412 3641 r
423 3593 456 3641 ite
467 3596 495 3641 ut
506 3606 573 3654 purae
584 3593 682 3655 quidem
691 3594 792 3652 animm,
808 3592 969 3653 sincereque,

191 3685 215 3730 et
229 3680 337 3742 rigentes
352 3680 510 3742 florentesque
524 3680 688 3741 rationibus,a
702 3683 752 3730 Deo
765 3680 833 3729 iactae
847 3680 915 3729 sinlr
932 3680 969 3728 ri-

196 3767 313 3817 tioserom
326 3781 384 3818 rero
396 3768 500 3829 partium
519 3767 572 3828 eius
589 3770 700 3817 nociores
712 3766 844 3816 habeamur
856 3767 894 3816 tue
906 3771 970 3829 pote-

189 3856 280 3916 staten,
295 3856 383 3918 quibus
399 3855 432 3905 ab
445 3856 530 3918 opifice
543 3854 659 3905 Dentatis
673 3868 732 3903 cura
746 3852 858 3904 33333313
871 3854 911 3903 311.

220 3945 357 3994 CLXXXV.
375 3943 478 3993 vitiosae
496 3956 570 4006 porro
583 3944 663 4005 333133
673 3942 747 3991 animi
764 3955 819 4004 3333
837 3941 970 3991 subtexun-

189 4032 238 4091 tur,
249 4030 330 4080 iraest
340 4030 569 4095 etcupidiies,satis
588 4029 675 4081 133333
694 4032 750 4079 rilae
767 4030 866 4091 3333333
881 4030 972 4079 133133-

190 4119 278 4167 menta.
311 4118 386 4167 133113
400 4116 490 4180 331333
505 4120 577 4177 3331,
587 4131 641 4181 quae
658 4131 701 4180 per
710 4118 803 4167 virilem
815 4118 888 4167 animi
902 4131 970 4167 coru-

1739 293 1794 344 nat

1050 420 1200 470 CLXXXVI.
1220 417 1333 479 utigitur
1345 415 1412 466 breri
1424 414 1500 465 multa
1513 415 1666 478 complectar,
1681 415 1752 464 131133
1764 415 1798 465 331

1018 507 1143 572 dispositio
1156 505 1208 556 talis
1220 507 1301 555 menie
1315 502 1470 566 concipienda
1482 509 1526 552 est.
1558 502 1680 566 originem
1700 502 1799 565 quidem

1018 607 1112 654 rerum,
1126 607 1157 644 err
1175 607 1223 657 333
1243 592 1339 642 ceteris
1362 591 1490 652 omnibus,
1502 605 1558 654 3333
1576 593 1649 653 3331,
1664 590 1800 642 substantie

1017 685 1070 748 rjus
1087 685 1246 746 ministratur,
1268 698 1322 736 3333
1336 697 1460 734 summum
1478 687 1503 733 31
1524 682 1668 734 ineitnbiiem
1691 685 1769 734 Deum
1791 701 1799 731 r

1018 776 1071 836 post
1091 787 1163 837 quem
1181 773 1356 836 prouidentiam
1373 771 1425 834 ejus
1447 771 1580 822 secundum
1596 774 1684 832 Deum,
1699 771 1798 820 intorem

1017 861 1075 924 legis
1091 862 1217 924 utriusque
1230 861 1295 923 3113,
1313 867 1362 910 tam
1373 863 1558 922 aeternaequae
1574 859 1734 923 temporarie.
1740 861 1799 910 Ter·

1019 951 1079 1000 tium
1093 963 1146 1000 csse
1163 963 1234 1012 porro
1246 949 1415 1011 substantiam,
1428 963 1483 1012 3333
1501 949 1608 1000 secunde
1621 960 1690 998 mens
1707 947 1799 998 intelie-

1016 1038 1435 1102 3133333,3131133;333313333333
1450 1041 1531 1088 custos
1540 1037 1598 1099 legis
1610 1039 1720 1086 33133333.
1756 1035 1800 1086 1113

1016 1126 1137 1187 subjectas
1152 1140 1206 1178 3333
1226 1127 1378 1178 rationabiles
1391 1126 1484 1176 erimar
1505 1125 1551 1188 legi
1567 1125 1741 1187 obsequentem
1752 1124 1799 1174 mi·

1017 1215 1104 1264 3131333
1124 1228 1183 1267 raro
1206 1217 1336 1280 potestates
1354 1218 1479 1273 Naturam,
1494 1216 1639 1275 Fortunam,
1654 1215 1760 1272 casum,
1774 1214 1800 1262 31

1016 1307 1145 1356 Demones
1182 1307 1366 1370 inspectatores,
1396 1286 1606 1369 speculatoresque
1646 1304 1798 1354 meritorum.

1016 1397 1079 1458 Ergo
1092 1408 1203 1444 summus
1218 1395 1377 1456 1133313331,
1391 1393 1511 1444 secundus
1531 1391 1740 1454 3331331,1331133
1760 1391 1797 1441 13·

1016 1481 1093 1532 113331.
1127 1482 1219 1532 Animee
1231 1481 1349 1542 33331333
1363 1480 1438 1541 aiunt.

1047 1572 1208 1620 cdxxxvii.
1225 1573 1276 1621 Lex
1291 1582 1361 1632 porro
1374 1569 1453 1631 ipsum
1464 1569 1539 1617 ieiune
1556 1568 1607 1630 est,
1619 1569 1647 1616 31
1658 1578 1722 1628 serpe
1735 1565 1798 1616 dirri-

1017 1668 1080 1705 mus.
1113 1655 1159 1705 cui
1171 1653 1216 1716 legi
1226 1655 1268 1718 qui
1277 1656 1367 1718 333331,
1377 1657 1538 1718 sequaturque
1549 1653 1662 1718 principis
1671 1655 1716 1704 Dei
1727 1667 1799 1706 rene·

1017 1744 1093 1794 reuda
1112 1744 1226 1808 resdgia,
1240 1743 1335 1796 beatam
1353 1756 1448 1806 semper
1469 1743 1543 1794 ritanr
1557 1743 1606 1804 3311
1628 1741 1799 1805 31331313ςί3

1016 1835 1140 1896 perpetue
1153 1833 1317 1894 3333113333,
1336 1831 1403 1896 qnod
1417 1834 1455 1884 331
1473 1832 1543 1893 juxte
1563 1832 1647 1881 iatum.
1680 1833 1712 1880 31
1725 1843 1797 1891 rero,

1016 1933 1071 1983 quae
1081 1921 1125 1972 Dei
1139 1921 1280 1971 comitatum
1297 1921 1384 1970 enimn
1401 1921 1561 1982 neglexerint,
1579 1931 1675 1968 rursum
1686 1923 1711 1969 et
1728 1919 1798 1980 1333,

1016 2011 1064 2059 3113
1095 2012 1215 2074 quodem,
1243 2009 1412 2072 contrarioque
1441 2021 1526 2071 333333
1555 2006 1686 2058 secundum
1722 2008 1798 2057 iatum

1017 2097 1092 2147 vitam
1112 2097 1212 2160 exigunt
1227 2117 1234 2147 r
1249 2096 1326 2148 donec
1342 2097 1455 2160 poeniteei
1471 2109 1512 2146 333
1526 2095 1668 2146 delictorum
1683 2109 1797 2156 suorum,

1015 2186 1168 2249 3331333333
1189 2183 1332 2235 criminibus
1349 2185 1462 2248 deinceps
1485 2184 1516 2234 ad
1537 2184 1681 2236 immortalis
1702 2185 1761 2249 liei,
1775 2189 1799 2236 ei

1015 2272 1800 2336 menarumdivinarumquepotestatumclrorosrererlaniur,et

1015 2363 1055 2412 ilie
1067 2363 1125 2426 legis
1136 2363 1201 2423 rigor
1213 2374 1243 2412 es
1256 2360 1372 2411 deteriore
1384 2361 1479 2410 torinna
1491 2361 1618 2410 transitum
1631 2361 1680 2411 lieri
1692 2361 1755 2413 31331
1767 2362 1798 2412 33

1016 2451 1119 2500 beatam
1153 2433 1225 2508 Quod
1239 2449 1289 2499 deri
1302 2450 1367 2500 33313
1380 2460 1429 2498 non
1444 2451 1533 2510 posset,
1543 2449 1563 2498 ei
1576 2449 1657 2498 omnin
1670 2451 1798 2500 constricta

1015 2541 1099 2589 333331
1114 2538 1229 2588 uniformi
1242 2537 1347 2600 quadam
1360 2538 1386 2586 et
1403 2535 1477 2598 313133
1498 2537 1571 2598 31333
1591 2536 1740 2587 irrevocabili
1755 2551 1798 2587 33-

1015 2629 1134 2677 oessitate.
1167 2629 1204 2676 tir
1216 2639 1264 2688 333
1279 2629 1386 2688 3333331,
1394 2622 1590 2688 providentium
1600 2625 1698 2686 quidem
1715 2625 1796 2675 omnia

1014 2715 1077 2764 intra
1095 2727 1122 2764 se
1142 2711 1344 2775 313333331333333
1358 2714 1440 2761 tenere
1461 2711 1550 2774 quippe
1572 2711 1667 2774 omnia,
1685 2725 1743 2775 quae
1758 2725 1797 2762 ee·

1015 2802 1122 2854 cundum
1150 2801 1250 2851 eundem
1276 2803 1339 2850 recte
1361 2799 1798 2861 333313131333133;313333131333

1016 2889 1173 2953 prouidentiae
1191 2889 1279 2939 scitum
1299 2888 1472 2949 331,33311331
1488 2885 1629 2948 33133133,
1644 2900 1691 2949 333
1704 2890 1797 2939 333113

1015 2983 1099 3029 333133
1114 2979 1240 3041 potestate,
1257 2978 1284 3027 31
1299 2975 1459 3039 praecedeniia
1474 2990 1481 3021 r
1497 2974 1604 3025 continet
1615 2976 1687 3025 etiam
1703 2977 1799 3028 merito·

1016 3082 1069 3117 rurn
1083 3065 1248 3117 collationem.
1265 3063 1598 3127 Sequunturanimadrersiu,
1612 3067 1638 3113 et
1646 3064 1797 3128 approbatio,

1014 3155 1145 3216 quaesunt
1168 3151 1248 3201 1313113
1272 3171 1278 3201 :
1299 3164 1375 3213 33333
1395 3150 1489 3212 omnia,
1502 3164 1558 3214 quae
1572 3164 1645 3213 casu,
1661 3153 1797 3215 tortunare,

1016 3241 1083 3292 duni.

1046 3330 1219 3380 CLXXXViti.
1237 3328 1300 3387 Quid
1311 3328 1382 3390 igitur
1392 3327 1438 3378 sibi
1448 3329 1525 3378 roiuit
1536 3331 1653 3381 tractatus
1663 3329 1735 3391 liniue
1747 3328 1805 3380 iam'

1014 3416 1078 3479 largn
1100 3414 1243 3478 proliritas?
1256 3414 1317 3473 Quia
1337 3414 1406 3464 multi
1423 3414 1488 3465 33113
1502 3428 1559 3465 cura
1572 3415 1623 3465 reri
1635 3415 1740 3477 sciendi,
1753 3417 1795 3467 333

1015 3503 1095 3564 potius
1105 3503 1169 3553 reris
1180 3501 1312 3551 rationibus
1329 3502 1460 3562 renitendi,
1470 3503 1495 3552 31
1506 3502 1550 3563 ipsi
1567 3502 1693 3561 tutentur,
1708 3504 1732 3551 31
1745 3516 1794 3555 cac·

1014 3592 1079 3641 leros
1088 3591 1113 3640 in
1123 3592 1211 3640 erroris
1222 3589 1381 3641 ineluctabilis
1390 3589 1515 3651 implicent
1525 3588 1618 3640 lubrico
1631 3604 1638 3638 :
1653 3590 1742 3653 quippe
1754 3592 1797 3653 qui

1014 3678 1044 3727 33
1055 3691 1128 3728 unane
1141 3662 1244 3741 utiquam
1263 3678 1353 3740 partem
1373 3676 1502 3725 mundaum
1520 3676 1735 3729 administrationis
1756 3693 1796 3730 re·

1014 3762 1797 3829 ,33131331331333331333331133,31333331333333133333311333

1014 3854 1171 3917 pronuntient
1186 3871 1192 3901 r
1206 3851 1320 3914 quodque
1334 3851 1497 3921 1333333313
1512 3853 1657 3915 inuenerint,
1667 3854 1692 3905 id
1703 3868 1756 3907 esea
1771 3855 1796 3905 iu

1014 3942 1127 3991 omnibus
1144 3952 1243 4004 quoque
1253 3940 1337 3989 mundi
1348 3940 1458 4003 partibus
1466 3947 1612 4002 maererent,
1623 3944 1797 4006 proptereaque

1014 4042 1069 4079 cnm
1090 4028 1180 4091 aliquid
1197 4041 1282 4079 rerum
1302 4027 1399 4091 313331,
1412 4028 1538 4079 3333311333
1553 4028 1643 4080 similes
1665 4029 1795 4095 habentur,

1014 4118 1126 4181 quemuis
1133 4118 1317 4181 compugnantia
1324 4116 1426 4167 invicem
1434 4117 1524 4169 dicant.
1532 4118 1679 4168 Cumautenr
1689 4117 1720 4167 33
1727 4123 1796 4181 33313

190 4205 323 4260 motionem
335 4208 400 4254 33313
415 4206 439 4254 13
453 4206 498 4255 trac
511 4206 559 4255 rita
570 4206 648 4268 11331,
658 4209 682 4257 31
695 4206 848 4257 vindicantur
859 4225 865 4256 r
876 4206 971 4270 quoties
1013 4206 1143 4258 3331133133
1158 4205 1256 4269 perinde
1273 4206 1372 4270 babent,
1381 4209 1495 4269 tanquam
1503 4206 1533 4257 33
1540 4205 1617 4257 331133
1627 4206 1795 4269 universoque,

188 4293 254 4354 13313
263 4292 387 4343 iracundia
395 4294 507 4343 comitem
519 4306 547 4344 se
558 4297 583 4345 et
590 4295 762 4346 auxiliatricem
774 4296 859 4345 rationi
870 4295 969 4358 praebet.
1012 4296 1310 4358 sentianl3rednrguuninr
1322 4295 1435 4345 inuicem.
1446 4297 1556 4357 Namque
1569 4296 1617 4346 laio
1625 4294 1796 4359 quasdamaqi,

189 4381 266 4433 nnita
282 4383 354 4433 etiem
371 4396 402 4431 ex
415 4382 546 4446 cupiditate
559 4384 673 4446 trunceta,
685 4384 723 4434 uel
743 4383 871 4444 mediocri,
883 4386 969 4445 preater
1013 4398 1097 4437 rerum
1103 4384 1256 4447 cetretquod
1262 4384 1374 4447 quedem
1380 4384 1404 4433 in
1411 4386 1491 4433 nostra
1499 4386 1616 4447 potestate
1623 4384 1793 4447 ntnl,lroequo

189 4467 314 4519 libidinum
324 4468 419 4520 333333.
439 4470 507 4521 sicut
518 4470 589 4532 igitur
598 4483 666 4534 purte
678 4470 761 4521 mundi
772 4472 860 4520 animae
870 4484 968 4533 regnum
1012 4486 1061 4537 333
1067 4486 1151 4523 rerum
1162 4485 1216 4522 3333
1225 4474 1386 4523 monstratum
1393 4472 1580 4535 esi.Quare,qui
1591 4472 1672 4521 omnia
1680 4472 1731 4523 leto
1740 4471 1791 4526 deri

188 4557 214 4605 in
223 4560 338 4621 perpetue
349 4556 433 4608 mundi
442 4558 570 4621 agitatione
578 4558 721 4621 permissum
731 4560 777 4618 ast,
789 4558 821 4608 ite
832 4559 861 4608 iis
872 4559 968 4621 animis,
1012 4560 1109 4621 dicunt,
1126 4561 1210 4610 merito
1230 4560 1438 4623 reprehenduntur
1455 4559 1486 4608 ab
1506 4559 1549 4621 113,
1563 4559 1606 4621 331
1625 4560 1726 4622 probent
1740 4571 1794 4611 3333

189 4658 245 4706 quar
256 4645 366 4696 homines
380 4646 505 4709 inspirant,
520 4659 582 4707 3333
595 4647 641 4695 1311
651 4646 749 4706 ratione,
758 4645 882 4696 iracundie
892 4648 917 4697 31
928 4660 967 4696 cu·
1012 4648 1102 4706 aliquid
1112 4648 1136 4697 in
1146 4650 1228 4697 nostra
1243 4651 1366 4708 potestate.
1400 4650 1520 4707 licinum,
1530 4647 1572 4709 qui
1584 4647 1664 4699 omnia
1674 4648 1700 4697 in
1709 4648 1793 4697 333133

190 4730 330 4791 piditatibns
348 4733 505 4795 interpolata;
525 4738 552 4782 ut
572 4746 628 4783 cnm
648 4734 746 4797 quidem
766 4746 792 4783 ee
809 4734 840 4783 33
854 4734 969 4785 rationem
1013 4736 1133 4798 potestate
1141 4731 1499 4797 constituunt,necquiequam
1514 4733 1563 4782 tato
1579 4732 1793 4795 relinquunt,ialtl
1847 4728 1852 4738 '

189 4818 268 4867 totum
280 4819 369 4869 animal
388 4822 561 4882 convertisset,
571 4825 679 4882 curaret,
690 4822 821 4872 intueretur
832 4822 905 4873 etiam
918 4836 966 4873 333-
1012 4825 1164 4886 deteguntur.
1198 4823 1259 4881 Quis
1278 4823 1341 4873 enim
1365 4822 1458 4884 1333331
1470 4834 1522 4871 esee
1536 4818 1626 4884 aliquid
1648 4822 1672 4870 in
1694 4821 1755 4883 1313,
1768 4823 1793 4872 31

190 4905 335 4956 leatiarcum
345 4919 403 4957 raro
409 4907 440 4957 ed
450 4910 545 4959 terrene
552 4908 691 4971 despiceret,
701 4908 829 4972 despectus
840 4922 911 4973 aeque
919 4911 967 4960 non
1011 4915 1079 4963 extra
1096 4913 1204 4961 nostrum
1216 4911 1268 4972 jusi
1280 4911 1335 4962 sola
1350 4910 1422 4972 igitur
1432 4923 1488 4959 rera
1504 4908 1545 4957 iiia
1564 4909 1624 4958 ratio
1636 4911 1686 4967 eei,
1698 4908 1792 4972 133333

188 4996 253 5043 essm
264 4995 370 5055 3113333,
381 4994 424 5047 seu
434 5009 466 5047 33
479 4997 562 5048 eadem
575 4996 742 5058 inclinatione,
753 5011 809 5047 cure
822 5011 903 5049 rerum
919 5001 967 5049 ier·
1011 5004 1035 5047 31
1045 4996 1136 5046 stabilis
1146 4995 1264 5045 sententia
1273 4993 1408 5059 33333331
1417 4993 1527 5055 quaedam
1536 4993 1585 5043 1313
1595 4990 1709 5055 uernam
1721 5004 1792 5056 porro

190 5079 301 5128 restrium
312 5083 457 5133 maceretur.
1012 5098 1041 5135 33
1060 5083 1186 5134 bominum
1198 5082 1313 5147 arbitrio,
1323 5088 1347 5135 et
1360 5083 1498 5143 331331313,
1509 5080 1634 5145 proticisci.
