3959 5925
230 395 283 447 tlss
531 457 538 476 ι
925 369 1121 432 eflulctort

225 516 289 580 quod
312 528 343 564 ue
363 510 460 574 copem
480 507 586 571 quidem,
600 507 642 555 out
657 507 739 554 mente
750 502 853 565 concipi,
868 503 903 551 tus
917 502 962 560 est,
974 499 1005 548 ει]
1049 500 1156 554 Socrate,
1175 494 1297 557 praedico:
1313 492 1346 554 si,
1358 492 1417 540 dum
1436 490 1466 539 de
1486 490 1572 539 nutura
1589 487 1708 536 universae
1728 488 1762 539 rri
1779 487 1831 537 dis·

225 604 374 655 elaboratum
388 613 394 647 :
408 596 542 660 quodcum
555 595 588 644 sit
603 593 700 643 rationis
715 591 830 651 silenum,
840 589 916 652 liquet
935 587 1006 649 opiti-
1050 587 1156 646 γνυιιῑυε,
1169 581 1267 631 minime
1280 581 1446 640 inconcussos,
1458 581 1483 627 el
1501 575 1712 637 inexpugnabiles,
1728 575 1833 626 rationes

226 705 279 741 cern
297 689 369 738 deum
388 683 531 735 venerabilis
545 681 650 744 exempli
667 692 776 730 normam
796 679 821 727 io
839 675 1007 726 constituendo
1049 672 1135 722 uiterre
1150 670 1320 731 uetuerimne
1335 667 1450 718 mireris..
1470 665 1533 724 Quin
1547 663 1626 726 polius
1636 662 1695 712 iliud
1709 663 1833 726 iutueurep

226 777 317 829 mondo
339 778 458 834 secutum,
475 771 563 834 quippe
585 770 624 819 tric
643 771 812 830 generatorum
830 765 938 815 oninium
951 777 1007 826 spe·
1050 759 1158 809 sinitrilo
1170 757 1263 819 minus,
1276 769 1348 818 quum
1362 754 1442 818 quivis
1452 753 1530 812 elios,
1541 755 1713 800 consentaneus
1730 752 1833 802 rationes

227 861 442 921 closissimus,ille
460 864 544 908 auctor
564 856 698 915 mouimus,
713 854 838 917 operisque
859 854 895 901 sui
916 851 1008 900 rollone
1051 847 1157 896 atteram.
1191 843 1388 895 ilementoenim
1401 846 1450 892 mm
1465 838 1833 901 me,quiloquor,qoumros,

229 951 401 1017 prudentiaque
413 948 456 1008 iis,
468 960 523 1009 quoe
537 946 657 996 exsistunt
666 944 750 992 endem
758 954 861 1004 semper,
871 953 1007 990 ιοοοπιωο·
1051 932 1092 997 qui
1108 933 1235 996 judicetis,
1253 932 1361 982 homines
1379 929 1432 980 essd
1448 931 1540 990 :etque
1561 927 1586 976 iu
1606 926 1680 977 rebus
1701 926 1736 976 itu
1757 926 1833 976 subii·

228 1045 308 1100 dutus,
324 1040 403 1100 limgo
417 1036 570 1098 esl,opinor,
583 1034 688 1083 ulterius.
721 1031 875 1095 litqoooiam
890 1028 1007 1078 rationem
1052 1020 1131 1070 minos
1140 1019 1283 1069 mediocrem
1291 1017 1482 1080 explanationem
1493 1014 1570 1076 magni
1580 1014 1835 1076 cujusdemcsscouus

229 1123 547 1189 originisexplimreoonest
555 1120 633 1181 tacite,
641 1117 818 1180 distinguendus
826 1114 1008 1176 moliminis,
1053 1111 1150 1161 loboris.

229 1213 390 1276 exemplique,
403 1213 504 1261 nntorue.
520 1210 615 1268 θεοισν,
629 1219 693 1268 quoe,
702 1219 745 1254 cur
757 1216 901 1267 unuquoque
914 1215 952 1251 res
962 1202 1009 1262 sit,
1084 1202 1130 1249 so.
1148 1202 1239 1248 Omnes
1250 1197 1308 1258 tibi,
1321 1209 1336 1245 ο
1348 1197 1454 1256 Times,
1467 1194 1562 1243 venium
1581 1191 1695 1252 largimur
1705 1190 1811 1242 volentes
1825 1206 1832 1240 ι

141 1338 145 1351 ,
229 1299 368 1358 ostendunt,
380 1295 510 1345 eorundem
530 1307 611 1344 rerum
625 1291 809 1352 moranguloeae
827 1293 893 1339 sunt.
926 1291 1009 1350 ltaque
1053 1290 1166 1336 ettamen
1177 1285 1319 1348 principium
1329 1282 1444 1332 orationis
1456 1280 1570 1330 admiror.
1603 1279 1835 1342 Superestutlegee

231 1386 362 1436 constantie
382 1384 479 1445 quidem
494 1380 604 1444 generis,
619 1379 760 1440 stabilisque
771 1381 881 1438 nelorae,
897 1380 922 1426 et
940 1375 1009 1425 iutel-
1054 1387 1149 1436 quoque
1166 1373 1227 1422 sueri
1240 1372 1376 1422 certaminis
1390 1370 1537 1432 exsequeris.

232 1474 305 1524 lectoi
316 1471 497 1536 prudeutlreqoe
505 1467 635 1531 perspicere
647 1467 690 1526 rei,
699 1479 771 1516 mum
784 1469 809 1515 et
817 1465 878 1514 rutio
887 1467 1010 1524 eonstuns,
1084 1462 1154 1526 §to
1172 1465 1212 1512 ΤΙ.
1235 1459 1367 1510 Dicendum
1388 1459 1467 1520 igitur,
1490 1470 1534 1506 cur
1555 1469 1636 1506 rerum
1659 1455 1780 1516 eonditor,
1797 1455 1833 1506 ts·

232 1561 419 1626 perspicueque,
446 1561 470 1606 et
496 1554 700 1617 inexpugnabilis,
726 1554 851 1615 reperitur.
900 1557 931 1602 dt
954 1565 1011 1601 vero
1055 1553 1204 1613 oriunturque
1218 1551 1433 1612 geriturn,omno
1453 1548 1499 1596 troo
1518 1544 1692 1596 lnstituendom
1704 1545 1834 1607 putruerit.

231 1648 292 1709 siut,
307 1659 363 1709 quse
381 1645 411 1694 ud
430 1642 613 1693 similitudinem
639 1640 772 1690 mnstnntie
789 1642 959 1702 perpetueque
976 1640 1010 1688 rel
1056 1636 1556 1702 Optimoseratruboptimoporrolonge
1569 1635 1673 1696 relegato
1685 1639 1722 1684 est
1735 1634 1833 1684 invidio.

233 1736 295 1784 tuctu
304 1736 342 1783 cst
356 1732 520 1793 rollo,utpote
531 1728 797 1791 imuginieimeginerla,
808 1727 1012 1788 simulacrumque
1056 1729 1140 1791 ltaque
1160 1729 1335 1789 consequenter
1348 1727 1435 1774 cuncto
1453 1725 1490 1773 sol
1509 1723 1610 1783 similis,
1627 1729 1699 1785 prout
1718 1722 1835 1784 cujusque

234 1821 348 1880 rollonis,
361 1817 546 1880 perfunctoriam
566 1814 746 1864 similitudine·
764 1816 897 1864 rnotuutor.
929 1818 1013 1872 Quen·
1057 1812 1451 1877 nuturucupnrbeutitodinisesse
1461 1811 1739 1874 poterrqelucivotult.
1757 1817 1834 1871 Quam

233 1912 307 1969 toque
324 1906 408 1955 nocitor
428 1907 464 1955 est
491 1903 596 1953 essentie
613 1903 778 1964 generatione,
796 1905 866 1952 tuoto
886 1903 970 1962 tarum,
987 1907 1013 1951 et
1057 1903 1154 1966 quidem
1174 1902 1319 1951 uoluntatem
1339 1901 1383 1951 Dei
1403 1901 1516 1962 originem
1535 1913 1615 1950 rerum
1637 1901 1797 1950 certissimum
1815 1901 1836 1950 si

233 1993 350 2058 opinionis
362 1993 453 2042 incerto
465 1991 615 2055 praestantior
624 1991 722 2041 veritos.
755 1933 1033 2052 Querejrimnoocmi
1059 1991 1114 2054 quis
1127 1996 1215 2054 ροιιεε,
1229 1995 1293 2040 reete
1303 2001 1358 2038 eum
1372 1993 1456 2051 putore
1467 1988 1625 2066 mouentium.
1660 1987 1749 2038 volens
1761 1988 1837 2050 siqul-

237 2171 360 2253 φρονήσει
371 2169 530 2247 περιληπτὸν
542 2167 587 2226 καὶ
601 2165 671 2226 κατὰ
684 2167 770 2225 ’ταῦτά
783 2168 843 2245 ἔχον
858 2166 1014 2244 δεδημιοόρ-
1061 2165 1146 2243 πάντῃ
1170 2165 1274 2231 πάντως
1290 2163 1381 2231 αὐτοὺς
1401 2167 1486 2230 αὑτοῖς
1507 2163 1727 2252 ὁμολογουμένους
1745 2163 1839 2241 λόγους

236 2283 325 2337 γηται.
367 2256 475 2317 Τούτων
500 2256 527 2314 δέ
557 2253 728 2334 ὑπαρχόντων
756 2244 790 2312 αδ
814 2263 888 2311 πᾶσα
912 2253 1013 2330 ἀνάγκη
1061 2254 1106 2312 καὶ
1126 2252 1359 2332 ἀπηκριόωμένους
1380 2251 1540 2323 ἀποδοῦναι,
1556 2250 1593 2327 pl,
1608 2250 1759 2331 θαυμάσῃς,
1777 2253 1837 2310 ἀλλ’

236 2345 310 2404 τόνδε
327 2344 371 2402 τὸν
386 2342 483 2418 κόσμον
506 2340 596 2400 ἐἰκόνα
619 2341 697 2406 τινὸς·
707 2332 782 2400 εἰναι.
826 2339 957 2418 Μέγιστον
981 2341 1013 2413 δὴ
1061 2339 1106 2398 ἐὰν
1119 2340 1170 2420 ἀρα
1186 2340 1295 2416 μηδενὸς
1309 2331 1385 2410 ἧττον
1401 2337 1580 2418 παρεχώμεθα
1599 2338 1718 2412 εἰκότας,
1731 2343 1838 2421 ἀγαπᾷν

235 2431 332 2498 παντὸς
347 2430 473 2510 ἄρξασθαι
491 2427 559 2487 κατὰ
574 2429 649 2509 ρόσιν
665 2429 758 2507 ἀρχήν·
773 2420 824 2488 ὧδε
838 2418 882 2487 odo
904 2428 964 2507 περί
986 2452 1014 2486 τε
1060 2428 1129 2508 χρή,
1143 2428 1309 2504 μεμνημένον
1323 2431 1357 2494 ὡς
1371 2431 1385 2486 i
1398 2424 1481 2504 λέγων
1497 2425 1549 2505 ἐγὼ
1567 2433 1641 2504 ὑμεῖς
1661 2451 1691 2487 τε
1705 2431 1729 2486 οἱ
1751 2428 1838 2504 κριταί

237 2518 333 2584 εἰκόνος
347 2517 391 2576 καὶ
406 2514 467 2594 περί
478 2521 523 2574 τοῦ
537 2515 749 2595 παραδείγματος
763 2518 843 2585 αὐτῆς
860 2515 1012 2594 διοριστέον,
1061 2517 1137 2597 φύσιν
1151 2517 1315 2596 ἀνθρωπίνην
1331 2515 1438 2596 ἔχομεν,
1454 2513 1523 2574 ὥστε
1543 2515 1603 2596 περί
1625 2516 1722 2576 τούτων
1739 2516 1781 2574 τὸν
1800 2517 1837 2574 εἰ·

236 2613 272 2675 ὡς
291 2608 343 2685 άρα
360 2605 418 2671 τοὺς
433 2603 539 2682 λόγους,
553 2596 589 2663 ὧν
604 2604 655 2684 πέρ
675 2607 739 2663 εἰσιν
755 2603 896 2683 ἐξηγηταί,
918 2602 1014 2662 τούτων
1060 2605 1124 2663 κότα
1140 2608 1220 2679 μῦθον
1243 2602 1450 2681 ἀποδεχομένους
1469 2601 1563 2680 πρέπει
1583 2602 1675 2662 τούτου
1695 2603 1775 2680 μηδὲν
1801 2602 1838 2660 ἔτι

237 2700 321 2756 αὐτῶν
348 2694 392 2753 καί
417 2694 543 2771 ξυγγενεῖς
570 2692 657 2759 ὄντας.
697 2695 751 2752 Τοῦ
770 2693 816 2770 μὲν
837 2683 881 2750 οάν
903 2689 1015 2767 μονίμου
1060 2692 1127 2771 πέρα
1143 2694 1240 2761 ζητεῖν.

166 2773 190 2782 ”
238 2785 283 2843 καὶ
296 2782 402 2862 βεόαίου
421 2781 467 2840 καί
488 2781 556 2857 μετδι
570 2786 615 2839 νοῦ
634 2786 799 2860 καταφανοῦς
822 2779 946 2856 μονίμους
969 2779 1015 2837 καὶ
1100 2779 1176 2841 xlv.
1200 2780 1261 2840 ΣΩ.
1287 2777 1415 2857 Ἀριστα,
1432 2771 1582 2856 ὦΤίμαιε,
1597 2778 1749 2838 παντάπασί
1762 2802 1791 2837 τε
1805 2783 1840 2843 ὡς

237 2868 459 2945 ἀμεταπτώτως,
486 2871 544 2926 καθ’
563 2869 623 2926 δσον
648 2891 677 2924 τε
704 2868 864 2944 ἀνελέγκτως
887 2867 1015 2944 προσήκει
1061 2867 1173 2935 κελεύεις
1189 2866 1355 2928 ἀποδεκτέον.
1398 2867 1438 2928 Τὸ
1453 2864 1500 2942 μὲν
1521 2857 1565 2926 οὖν
1584 2865 1720 2945 προοίμιον
1734 2870 1836 2940 θαυμα-

237 2956 322 3034 λόγοις
337 2948 402 3014 εἰναι
417 2956 462 3014 καὶ
473 2954 616 3026 ἀκινήτοις,
626 2953 718 3014 τοότου
730 2956 769 3013 δεῖ
781 2953 861 3029 μηδὲν
874 2955 1014 3013 ἐλλείπειν
1061 2953 1123 3023 σίως
1138 2953 1317 3032 ἀπεδεξάμεδά
1333 2978 1394 3029 σου,
1407 2953 1450 3014 τὸν
1467 2951 1494 3013 δέ
1508 2952 1540 3026 δὴ
1563 2952 1641 3032 νόμον
1665 2959 1728 3030 ἡμῖν
1753 2951 1840 3032 έρεξῆς

237 3044 295 3109 τοὺς
309 3043 336 3101 δὲ
351 3049 397 3101 τοῦ
411 3044 473 3121 πρὸς
494 3043 540 3116 μὲν
562 3046 645 3101 ἐκεῖνο
665 3044 880 3115 ἀπεικασθέντος,
894 3042 965 3107 ὄντος
987 3042 1015 3100 δέ
1061 3043 1179 3121 πέραινε.

239 3131 346 3206 εἰκόνος,
363 3131 464 3195 εἰκότας
482 3132 531 3187 ἀνὰ
545 3131 620 3207 λόγον
634 3154 661 3187 τε
677 3131 780 3189 ἐκείνοιν
792 3131 876 3198 ὄντας·
891 3131 915 3205 δ,
926 3156 951 3189 τι
964 3129 1015 3209 γὰρ
1101 3134 1127 3207 S.
1149 3145 1196 3192 10.
1215 3134 1265 3192 TI.
1283 3132 1408 3209 Λέγοιμεν
1423 3132 1455 3202 δὴ
1470 3132 1503 3188 δι’
1519 3130 1623 3203 ἥντινα
1640 3130 1726 3189 αἰτίαν
1742 3130 1840 3208 γένεσιν

238 3219 301 3295 πρὸς
316 3220 414 3293 γένεσιν
428 3217 512 3291 οὐσία,
524 3224 600 3276 τοῦτο
613 3219 677 3296 πρὸς
690 3222 778 3277 πίστιν
790 3220 908 3289 ἀλήθεια.
950 3219 1015 3279 Ἐὰν
1061 3219 1150 3278 καίτδ
1164 3229 1216 3277 πᾶν
1231 3218 1289 3278 τόδε
1305 3223 1319 3276 δ
1334 3218 1452 3288 ξυνιστὰς
1466 3217 1633 3289 ξυνέστησεν.
1676 3217 1783 3293 Ἀγαθδς
1798 3209 1841 3291 ἧν,

238 3294 499 3381 οάν,ὦΣώκρατες,
515 3301 601 3361 πολλδι
615 3307 720 3362 πολλῶν
735 3304 860 3365 εἰπόντων
875 3306 935 3385 περὶ
950 3310 1014 3365 θεῶν
1065 3310 1155 3384 ἀγαθῷ
1178 3306 1206 3366 δέ
1230 3308 1311 3373 οὐδεὶς
1335 3304 1395 3381 περὶ
1420 3306 1522 3372 οὐδενὸς
1547 3304 1669 3363 οὐδέποτε
1696 3304 1844 3380 ἐγγίγνεται

238 3392 283 3451 καὶ
307 3397 354 3463 τῆς
377 3398 423 3450 τοῦ
446 3392 542 3458 παντὸς
556 3394 681 3468 γενέσεως
696 3393 734 3469 μὴ
749 3393 853 3451 δυνατοὶ
866 3393 1015 3469 γιγνοίμεθα
1066 3394 1162 3473 ρδόνος·
1175 3392 1266 3451 τούτου
1278 3396 1300 3451 δ’
1313 3393 1385 3459 ἐκτὸς
1396 3389 1432 3449 ὢν
1443 3393 1529 3451 πάντα
1542 3392 1582 3477 ὅτι
1595 3392 1711 3467 μάλιστα
1722 3392 1845 3468 γενέσθαι

239 3586 292 3634 εἰπε
308 3583 396 3633 causis.
428 3588 506 3647 Atque
525 3584 595 3633 illum
613 3584 710 3646 quidem
728 3584 795 3648 quusi
807 3590 930 3647 parentem
946 3585 1019 3646 liujus
1065 3586 1157 3648 gnulio.
1194 3588 1276 3648 linque
1288 3598 1362 3648 quum
1372 3584 1528 3637 derestubill
1540 3591 1564 3636 et
1576 3583 1720 3634 immutuhili
1729 3584 1845 3647 disputet,

240 3671 401 3720 universitatis
419 3670 646 3750 inreoire,disticile
660 3689 667 3719 ι
680 3675 705 3721 et
725 3684 800 3734 quom
812 3671 861 3731 jem
883 3672 1017 3732 inveneris,
1065 3676 1142 3723 cretio
1161 3674 1217 3724 iulis
1235 3676 1279 3737 sit,
1299 3674 1378 3737 quetis
1398 3674 1453 3735 illa,
1474 3687 1531 3737 quoe
1548 3686 1625 3735 neque
1640 3672 1749 3735 redargui
1767 3684 1845 3735 neque

240 3756 345 3808 imiimre
359 3758 385 3806 in
406 3759 492 3820 rolgrrs
510 3760 584 3806 uetus.
617 3760 710 3807 Rursus
726 3758 796 3821 intur
817 3758 961 3819 ridendum,
979 3760 1020 3808 ille
1065 3761 1177 3811 convinci
1197 3764 1282 3823 potest.
1316 3764 1396 3820 Quum
1414 3764 1495 3809 nutem
1514 3761 1620 3821 ingresso
1645 3764 1682 3816 est
1706 3758 1798 3809 imitatu
1820 3762 1845 3808 et

241 3843 438 3893 tubricutortunti
452 3846 530 3908 operis
548 3846 790 3895 utromoilimitutos
805 3846 935 3909 exemptor,
948 3846 1018 3905 idne,
1066 3848 1146 3899 ettlcto
1175 3848 1315 3909 aimoinum,
1346 3848 1408 3898 bene
1441 3847 1478 3909 agi
1507 3850 1591 3909 putul,
1612 3848 1633 3896 sl
1666 3846 1844 3895 similitudinem

241 3930 306 3993 qood
317 3945 411 3995 semper
422 3946 499 3982 onom
508 3932 605 3982 elidem
615 3936 640 3983 et
654 3933 691 3982 sui
702 3934 959 3997 simile‚eoid,quod
976 3948 1018 3995 ge·
1067 3936 1117 3986 veri
1133 3940 1304 3999 consequetur.
1338 3938 1462 3995 Quantum
1478 3936 1541 3985 enim
1565 3934 1597 3985 ad
1616 3935 1656 3997 id,
1676 3934 1743 3997 qood
1764 3936 1844 3983 ortum

240 4020 350 4068 uerutum
374 4022 502 4081 ortumque
521 4020 631 4069 dicimus.
663 4021 745 4083 Atqui,
766 4023 786 4071 si
806 4021 908 4084 pulelrer
926 4025 963 4072 cel
982 4023 1020 4071 lde
1066 4026 1118 4082 eui,
1138 4025 1258 4073 aetcmltns
1278 4025 1342 4073 rotet
1362 4039 1369 4072 ι
1386 4026 1481 4073 tautum
1501 4022 1531 4071 ud
1553 4022 1625 4072 tidem
1649 4022 1748 4073 ueritas.
1780 4024 1844 4079 Quo·

240 4105 359 4164 mundos,
374 4108 393 4155 si
415 4107 504 4169 probus
518 4108 570 4168 eius
592 4107 811 4170 urtitox,protecto
827 4109 930 4171 speciem
947 4112 1019 4158 reler-
1066 4112 1130 4162 cirea
1149 4112 1170 4160 si
1191 4112 1251 4162 torte
1272 4112 1302 4161 de
1327 4112 1426 4162 deorum
1451 4113 1537 4160 nutura
1559 4114 1662 4173 udoque
1690 4110 1774 4160 mundi
1797 4110 1845 4159 dis·

241 4194 323 4244 nitetis
335 4193 423 4243 imitari
436 4194 521 4243 moluit
537 4209 544 4242 ι
563 4194 600 4242 sin
618 4206 696 4255 secus,
707 4194 771 4255 quod
789 4207 820 4243 nc
839 4195 906 4245 dicto
923 4195 1021 4257 quidum
1067 4202 1176 4251 serentes
1188 4200 1267 4263 minus
1278 4200 1312 4261 id,
1323 4200 1388 4262 quod
1399 4212 1509 4260 oremus,
1518 4200 1617 4249 omnino
1629 4201 1847 4261 consequemur,ut

242 4280 278 4329 las
298 4282 348 4343 cst,
369 4285 507 4344 generatum
530 4281 667 4342 exemplum
689 4285 725 4331 est
744 4296 786 4343 pro
807 4286 896 4331 ueteruo
915 4289 1021 4332 secutus.
1066 4289 1117 4337 tota
1133 4286 1235 4337 dilucide
1252 4290 1277 4338 et
1296 4287 1364 4350 plone
1378 4289 1491 4339 exornata
1509 4288 1585 4337 oratio
1605 4287 1650 4336 sibi
1669 4289 1762 4337 constet
1780 4290 1845 4336 etex

242 4368 295 4417 tlon
307 4369 378 4432 igitur
389 4369 506 4428 drrblum,
519 4369 576 4431 quio
597 4369 755 4419 aeternitatem
777 4369 887 4419 moluerit
905 4372 1021 4435 exsequi,
1067 4376 1133 4424 omni
1147 4378 1215 4437 parte
1226 4388 1308 4425 secum
1320 4375 1371 4438 ipso
1383 4374 1516 4425 consentiet
1528 4395 1534 4425 ε
1545 4374 1608 4424 lraud
1618 4388 1676 4425 sane
1688 4374 1734 4425 erit
1744 4374 1845 4435 mirum,

220 4494 224 4505 .
242 4454 438 4515 qrrrodoquloern
453 4468 531 4517 neque
546 4454 638 4503 mondo
656 4453 788 4517 quidquem
804 4454 925 4518 pulelrrius
945 4470 1024 4518 oeque
1068 4464 1221 4526 contentique
1231 4476 1285 4513 esse
1294 4462 1421 4521 debebitis,
1432 4464 1452 4516 ei
1463 4462 1595 4525 probabilis
1607 4462 1725 4525 dicentur.
1738 4464 1844 4525 Equum

242 4542 295 4603 ejus
306 4542 452 4592 {edificatore
474 4543 633 4604 praestantius.
666 4543 705 4592 Sic
727 4556 783 4605 ergo
801 4544 984 4605 generatus,ud
999 4544 1024 4594 id
1068 4554 1105 4601 eet
1116 4550 1180 4601 enirn
1202 4550 1340 4600 meminisse
1351 4554 1376 4600 et
1389 4562 1442 4613 me,
1456 4550 1498 4611 qui
1515 4549 1775 4611 disseram,lrominem
1795 4560 1848 4599 εεεε

243 4636 279 4681 esi
298 4632 413 4691 clientes,
434 4631 498 4693 quod
519 4632 611 4681 ratione
629 4632 790 4695 sapientiaque
813 4632 1023 4695 comprehenditur
1068 4641 1094 4688 et
1104 4652 1166 4699 uos,
1179 4638 1220 4702 qui
1237 4638 1350 4701 judicetis
1360 4658 1368 4688 ι
1380 4642 1422 4700 ut,
1435 4639 1455 4687 si
1469 4637 1601 4699 probobilro
1613 4638 1732 4698 dicentur,
1745 4650 1776 4688 ne
1789 4636 1847 4699 quid

244 4724 316 4782 utque
327 4722 469 4770 immotobili
482 4722 615 4772 mteroitnle
627 4723 770 4772 continetur.
804 4726 838 4773 Er
851 4737 900 4785 quo
911 4723 1023 4784 elicitur,
1069 4731 1132 4781 ultra
1142 4730 1276 4793 requiratis.
1288 4728 1312 4793 [§
1324 4728 1370 4801 ομ]
1378 4733 1520 4788 Qirmrumus
1529 4728 1601 4791 igitur
1610 4740 1717 4791 causum,
1728 4740 1783 4790 qum
1792 4740 1847 4777 eom

245 4808 312 4858 utsit
322 4822 418 4858 necesse
430 4810 501 4870 lrooc,
514 4822 587 4872 quum
597 4810 726 4872 cernimus,
737 4809 857 4860 mundum
868 4811 1023 4860 simulacrum
1068 4818 1199 4881 impulerit,
1212 4818 1254 4881 qui
1267 4819 1319 4867 iruec
1330 4816 1480 4867 machinatus
1493 4816 1537 4878 sit,
1554 4819 1580 4865 ut
1599 4816 1716 4877 originem
1731 4828 1810 4865 rerum
1823 4816 1848 4864 et

244 4902 363 4950 oeternum
379 4914 432 4950 esse
445 4901 546 4964 alicuius
566 4903 658 4952 eterni.
691 4902 860 4951 Dillicillimum
881 4908 962 4952 erilem
987 4908 1025 4952 est
1069 4905 1218 4956 molitionem
1232 4908 1459 4968 novumqurererct.
1492 4902 1614 4955 Probitate
1624 4904 1736 4954 uidelicet
1749 4904 1848 4966 pruneto-

252 5001 270 5038 u
286 4989 353 5038 omni
368 4989 523 5051 inquisitione
544 4986 643 5039 rulionii
665 4989 799 5040 exordium.
830 4993 866 5040 De
888 4990 918 5040 iis
940 4990 1024 5053 igitur,
1069 4995 1129 5043 bel:
1145 4993 1234 5057 probus
1246 4998 1327 5043 nutem
1343 4992 1433 5043 inridet
1445 4992 1543 5043 nemini.
1575 4995 1659 5055 tloqne
1673 4988 1847 5039 orontesolsi-

246 5088 303 5135 queo
325 5075 446 5136 diximus,
469 5077 522 5127 lime
549 5078 580 5127 sit
606 5078 683 5140 primo
703 5078 824 5128 distinctio
851 5078 947 5128 :omui
965 5092 1021 5128 oro·
1043 5084 1050 5191 γ
1070 5080 1135 5129 oriliu
1154 5080 1286 5141 generarit.
1321 5082 1380 5129 ltuec
1400 5079 1513 5129 nimirum
1535 5078 1645 5141 gignendi
1669 5076 1752 5129 mundi
1776 5088 1848 5125 cousi

253 5163 372 5215 lonicum
389 5166 418 5216 iis
434 5167 663 5230 relrrrs,deqoibos
677 5168 902 5231 explimt,ridetnr
915 5181 967 5218 esse
981 5180 1023 5219 co·
1066 5168 1209 5230 iustissimo.
1240 5170 1300 5219 Itum
1315 5182 1390 5232 quum
1406 5167 1568 5219 constituisset
1581 5168 1641 5219 deus
1656 5166 1724 5217 bonis
1737 5165 1849 5215 omnibus
1892 5196 1895 5207 ·
