3959 5925
46 677 50 685 -
144 494 152 513 ⁹
330 609 465 760 on
537 598 977 826 nlxrno
1052 599 1484 759 arnico,

775 894 1056 924 *—

150 1078 295 1137 Maximus
306 1076 450 1153 Ephesius
458 1074 499 1154 (τ)
509 1094 595 1153 quem
606 1075 657 1132 alii
670 1076 819 1151 Epirotam
830 1074 893 1133 sive
938 1074 1072 1133 Primum
1084 1080 1173 1153 caput
1183 1088 1228 1134 est
1239 1074 1298 1153 περί
1309 1070 1426 1145 strictos
1437 1072 1547 1149 δοιίλων,
1561 1072 1719 1133 secundum

109 1166 282 1245 Byzantium
314 1162 403 1222 inisse
432 1162 533 1240 ajunt,
564 1161 677 1220 Juliani
703 1160 892 1239 imperatoris
938 1160 999 1240 περὶ
1013 1162 1079 1219 πλοῦ
1099 1161 1144 1219 καὶ
1165 1161 1291 1239 ἐμπορίας
1298 1181 1384 1237 ‚quae
1405 1161 1436 1219 in
1460 1160 1591 1218 carmine
1606 1159 1719 1219 deside-

112 1267 276 1335 praeceptor
289 1249 412 1328 ejusque
425 1249 760 1328 epistolisnobilitatus,
773 1248 892 1325 Cynicis
938 1262 1050 1307 rantur.
1070 1252 1238 1326 Sequuntur
1260 1250 1355 1325 capita
1376 1261 1406 1306 et
1426 1249 1521 1327 ipsius
1542 1249 1680 1306 carminis
1696 1262 1724 1307 et

111 1341 299 1401 annumerari
309 1351 338 1396 et
347 1350 476 1416 potestet
485 1340 567 1397 solet.
576 1336 671 1415 liujus
681 1335 893 1411 multaingenii
939 1336 1191 1415 interpretationis
1212 1338 1380 1397 communia
1402 1336 1462 1416 περί
1489 1337 1635 1417 ὁδοιπορίας
1659 1340 1723 1397 sive

112 1440 300 1487 monumenta
317 1425 423 1484 litteris
446 1425 581 1483 mandata
599 1424 766 1495 exstabant,
786 1423 895 1502 quibus
940 1422 1077 1497 ξενιτείας,
1091 1424 1151 1505 περὶ
1165 1426 1266 1503 γοίμου,
1285 1424 1345 1502 περί
1366 1424 1460 1501 νόσων,
1471 1423 1532 1506 περὶ
1549 1428 1647 1499 τομῆς,
1663 1424 1724 1503 περὶ

113 1534 219 1575 nomen
240 1533 325 1573 suum
340 1512 377 1571 ad
399 1512 625 1570 immortalitatis
640 1511 809 1570 memoriam
824 1530 893 1568 con·
939 1511 1117 1590 χειρουργίας,
1128 1512 1188 1591 περὶ
1201 1514 1346 1591 δραπετῶν,
1356 1512 1416 1591 περὶ
1428 1511 1528 1571 παίδων
1542 1511 1722 1588 διδασκαλίας,

112 1604 246 1665 secrevit.
265 1602 389 1679 Nempe,
404 1601 429 1659 si
451 1600 523 1659 fides
542 1600 638 1658 Suidae
662 1600 714 1678 (a),
730 1598 894 1657 coniecerat
940 1600 1002 1681 περί
1021 1602 1163 1680 γεωργίας,
1185 1602 1246 1683 περί
1260 1604 1313 1661 τῶν
1328 1602 1355 1679 ἐν
1372 1601 1476 1677 δεσμοῖς
1488 1614 1518 1661 et
1532 1600 1592 1679 napi
1606 1601 1723 1677 κλοπῆς,

113 1691 223 1750 librum
237 1710 325 1749 unum
343 1688 379 1746 de
403 1685 895 1764 insolubilibus*objectationibus,
942 1690 973 1746 in
996 1690 1103 1768 quihus
1118 1709 1134 1747 ε
1149 1690 1224 1748 lunae
1248 1709 1337 1749 cursu
1353 1708 1406 1768 per
1429 1688 1530 1747 orbern
1553 1689 1725 1765 signiferum

116 1782 207 1839 alium
223 1778 260 1836 de
279 1776 448 1855 principiis,
466 1774 581 1833 tertium
597 1774 633 1832 dc
651 1774 783 1847 numeris
790 1796 800 1844 ς
821 1792 897 1851 prae·
941 1776 989 1834 vel
1016 1777 1175 1836 errantium
1205 1778 1355 1837 stellarum
1386 1792 1520 1855 respectu
1554 1778 1725 1849 aestimatur,

116 1881 194 1927 terea
218 1863 455 1924 commentarium
483 1863 514 1920 in
541 1862 727 1920 Aristotelem
753 1862 792 1937 (3)
812 1873 898 1939 atque
943 1866 1023 1940 quod
1047 1868 1086 1925 sit
1112 1867 1375 1945 auspicatissimum
1404 1879 1517 1944 tempus
1547 1865 1727 1944 suscipiendi

117 1956 174 2015 alia
183 1955 316 2032 quaedam
329 1952 481 2011 volumina
493 1948 613 2008 Juliano
626 1947 759 2007 dedicata
771 1950 898 2007 conscri-
943 1954 1059 2014 itineris
1073 1955 1120 2013 vel
1136 1956 1316 2014 matrimonii
1332 1955 1541 2037 contrahendi,
1557 1956 1602 2013 rel
1618 1957 1668 2031 qui
1684 1955 1728 2012 iu·

118 2056 225 2123 pserat.
242 2041 305 2099 lluc
319 2036 502 2117 pertinebant
515 2038 579 2096 sine
594 2035 686 2096 dubio
707 2037 794 2094 etiam
809 2037 899 2096 varia
945 2053 1030 2101 turus
1042 2044 1081 2100 sit
1094 2044 1192 2102 morbi
1210 2056 1344 2120 eventus,
1357 2043 1405 2101 vel
1416 2043 1534 2120 quando
1549 2043 1611 2101 sive
1625 2061 1728 2100 venam

117 2134 342 2196 declamationes
355 2128 472 2209 (μελέται
485 2128 613 2210 διιίροροι)
627 2149 700 2205 quas
711 2128 839 2187 Maximo
851 2148 899 2187 so·
945 2130 1038 2188 incidi
1051 2131 1115 2189 sive
1126 2131 1323 2209 chirurgicam
1334 2144 1426 2190 artem
1441 2130 1572 2189 adhiberi
1587 2143 1729 2209 oporteat,

117 2223 222 2301 phistae
239 2222 368 2296 assignat
386 2219 509 2277 Photius
524 2220 591 2278 cod.
610 2217 747 2279 CXXXV.
762 2218 819 2276 Sed
839 2219 902 2277 rita
945 2218 1064 2295 quando
1095 2221 1245 2298 auspicato
1284 2221 1488 2280 conducantur
1517 2222 1613 2296 servi,
1644 2222 1730 2299 pueri

117 2311 325 2370 honestissime
346 2321 425 2381 acta,
438 2307 508 2365 lieet
529 2306 719 2383 amplissimis
738 2304 902 2365 honoribus
945 2306 1057 2383 optime
1080 2308 1282 2382 instituantur,
1296 2329 1365 2386 ager
1379 2310 1507 2382 colatur;
1523 2308 1640 2386 quando
1664 2328 1731 2386 spes

118 2413 149 2458 et
171 2398 299 2476 praerniis
323 2416 341 2454 a
362 2394 483 2454 Juliano
514 2394 668 2453 decoratus
691 2407 783 2466 esset,
805 2406 901 2452 tamen
946 2395 986 2452 sit
1005 2395 1067 2453 sore
1090 2409 1124 2455 ut
1145 2395 1281 2455 homines
1295 2417 1312 2455 ε
1326 2397 1454 2455 vinculis
1468 2410 1497 2454 et
1509 2397 1681 2474 captivitate
1694 2398 1731 2455 li·
1759 2402 1765 2414 '

120 2485 201 2566 quod
222 2485 326 2560 magiae
343 2481 495 2546 illecebras
514 2496 680 2559 exerceret,
692 2482 777 2560 jussu
795 2482 902 2541 Valen-
946 2479 1086 2541 berentur
1100 2485 1146 2542 vel
1159 2504 1205 2543 res
1219 2486 1328 2543 furtiva
1341 2484 1520 2543 restituatur.
1539 2482 1666 2541 Fuerunt
1680 2483 1731 2559 qui

119 2574 226 2632 tiniani
242 2570 409 2629 interiectus
423 2582 465 2627 est
483 2568 535 2645 (l).
551 2568 664 2627 Etenim
681 2570 780 2626 virum
800 2581 903 2627 catera
948 2568 1077 2631 lllaximo
1099 2572 1156 2630 tale
1170 2592 1288 2630 carmen
1311 2570 1513 2650 abjudicarent
1528 2584 1613 2649 atque
1639 2568 1731 2641 illud,

119 2660 270 2735 egregium
283 2676 300 2715 a
312 2656 433 2731 magicis
446 2654 627 2714 vanitatibus
639 2675 699 2713 non
714 2654 902 2713 abhorruisse
947 2658 1027 2734 quod
1050 2659 1105 2718 sub
1129 2660 1193 2737 ejus
1214 2664 1331 2719 nomine
1358 2660 1460 2730 fertur,
1475 2658 1581 2736 'poetae
1604 2659 1732 2717 Alexan·

123 2744 210 2802 iidem
233 2746 301 2802 iacit
322 2742 439 2801 libellus
457 2740 520 2817 ejus
542 2740 603 2819 περὶ
621 2743 763 2818 καταρχῶν
786 2741 850 2799 sive
866 2739 903 2798 de
948 2746 1052 2824 drino,
1068 2747 1240 2807 Callimachi
1259 2761 1287 2807 et
1300 2744 1460 2827 *Apollo-nii
1481 2747 1587 2805 Rhodii
1609 2747 1731 2824 aequali,

117 2832 265 2909 auspiciis
295 2848 393 2888 rerum
421 2828 616 2885 humanarum
650 2828 902 2904 negotiorumque.
950 2833 1113 2894 tribuerent
1136 2836 1187 2915 (7).
1213 2836 1369 2915 Utcunque
1399 2850 1457 2910 est,
1480 2836 1653 2914 praeclarunr
1670 2854 1734 2895 esse

122 2920 267 2978 Nimirum
280 2918 311 2976 in
326 2916 381 2974 hoc
396 2916 609 2991 astrologorum
622 2914 704 2974 illius
717 2915 808 2975 aetafis
822 2934 904 2974 more
950 2941 1066 2983 carmen
1080 2944 1167 2984 nemo
1179 2924 1307 3002 negabit,
1611 2940 1615 2945 ·

122 3008 176 3085 <1¹¹1
191 3019 347 3082 nugatores
360 3022 421 3062 0⁸⁸⁹
434 3002 583 3074 ⁵⁰l0b²¹¹12
596 3023 742 3081 perlem
756 3004 904 3081 saplessllae
990 3013 1105 3072 hcoedo
1120 3015 1156 3073 ad
1170 3007 1294 3073 alterum
1306 3013 1372 3092 ejus
1386 3013 1464 3092 quod
1476 3031 1628 3090 superesse
1639 3012 1739 3074 voluit.

125 3103 269 3170 l)¹'³·’⁰‘³Pta
284 3089 419 3148 Vffilbffi
434 3088 531 3149 milli·
556 3090 740 3149 Bessssallleffl
753 3089 907 3149 ¹¹⁰biSC¹¹m
952 3102 1069 3162 fortuna
1091 3104 1264 3182 opusculum
1291 3103 1327 3162 de
1355 3105 1545 3160 insolubilibus
1571 3103 1734 3174 objectatio-

126 3181 236 3256 agitur,
251 3177 330 3256 quod
345 3177 423 3236 istud
435 3190 496 3237 tum
507 3177 677 3256 philosophi
691 3192 750 3237 tum
763 3191 907 3236 astrorum
951 3195 1041 3252 nibus.
1053 3193 1115 3251 Hoc
1126 3194 1158 3252 in
1170 3191 1347 3252 membranis
1359 3191 1476 3250 Venetis
1489 3191 1526 3250 D.
1539 3190 1630 3248 lilarci
1642 3189 1736 3249 lllllll

127 3267 297 3346 intel'Pretis
323 3285 458 3338 calmenr
481 3267 612 3344 (luamVlS
643 3267 730 3325 lnl²l⁰
754 3267 906 3338 mutilum,
952 3297 980 3339 et
1000 3279 1082 3340 DXll
1100 3282 1138 3362 (8)
1154 3295 1301 3341 servatum
1322 3282 1436 3358 primus
1451 3281 1483 3338 in
1498 3280 1590 3338 lucem
1615 3279 1744 3356 protulit·

125 3374 230 3434 magna
247 3376 285 3414 θ’(
298 3370 384 3454 ΡΜ,
401 3370 534 3433 impelii*t
549 3358 580 3414 l¹¹
595 3355 695 3414 ⁰⁰di⁰⁰
708 3357 839 3415 Medl⁰0⁰
855 3357 907 3434 (5),
952 3372 1076 3431 Carolus
1089 3370 1252 3448 Stephanus
1269 3367 1481 3446 subjunxitque
1497 3367 1636 3443 Dionysii
1653 3368 1736 3426 Hali·

126 3462 161 3500 θ’(
175 3462 235 3519 ‘1¹¹⁰
248 3455 470 3520 transsm'¹l‘tum
479 3445 631 3522 ⁵¹¹l’efl0re
640 3445 747 3502 ⁵ae⁰ul⁰
757 3445 849 3503 edidit
859 3444 907 3503 J0·
953 3459 1281 3537 carnassensisepistolae
1290 3458 1325 3516 ad
1334 3457 1503 3535 pompejum
1514 3456 1634 3513 Parisiis
1647 3456 1737 3523 1554.

127 3532 194 3591 Alb.
208 3530 358 3589 Fabricius
370 3532 448 3589 Bibl.
460 3529 556 3589 Graec.
568 3532 626 3589 vol.
636 3531 702 3588 lllll
714 3553 743 3610 p.
758 3533 814 3600 415
825 3552 908 3609 seqq.

128 3619 223 3677 Porro
231 3638 340 3694 -poema
354 3619 428 3677 illud
442 3620 475 3678 iu
487 3620 650 3697 pedestrem
665 3640 829 3678 sermonem
841 3640 909 3677 ver-

127 3726 193 3772 sum
211 3717 305 3763 exstat
320 3705 471 3763 florentie
485 3707 517 3764 in
531 3709 631 3765 eadem
646 3707 828 3766 Bibliotheca
846 3707 908 3766 hie-

128 3795 213 3851 dicea
235 3794 290 3869 (6).
308 3791 378 3868 Ejus
398 3796 656 3870 interpretationis,
667 3815 754 3871 quam
767 3796 909 3870 integram

129 3900 195 3940 esse
211 3881 339 3952 scimus,
352 3880 471 3937 initium
485 3894 528 3938 est
542 3900 550 3940 :
562 3883 619 3947 πῶς
631 3883 646 3938 δ
660 3879 759 3959 τεχθεὶς
780 3879 914 3957 ἄνθρωπος

128 3966 324 4049 αὖξιρωτούαης
354 3971 402 4038 τῆς
432 3967 543 4038 σελήνης
567 3968 717 4046 ἔμπρακτος
739 3966 823 4026 ’ἔσται
852 3970 911 4025 κτλ.

162 4132 195 4191 (ι)
212 4133 320 4186 Socrates
330 4131 389 4180 hist.
402 4131 449 4190 ill,
459 4133 481 4178 1.
492 4129 641 4191 Nicephorns
652 4131 683 4187 Χ,
695 4136 716 4177 t.
727 4154 758 4163 —
767 4128 801 4189 (2)
815 4126 914 4187 suidas,

92 4234 95 4244 ·
132 4204 252 4263 Μάξιμος,
265 4202 432 4264 Ἠπειρώτηςὴ
443 4200 565 4257 Βυζάντιος
577 4198 713 4261 φιλόσοφος,
722 4198 847 4247 Ἰουλιανοῦ
858 4197 913 4246 Καί·

132 4289 202 4333 capo:
213 4276 255 4319 τοῦ
268 4272 403 4335 παραὸάτου
415 4271 562 4323 διδάσκαλος.
574 4271 679 4333 Ἔγραψε
690 4270 742 4332 περὶ
756 4269 845 4318 δλιίτων
856 4269 915 4317 ἀντι-

127 4341 228 4397 uincor,
241 4341 292 4400 περὶ
312 4343 445 4403 τιαταρχῶν,
462 4341 515 4402 περὶ
535 4339 646 4402 ἀριθμῶν,
660 4339 789 4400 ὑπόμνημα
811 4338 843 4393 είς
855 4337 913 4400 Ἀρι-

133 4409 242 4465 στοτέλην
252 4411 292 4456 καὶ
301 4409 359 4456 ἄλλα
368 4411 418 4457 τινα
429 4410 486 4473 πρὸς
494 4410 534 4457 τὸν
543 4409 613 4458 αὐτὸν
623 4409 757 4458 Ἰουλιανόν.
763 4407 800 4456 Ol.
808 4406 916 4456 Eudueia

133 4480 158 4529 in
172 4478 297 4530 Villoison.
309 4480 400 4529 anecd.
413 4482 462 4528 rol.
477 4481 523 4541 ln.
538 4485 591 4530 tull.
605 4506 636 4516 -
647 4481 679 4540 (³)
697 4478 768 4528 conl·
778 4478 914 4540 Simplicius

134 4550 159 4598 in
183 4551 265 4606 caten.
285 4549 326 4597 iol.
350 4556 360 4598 t
380 4562 403 4597 a.
423 4577 452 4591 ·-
475 4549 511 4611 (4)
540 4551 661 4612 Eunapius
682 4548 726 4597 vit.
753 4546 862 4596 Maximi.
884 4572 914 4582 -

134 4619 168 4682 (5)
181 4621 271 4668 xxvu
285 4619 344 4680 plut.
358 4623 388 4668 ts
400 4623 459 4669 teste
473 4619 590 4670 Bandinio
602 4619 678 4670 catal.
692 4617 764 4668 codd.
777 4631 822 4668 ms.
838 4631 875 4680 gr.
890 4619 915 4667 11

954 3553 1059 3611 Postea
1070 3549 1117 3608 Jo.
1129 3547 1195 3607 alb.
1210 3547 1363 3605 Fabricius
1374 3545 1495 3603 eandem
1510 3543 1737 3620 disputationem

955 3660 1046 3717 graeee
1056 3652 1085 3697 et
1098 3639 1186 3696 latine
1196 3635 1314 3713 repetiit
1324 3633 1355 3690 iu
1365 3633 1442 3693 Bibl.
1453 3631 1505 3689 Gr.
1515 3631 1576 3687 rol.
1587 3628 1626 3687 lX
1637 3651 1667 3707 p.
1680 3631 1738 3708 569

956 3749 1057 3806 seqq.;
1071 3727 1141 3786 Chr.
1153 3725 1282 3782 Walaius
1296 3735 1390 3779 autem
1405 3719 1500 3779 llhett.
1522 3719 1615 3780 Grac.
1636 3719 1738 3776 tom.V

956 3817 1090 3886 inclusit,
1114 3814 1264 3873 undenos
1286 3809 1485 3886 depromtam,
1506 3808 1682 3884 recognitam
1711 3823 1739 3868 et

957 3918 1089 3964 accurate
1103 3919 1273 3962 conversam
1288 3899 1336 3957 hic
1351 3899 1522 3958 inseremus.
1539 3901 1609 3955 iiam
1624 3899 1738 3974 quomi-

958 4015 1013 4054 nus
1043 4011 1159 4051 carmen
1189 3991 1286 4049 denuo
1314 3988 1532 4063 divulgaremus
1564 4005 1676 4043 surrnna
1703 3986 1737 4043 Α.

959 4080 1082 4155 Koechly
1106 4092 1134 4138 et
1156 4077 1242 4137 Fred.
1275 4074 1407 4134 Diibneri
1433 4074 1546 4132 obstitit
1571 4073 1738 4147 diligentia,

958 4167 1011 4245 qui
1035 4167 1108 4225 illud
1127 4167 1186 4240 jam
1208 4166 1322 4244 pridem
1338 4181 1402 4222 cum
1425 4162 1598 4241 paraphrasi
1621 4161 1739 4219 Floren-

959 4255 1021 4312 tina
1034 4257 1065 4312 in
1083 4253 1269 4314 Bibliothecae
1282 4251 1370 4329 hujus
1382 4251 1532 4309 volumine
1546 4248 1626 4308 XXll
1639 4247 1740 4328 puhli-

959 4355 1071 4402 carunt.

959 4543 1014 4591 eod.
1027 4544 1174 4591 XXle.-
1182 4541 1215 4604 (7)
1226 4539 1382 4591 linlrnltenius
1390 4540 1465 4603 Epist.
1480 4539 1509 4587 ad
1520 4537 1641 4600 llcynium
1650 4541 1739 4600 Opust.

959 4616 1010 4662 νοΙ.
1031 4617 1054 4663 ll
1073 4627 1097 4676 p.
1117 4616 1161 4663 687
1182 4614 1221 4662 ed.
1243 4613 1407 4663 Friedemann.
1421 4637 1450 4648 -
1466 4613 1500 4672 (s)
1523 4611 1599 4660 Calai.
1614 4623 1638 4669 ρ.
1659 4613 1703 4660 27³
1717 4614 1741 4658 et

130 4703 159 4750 a.
167 4694 206 4738 52.
215 4716 246 4725 —
255 4691 289 4751 (o)
301 4690 401 4740 Bandin.
411 4691 486 4742 catal.
497 4690 568 4742 codd.
576 4705 620 4742 ms.
630 4693 697 4755 pass
708 4705 732 4754 p.
745 4693 785 4750 st,
795 4703 831 4739 nr.
843 4689 914 4738 xvll
959 4691 1014 4736 275.

802 4906 1085 4970 4-
