3959 5925
752 427 996 495 FRAGMENTA
1017 428 1151 489 VARIA.
1700 436 1754 486 toi

153 568 313 637 θᾶλλεσθαι,
333 566 489 626 alibrariis
504 565 602 624 addita
613 564 763 635 ridentur,
780 563 933 639 ideoquea
952 571 956 608 l
977 560 1067 639 φόθον,
1088 558 1238 636 ἐπιθυμίαν,
1257 558 1362 631 ἡδονήν.
1386 559 1438 616 llis
1456 572 1647 635 consentanea
1669 558 1757 616 habet

153 676 199 715 me
228 657 313 714 uncis
342 654 456 713 inclusa
486 667 564 713 sunt.
591 684 631 698 -
662 650 699 687 ⁴⁴⁶
723 651 810 725 Diog.
835 648 931 706 laert.
953 681 956 732 ¹.
978 648 1082 708 Cicero
1095 650 1117 707 1.
1134 671 1160 711 c.
1173 650 1224 707 hit
1236 652 1338 706 enim:
1363 647 1490 704 «Partes
1505 645 1758 723 perturbationum

152 742 287 817 lll1‚1o7
310 740 373 799 ιῖτι
388 737 415 799 δέ
441 740 555 813 καθῆκόν
573 762 651 820 φασιν
675 727 759 811 εἶναι,
774 734 788 794 δ
802 734 933 812 προαχθέν
954 753 956 810 γ
977 739 1081 797 volunt
1094 757 1131 796 ex
1157 736 1272 813 duobus
1295 736 1423 814 opinatis
1445 734 1533 793 bonis
1555 736 1650 806 nasci,
1675 749 1703 792 et
1724 754 1760 792 ex

153 830 260 908 εὔλογόν
272 854 300 889 τε
309 830 381 909 ἴσχει
394 828 581 907 ἀπολογισμόν·
593 819 646 888 οἷον
655 826 687 885 τὸ
697 824 836 885 ἀκυλουθον
851 826 878 881 ἐν
901 826 933 901 τῇ
954 877 956 898 γ
978 830 1093 889 duobus
1108 830 1236 907 opinaris
1247 829 1343 900 malis,
1357 829 1398 887 ita
1413 846 1475 885 esse
1492 839 1619 903 quantumi
1635 848 1643 883 t
1659 846 1696 884 ex
1708 826 1760 883 bo.

153 916 473 1001 ζυῇ,ὅτερέπὶτδινντδ
486 916 531 976 καὶ
546 918 600 995 ζῷα
614 914 748 988 διατείνει,
764 909 933 991 aptatam?
955 954 957 1003 1
978 919 1026 976 nis
1052 918 1204 976 libidinem
1228 930 1256 975 et
1277 917 1423 987 laetitiam,
1439 934 1475 973 ex
1496 914 1579 973 malis
1599 929 1706 971 metum
1730 925 1760 971 οι

153 1007 221 1067 κάπὶ
246 1004 347 1073 tedam
367 1005 528 1076 καθήκοντα.
544 1003 600 1063 Sed
620 1016 652 1061 ul
675 1002 787 1078 ihipl'o
803 996 933 1077 προαχθέν
955 1048 957 1059 ,
979 1006 1192 1081 aegritudinem,
1219 1030 1232 1056 a
1256 1036 1297 1049 -
1323 1001 1361 1039 ⁴⁵⁵
1386 1004 1492 1061 Cicero
1513 1001 1600 1060 Tusc,
1627 1001 1676 1069 IV,
1702 1022 1718 1073 7
1750 1019 1758 1059 ξ

150 1095 212 1174 jam
235 1096 387 1171 Menagius
400 1094 517 1174 πραχθὲν
536 1090 689 1168 legendum
704 1107 767 1147 esse
782 1086 860 1145 vidit
873 1107 879 1142 Ξ
894 1086 935 1144 ila
955 1069 958 1172 i
980 1116 992 1145 ι
1006 1092 1063 1151 Sed
1074 1112 1184 1166 ornnes,
1200 1092 1307 1169 inquit,
1322 1090 1556 1170 perturbationes
1565 1087 1677 1165 jndicio
1693 1088 1772 1145 fieri

153 1184 203 1244 bic
219 1203 336 1261 quoque
354 1182 514 1242 Heerenius
534 1201 591 1259 pro
615 1176 848 1237 membranarum
862 1175 934 1232 scri·
980 1194 1098 1240 censent
1111 1195 1141 1239 et
1163 1181 1313 1259 opinione.
1337 1207 1349 1231 ν
1363 1180 1508 1237 Nimirum
1521 1176 1627 1235 omnes
1642 1177 1763 1234 affectus

153 1284 241 1351 ptura
250 1268 380 1351 προαχθέν
391 1284 469 1329 recte
480 1266 597 1349 πραχθὲν
606 1266 766 1326 substituit.
779 1260 819 1308 -’
832 1261 869 1296 ⁴⁴¹
883 1262 936 1319 Di·
956 1291 958 1342 γ
979 1289 1016 1328 σιτ
1033 1270 1189 1348 opinione,
1209 1268 1241 1326 id
1254 1281 1317 1339 est,
1333 1287 1368 1325 ex
1393 1266 1465 1324 laisa
1479 1264 1616 1323 debonis
1630 1277 1659 1321 et
1676 1264 1762 1322 malis

108 1383 112 1391 ·
154 1361 244 1420 stinxi
260 1372 326 1438 post
342 1358 416 1439 pica
438 1371 523 1435 atque
538 1360 615 1415 intel·
629 1354 672 1412 liti
688 1367 717 1412 el
729 1353 782 1410 τῶν
797 1352 932 1426 interpo-
956 1347 958 1419 i
980 1360 1121 1436 opinione
1132 1360 1207 1416 oriri
1219 1356 1322 1415 Stoicae
1333 1353 1529 1433 philosophiae
1539 1351 1764 1413 assectatoribus
1832 1414 1835 1419 ,

154 1448 201 1506 sui
214 1444 242 1505 δδ
256 1467 321 1506 cum
335 1446 477 1524 Lyndeno
499 1444 535 1502 de
556 1443 684 1500 Panaetio
697 1460 727 1518 p.
738 1436 883 1515 χιιι-’48
898 1428 934 1495 ὧν
956 1421 959 1509 i
981 1447 1085 1524 placet.
1108 1446 1232 1503 Eosdem
1252 1443 1355 1502 Cicero
1378 1444 1397 1500 l.
1421 1464 1446 1501 e.
1469 1442 1638 1500 testificatur
1660 1441 1763 1519 opina·

153 1534 207 1615 χρή
221 1535 243 1594 i.
267 1554 293 1596 e.
315 1532 350 1592 τδι
371 1530 560 1614 χρήσιμα.,(ὶέ.
580 1528 736 1608 Lyndenns
760 1528 781 1585 l.
794 1547 819 1584 c.
835 1545 866 1603 p.
888 1526 935 1600 98·
956 1518 959 1564 ἶ
981 1534 1090 1591 tionem
1117 1554 1172 1611 pro
1198 1532 1344 1590 imbecilla
1371 1531 1539 1589 assensione
1561 1528 1708 1586 habuisse.
1723 1562 1763 1577 -

158 1653 198 1669 -
218 1622 257 1664 *θ’
279 1622 390 1700 Scrips1
407 1622 499 1700 χρείαν
523 1639 587 1678 cum
615 1618 756 1696 Lyndeno
773 1617 792 1673 l.
809 1636 849 1685 c.;
864 1613 936 1673 libri
957 1666 960 1691 ,
982 1619 1020 1657 ⁴⁵⁷
1036 1622 1142 1680 Versus
1164 1619 1314 1698 Euripidis
1329 1639 1365 1678 ex
1387 1618 1564 1694 Chrysippo.
1580 1614 1646 1673 lid.
1663 1615 1764 1693 Eurip.

156 1709 233 1791 φυέαν
250 1711 297 1768 vel
322 1706 441 1788 εὐφυΐαν.
463 1709 559 1778 Quum
575 1726 644 1765 vero
660 1705 752 1783 χριίαν
776 1704 937 1783 παρέχεσθαι
957 1702 960 1792 i
982 1710 1093 1785 Fragm.
1110 1730 1140 1786 p.
1162 1709 1219 1765 823
1234 1708 1280 1765 ed.
1304 1707 1439 1782 Wagner.
1457 1717 1486 1763 et
1504 1704 1674 1762 Valckenar.
1694 1696 1765 1761 Dia.
1804 1768 1809 1773 .

157 1798 266 1856 Graecis
280 1796 419 1855 usitatum
439 1796 478 1854 sit
499 1794 639 1871 loquendi
660 1812 769 1868 genus,
795 1813 853 1850 non
868 1792 937 1849 item
958 1805 960 1866 l
982 1797 1052 1856 trib,
1074 1817 1104 1873 p.
1128 1816 1177 1853 at.
1198 1825 1237 1839 -
1258 1791 1297 1830 ¹⁵⁸
1312 1793 1424 1869 Scripsi
1444 1790 1546 1869 εἴρηται
1553 1814 1561 1862 ;
1585 1790 1669 1849 codd.
1695 1790 1766 1862 ιῐλη.

156 1883 248 1965 χρείαν
261 1882 469 1963 προσφέρεσθαι,
487 1870 609 1940 sortasse
632 1882 718 1939 etiam
742 1881 866 1938 alterum
880 1898 938 1935 νο·
959 1912 961 1967 Ι
982 1894 1056 1946 πται,
1074 1880 1167 1928 --159
1190 1884 1327 1959 Sequitur
1343 1881 1404 1958 jam
1422 1880 1603 1937 enumeratio
1620 1890 1649 1935 et
1674 1879 1768 1957 expli.

160 1972 294 2031 cabulnm
321 1985 488 2048 corruptum
510 1984 565 2030 est.
589 1968 644 2027 Sed
670 1968 752 2026 nolui
777 1967 936 2046 quidquam
959 1980 961 2014 l
983 1972 1060 2029 catio
1074 1971 1260 2047 singulorum
1280 1969 1437 2027 affectuum
1453 1967 1485 2024 in
1509 1978 1634 2042 quatuor
1662 1966 1767 2025 classes

159 2072 281 2125 mutare.
312 2091 354 2105 -
373 2056 412 2095 ⁴⁵⁰
426 2056 489 2117 ὥστ’
513 2059 536 2117 εἰ
560 2056 701 2135 Lyndeno
724 2068 869 2133 praeeunte
894 2073 938 2112 re·
959 2071 961 2124 ;
983 2058 1218 2129 distributorum,
1236 2070 1377 2135 quatenus
1392 2074 1427 2114 ex
1437 2055 1585 2133 primariis
1602 2054 1691 2112 animi
1706 2074 1767 2111 mo·

158 2148 261 2225 posui3
276 2148 358 2206 codd.
373 2144 452 2207 ὥστε.
471 2178 511 2192 -
528 2145 562 2182 ¹⁵¹
586 2144 782 2219 εὐδαιμονοῖμεν
798 2143 937 2219 vulgari3
959 2157 962 2219 γ
984 2146 1063 2205 tibus
1085 2147 1223 2223 pendent.
1250 2144 1358 2203 Eadem
1389 2155 1481 2202 exstat
1504 2143 1583 2219 apud
1608 2142 1767 2216 Diogenem

159 2234 336 2293 membranae
354 2235 528 2311 εὐδαιμονεῖν.
545 2265 586 2278 -
600 2232 637 2268 '⁵²
657 2231 745 2291 Edidi
770 2232 851 2311 φοράν
879 2252 938 2288 τινα
960 2220 963 2318 Ι
984 2235 1132 2294 Laenium
1154 2235 1206 2295 lib.
1225 2234 1289 2308 llll,
1307 2255 1359 2291 111
1377 2253 1459 2309 seqq.
1477 2244 1505 2289 et
1525 2232 1695 2289 Ciceronem
1711 2230 1770 2289 Tu-

159 2322 275 2387 διανοίας
294 2322 347 2382 ἀπό
361 2346 429 2390 τινος
441 2326 492 2380 τῶν
507 2326 533 2380 ἐν
548 2324 585 2401 τῷ
599 2318 702 2401 φεύγειν
717 2340 781 2378 cum
799 2318 939 2377 Saltnasio
961 2326 963 2374 l
984 2324 1057 2384 seul,
1072 2322 1122 2399 Ν,
1141 2328 1194 2395 7-8
1204 2325 1255 2401 qui
1266 2343 1332 2381 cum
1343 2322 1400 2379 hoc
1410 2322 1475 2379 loco
1486 2334 1554 2378 sunt
1561 2318 1764 2397 comparandi,

158 2411 193 2471 ad
208 2410 369 2489 Epictetum
383 2431 414 2489 p.
433 2412 482 2483 45,
499 2410 569 2468 libri
585 2409 664 2487 φοράν
678 2430 747 2467 τινα.
765 2408 820 2465 Sed
834 2420 938 2466 caetera
960 2419 963 2482 l
985 2444 1025 2461 -
1055 2408 1094 2447 ⁴⁶⁰
1119 2413 1203 2470 Alias
1237 2414 1283 2483 tiit
1313 2409 1450 2485 ἐπιθυμίας
1480 2408 1591 2485 species
1631 2418 1772 2464 memorat

160 2518 276 2575 quoque
285 2498 388 2556 menda
396 2499 431 2556 de
441 2496 635 2575 ejusdemriri
645 2496 724 2554 docti
737 2493 940 2553 sententiahoc
961 2495 963 2563 Ι
985 2500 1070 2575 Diog.
1084 2499 1178 2559 [σονς.
1191 2498 1254 2571 Vll,
1267 2501 1321 2556 113
1335 2520 1342 2554 ι
1357 2494 1482 2571 ἐπιθυμία
1493 2494 1522 2552 δέ
1533 2496 1603 2553 ἔστιν
1615 2493 1708 2570 ἄλογος
1718 2494 1771 2569 dct-

159 2586 224 2645 loco
233 2587 349 2647 sustuli.
361 2585 461 2663 itaqua
469 2584 662 2661 legendnsunl
671 2604 735 2661 quae
745 2582 843 2641 dehoc
850 2582 940 2640 Stoici
961 2574 964 2625 i
986 2585 1032 2658 Εις,
1042 2590 1086 2662 ὑφ’
1099 2588 1132 2659 ἣν
1145 2587 1268 2646 τάττεται
1284 2586 1330 2645 καὶ
1345 2590 1444 2662 ταῦτα,
1460 2584 1571 2657 σπάνις,
1588 2590 1663 2657 μῖσος
1697 2584 1771 2661 φιλο·

159 2673 325 2751 philosophi
338 2674 446 2752 placito
455 2672 613 2749 verbisque
623 2668 774 2747 dequibus
784 2670 833 2727 hic
847 2673 941 2743 agitur
985 2675 1084 2747 νεικέοι,
1110 2675 1189 2753 ὀργή,
1217 2674 1300 2753 ἔρως,
1328 2679 1419 2749 μῆνις,
1448 2672 1537 2748 θυμός.
1567 2672 1613 2728 Ab
1646 2683 1773 2747 utroque

160 2761 203 2818 ihi
215 2760 384 2838 disputavit.
399 2795 440 2805 —
454 2760 491 2797 ⁴⁵³
515 2761 651 2837 Sequitur
673 2759 755 2816 locus
778 2758 814 2816 de
827 2771 941 2836 pertur·
962 2772 965 2831 l
986 2765 1130 2841 scriptore
1144 2764 1278 2822 dissentit
1291 2763 1393 2839 Cicero
1415 2760 1534 2821 Tuscul.
1558 2757 1605 2830 Ν,
1621 2779 1637 2831 7
1652 2756 1772 2817 libidini

159 2848 328 2908 bationibus
338 2852 401 2909 sire
412 2848 628 2919 affectionibus,
641 2846 788 2924 inquibus
796 2847 943 2926 explicam·
963 2832 965 2913 i
986 2850 1118 2927 subjecta
1137 2870 1200 2910 esse
1234 2852 1335 2909 dicens
1362 2852 1453 2920 iram,
1484 2846 1751 2906 excandescentiam
1761 2889 1772 2922 ,

159 2934 205 2995 dis
214 2935 483 3014 Stoicosareliquis
492 2937 641 3015 sapientias
651 2936 820 2994 doctoribus
829 2935 942 2994 dissert·
963 2914 966 2972 ¹
987 2939 1101 3009 odium,
1122 2939 1322 3010 inimicitiam,
1344 2935 1535 3008 discordiam,
1560 2934 1770 3011 indigentiam,
1815 2942 1818 2947 '

157 3021 233 3082 sisse
245 3023 321 3081 inter
336 3038 467 3084 auctores
488 3026 636 3085 convenit.
655 3024 750 3094 Quum
767 3037 862 3082 autem
878 3025 941 3096 alii,
988 3029 1166 3087 desiderium
1183 3041 1212 3086 et
1222 3041 1324 3086 caetera
1334 3026 1492 3105 ejusmodi.
1507 3025 1551 3082 Ex
1566 3026 1604 3083 iis
1622 3044 1695 3083 rero
1708 3045 1773 3101 qua·

160 3110 242 3168 velut
258 3110 462 3189 Peripatetici,
478 3113 598 3170 allectus
618 3131 683 3170 csse
697 3111 849 3170 leniendos
860 3111 942 3169 arbi·
989 3117 1045 3176 sub
1064 3119 1150 3175 finem
1166 3118 1270 3195 eapitis
1284 3116 1430 3192 Didymus
1442 3114 1596 3171 annotavit
1606 3112 1684 3171 haud
1706 3114 1770 3171 scio

160 3211 319 3271 trarentur,
332 3199 378 3257 illi
390 3219 439 3259 eos
454 3200 591 3260 delendos
603 3212 631 3258 et
643 3199 868 3275 exstinguendos
882 3219 944 3258 esse
964 3205 967 3280 i
989 3224 1027 3262 an
1037 3205 1136 3278 colligi
1152 3216 1302 3281 oporteat,
1315 3222 1381 3261 eunt
1401 3204 1434 3260 in
1449 3201 1601 3260 tractando
1615 3200 1672 3258 hoc
1686 3220 1774 3276 argu-

162 3285 311 3347 docebant.
330 3287 494 3346 Notandum
506 3302 601 3347 tamen
616 3287 695 3365 quod
710 3300 830 3345 testatur
841 3286 944 3344 Cicero
964 3283 967 3354 Ι
989 3304 1087 3349 mento
1097 3273 1296 3368 Chrysippum
1311 3303 1440 3349 secutum
1455 3307 1518 3348 esse
1533 3288 1584 3365 qtti
1599 3287 1630 3344 in
1646 3286 1724 3345 libro
1739 3289 1774 3346 de
1850 3329 1853 3333 -

161 3373 281 3434 tuscul.
291 3374 341 3451 Ν,
356 3376 372 3433 5
385 3376 581 3455 Chrysippum
595 3389 771 3452 caeterosque
785 3375 848 3453 ejus
861 3387 945 3433 sectae
964 3355 967 3390 Ι
988 3380 1079 3438 animi
1103 3377 1373 3456 perturbationibus
1393 3378 1512 3454 copiose
1529 3395 1562 3432 ac
1576 3373 1724 3432 subtiliter
1738 3375 1774 3432 de

162 3459 294 3520 homines
304 3481 435 3538 magnam
451 3478 563 3542 partem
583 3465 615 3521 in
636 3463 798 3541 partiendis
820 3474 848 3520 et
873 3461 943 3520 deli·
989 3467 1045 3526 hoc
1071 3467 1263 3546 philosophiae
1289 3467 1355 3524 loco
1384 3477 1492 3540 egerat.
1511 3460 1604 3512 -161
1628 3461 1773 3536 Diogenes

162 3548 377 3626 niendisanimj
389 3551 661 3628 perturbationibus
673 3565 828 3628 occupatos
843 3550 943 3622 fuisse,
990 3557 1124 3614 Laertius
1138 3554 1206 3628 Vll,
1235 3563 1288 3624 ιιι,
1312 3555 1423 3632 speeies
1446 3557 1493 3622 τῆς
1515 3551 1611 3621 ἡδονῆς
1627 3567 1691 3608 esse
1710 3551 1775 3607 vult

163 3635 214 3692 sed
228 3635 264 3694 de
283 3637 417 3696 sedandis
436 3639 648 3717 cupiditatibus
662 3659 754 3716 pauca
779 3639 942 3698 tradidisse.
989 3644 1122 3720 κήλησιν,
1142 3642 1374 3723 ἐπιχαιρεκακίαν,
1387 3642 1497 3720 τέρψιν,
1512 3641 1643 3718 διάχυσιν.
1661 3636 1774 3696 Simili-

95 3791 98 3798 ·
163 3721 247 3784 Coei.
271 3725 360 3802 Diog.
380 3725 565 3799 tae1·t.vll,
585 3749 638 3784 110
654 3747 735 3805 seqq.
752 3759 792 3770 -
810 3723 847 3760 ¹⁵⁴
865 3725 944 3782 Om·
990 3745 1035 3790 ter
1047 3733 1151 3791 Cicero
1169 3732 1287 3791 Tuscul.
1312 3729 1361 3799 Ν,
1387 3750 1403 3802 7
1425 3728 1567 3805 voluptati
1592 3723 1713 3783 subesse
1735 3725 1776 3782 ait

162 3811 213 3869 nia
239 3811 300 3870 haec
324 3833 341 3872 e
365 3813 492 3873 Zenonis
521 3817 557 3873 de
584 3817 674 3873 animi
709 3813 836 3872 motibus
867 3813 945 3871 libro
966 3855 968 3889 ,
991 3819 1225 3878 malevolentiam
1237 3819 1380 3876 laetantem
1393 3815 1470 3873 malo
1484 3816 1589 3883 alieno,
1607 3813 1776 3872 delectatio-

162 3900 253 3976 petita
264 3921 326 3960 esse
347 3917 479 3981 apertum
501 3918 553 3965 est.
572 3904 718 3980 Diogenes
734 3903 866 3961 Laertius
879 3900 944 3974 vll,
966 3932 968 3979 l
992 3893 1276 3980 nen1‚jactationetn,
1294 3937 1336 3950 -
1349 3903 1388 3940 ⁴⁶²
1402 3903 1487 3978 Diog.
1498 3903 1594 3963 Laert.
1612 3902 1677 3971 llll,
1698 3923 1772 3959 tta:

167 4009 222 4045 tto
236 4010 242 4046 :
257 3988 314 4047 ἔστι
323 3989 350 4048 δέ
360 3990 424 4050 αὐτὸ
436 3992 466 4052 τὸ
479 3993 558 4058 πάθος
571 3992 639 4052 κατὰ
654 3990 764 4062 Ζήνωνα
774 3996 791 4061 ἡ
802 3990 893 4066 ἄλογος
900 3991 946 4048 καὶ
966 4002 969 4070 γ
990 3997 1027 4062 εἰς
1042 3993 1069 4053 δὲ
1086 3995 1130 4053 τὸν
1143 3995 1220 4075 φόίον
1235 3994 1360 4071 ἀνάγεται
1373 3992 1419 4050 καὶ
1434 4000 1526 4050 ταῦτα·
1538 3992 1626 4067 δεῖμα,
1640 3991 1724 4063 διινος,
1738 3993 1776 4048 eti·

163 4075 237 4153 παρὰ
252 4077 327 4157 φύσιν
338 4081 423 4158 ψυχῆς
442 4078 553 4150 κίνησις,
573 4077 676 4157 dipteri
693 4078 883 4146 πλεονάζουσα.
900 4077 947 4137 Si·
966 4071 969 4137 i
991 4082 1087 4162 οχύνη,
1104 4082 1234 4155 ἔκπληξις,
1250 4081 1369 4164 δόρυὸος,
1383 4079 1604 4158 ἀγωνίαῦίτενι)
1618 4078 1706 4138 Tttsc.
1722 4079 1773 4148 Ν,

164 4163 273 4223 militer
285 4165 387 4224 Cicero
401 4161 553 4242 Tusc.'iV‚
569 4170 587 4226 6
605 4189 612 4224 ι
629 4193 641 4218 ν
657 4168 707 4226 Est
720 4167 809 4242 igitur
823 4168 947 4225 Zenotds
993 4194 1009 4246 7
1027 4195 1034 4230 ι
1049 4171 1132 4231 «διώ
1148 4186 1225 4231 metu
1242 4185 1335 4230 antem
1353 4171 1482 4247 subjecta
1496 4181 1564 4227 sunt
1578 4168 1709 4245 pigritia,
1722 4188 1776 4244 pu-

164 4250 225 4308 haec
241 4251 391 4324 definitio,
405 4267 438 4312 ut
447 4254 628 4332 perturbatio
640 4256 689 4328 sit,
706 4255 785 4333 quod
803 4256 884 4321 πάθος
898 4257 948 4314 ille
967 4312 969 4335 γ
992 4260 1057 4333 dor,
1075 4273 1182 4329 terror,
1201 4260 1300 4334 timor,
1316 4278 1419 4335 pavor,
1436 4256 1632 4325 exanimatio,
1656 4266 1773 4312 centur·

166 4338 248 4412 dicit,
276 4359 378 4400 aversa
399 4361 416 4400 a
435 4355 512 4401 tecta
530 4345 660 4415 ratione,
682 4356 783 4402 contra
803 4356 946 4417 naturam,
968 4370 970 4421 γ
991 4346 1085 4418 batia,
1098 4345 1231 4407 formido.
1242 4375 1298 4397 ν-
1310 4340 1440 4418 ⁴⁰³Di0g.
1453 4343 1548 4401 Lacrt.
1559 4341 1625 4415 llll,
1643 4361 1776 4398 retaxat

166 4428 256 4485 animi
271 4431 429 4488 commotio
445 4452 452 4488 :
469 4431 587 4508 quidam
603 4431 737 4504 brevius,
752 4431 948 4509 perturbatio·
968 4424 971 4557 γ
992 4432 1040 4505 chr
1061 4434 1108 4511 μὲν
1121 4434 1206 4506 λύπην
1225 4425 1292 4491 εἶναι
1308 4433 1435 4503 συστολὴν
1457 4430 1561 4510 ἄλογον,
1577 4427 1633 4498 εἴδη
1653 4427 1681 4485 δὲ
1697 4429 1777 4495 αὐτῆς

166 4534 231 4572 nem
247 4535 310 4575 esse
320 4521 478 4595 appetitum
491 4520 745 4580 vehementiorem.
767 4519 949 4578 »Verissime
969 4562 972 4583 ι
993 4519 1076 4598 ἔλεον,
1092 4520 1191 4600 φθόνον,
1217 4523 1310 4592 ζῆλον,
1324 4517 1501 4590 ζηλοτυπίαν,
1517 4516 1611 4595 ἄχθος,
1624 4514 1774 4592 evaginat,

167 4601 324 4678 Salmasius
339 4607 375 4664 ad
390 4606 553 4684 Epictetum
572 4629 601 4687 p.
622 4610 703 4666 ma:
731 4606 949 4667 »incontinens
970 4590 972 4649 Ῑ
994 4610 1083 4680 ιἰνίοιν,
1097 4608 1203 4682 ὀδύνην,
1227 4610 1366 4687 σύγχυσιν.
1388 4608 1426 4663 λι
1438 4605 1541 4663 Cicero
1555 4602 1675 4663 Tuscul.
1691 4600 1740 4672 Ν,
1759 4619 1775 4670 7

164 4690 277 4767 judicat
292 4711 322 4750 se
336 4712 393 4751 non
408 4707 485 4772 recte
497 4694 609 4766 lacere,
626 4697 676 4754 sed
692 4709 785 4752 tamen
802 4695 868 4752 facit
879 4715 950 4772 pro-
971 4738 973 4764 ,
994 4696 1161 4772 aegritudini
1177 4696 1283 4774 subjici
1305 4715 1341 4753 ex
1354 4695 1517 4752 Stoicorum
1533 4703 1677 4769 praecepta
1692 4701 1778 4747 testa·

166 4791 232 4856 pter
248 4778 343 4852 πᾶθος,
369 4782 416 4839 cui
442 4802 502 4840 non
524 4795 620 4861 potest
644 4784 800 4860 imperare,
826 4794 854 4838 et
872 4783 951 4858 quod
971 4769 974 4845 i
996 4798 1043 4842 tut·
1057 4785 1262 4856 invidentiam,
1278 4783 1500 4851 aemulationem,
1516 4780 1768 4846 obtrectationem,

167 4886 233 4925 eum
246 4870 324 4944 cogit
333 4871 474 4928 rationem
491 4882 568 4927 recte
581 4871 797 4948 praecipientem
808 4872 949 4943 aversari,
971 4850 974 4934 i
995 4873 1242 4948 misericordiam,
1266 4890 1416 4948 angorem,
1446 4870 1575 4939 luctum,
1604 4883 1773 4935 moerorem,

168 4975 255 5033 quam
274 4956 317 5014 τὸν
340 4960 461 5036 αἱροῦντα
474 4955 551 5036 λόγον
566 4958 721 5036 appellant.
740 4983 808 5010 ν-
819 4953 857 4991 ⁴⁵⁵
878 4957 950 5016 llio-
996 4980 1173 5032 aerumnam,
1185 4961 1327 5034 dolorem,
1342 4958 1588 5026 lamentationem,
1605 4953 1777 5014 sollicitudi-

169 5063 257 5119 νεῦον
272 5043 404 5105 Laertius
419 5047 440 5105 l.
460 5067 486 5105 c.
503 5066 510 5102 ι
526 5048 578 5104 τῶν
599 5044 627 5103 δὲ
652 5048 743 5104 παθῶν
758 5043 791 5104 τὰ
811 5045 952 5124 ἀνωτάτω,
998 5070 1075 5122 nem,
1093 5049 1272 5115 molestiam,
1294 5046 1524 5118 afflictationem,
1540 5043 1774 5123 desperationem

171 5131 255 5208 izaiei
268 5155 345 5213 φησιν
357 5131 479 5194 Ἑκάτων
501 5135 528 5191 έν
546 5136 584 5214 τῷ
596 5132 709 5215 δευτέρῳ
721 5133 782 5212 περὶ
802 5136 892 5190 παθῶν
907 5133 951 5191 καὶ
996 5152 1026 5197 et
1040 5139 1065 5197 si
1083 5157 1149 5214 quae
1167 5137 1227 5194 sint
1247 5134 1283 5193 de
1305 5153 1409 5210 genere
1430 5134 1542 5193 eodem.
1559 5166 1600 5179 -
1623 5132 1659 5169 ⁴⁰⁸
1685 5131 1774 5204 niog.

172 5219 263 5292 Ζήνων
275 5225 302 5280 ἐν
312 5225 349 5302 τῷ
359 5223 419 5300 περὶ
432 5221 550 5300 παθῶν,)
565 5215 632 5280 εἶναι
645 5223 706 5300 γένη
717 5223 842 5305 τέσσαρα,
853 5221 951 5298 λύπην,
997 5223 1095 5326 baert:
1102 5223 1167 5297 Vll,
1181 5225 1251 5281 113:
1264 5221 1329 5301 ὀργὴ
1338 5220 1365 5280 δι’
1375 5225 1443 5281 ἔστιν
1452 5221 1577 5298 ἐπιθυμία
1597 5218 1724 5301 τιμωρίας
1730 5225 1777 5279 τοῦ
