3959 5925
295 378 366 419 triv
941 342 991 413 uu
1019 352 1230 415 SOPlllSTIS.

292 492 398 551 debant
408 503 492 566 atquc
509 482 701 563 exagitabant.
719 486 964 556 Queruadmoclum
976 488 1067 562 igitur
1114 501 1257 565 tempora,
1285 484 1412 542 irrideri.
1448 484 1641 553 Quamobrem
1677 486 1839 563 impietatis
1870 507 1898 547 et
1960 530 1961 569 p

292 580 425 638 Cratinus
440 577 470 634 in
482 577 609 634 Oculatis
619 574 795 656 (Πανόπταις)
809 576 973 653 llipponepr
991 577 1064 655 (19),
1113 575 1249 644 ἀθεότητος
1261 573 1400 630 maculam
1414 592 1472 630 non
1486 587 1543 631 tam
1560 572 1681 647 singulis
1694 574 1765 631 viris
1778 576 1899 651 sapien·
1960 582 1961 635 l

292 668 343 744 qui
360 679 408 723 aut
426 684 530 740 aquam
552 678 602 722 arrt
626 662 777 721 humidum
799 675 849 720 aut
876 684 978 739 aquam
1006 666 1066 739 igni
1114 664 1161 720 tiae
1177 653 1357 738 professione
1373 661 1466 721 ,claris
1486 673 1535 718 aut
1556 662 1607 717 uni
1626 659 1756 731 Socrati,
1776 660 1898 720 hornini

293 752 475 828 conjunctam
491 769 587 808 rerum
601 750 780 828 principium
792 769 854 807 esse
867 751 1066 823 contendebat,
1114 750 1223 825 optime
1246 748 1282 805 de
1296 747 1412 806 civibus
1429 749 1490 806 suis
1506 749 1620 819 merito,
1637 768 1722 824 quam
1742 748 1896 807 unirer-sis
1960 786 1961 813 τ

292 842 401 899 facetiis
415 838 657 915 perstrinxit:sic
670 837 877 914 Aristophanes
892 839 923 894 in
933 836 1068 897 Nubibus
1114 834 1338 893 Atheniensibus
1353 834 1413 914 (τι)
1427 854 1578 913 aspergere
1594 836 1721 894 voluisse
1735 849 1822 913 poeta
1839 856 1896 909 pn-

291 931 434 985 Socratem
447 938 584 1000 tanquam
596 924 758 1000 Sophistaur
773 935 802 978 et
816 922 889 980 ἄθεον
901 924 960 999 (ao)
970 926 1067 983 omni·
1113 925 1215 982 tandus
1230 937 1280 982 est.
1295 922 1338 980 lta
1347 925 1423 981 enim
1438 943 1455 981 a
1468 923 1587 1001 perenni
1601 936 1816 1005 contestataque
1834 943 1894 980 ma-

290 1014 345 1073 bus
359 1012 544 1071 contumeliis
557 1012 685 1070 vexavit.
706 1011 821 1068 Scilicet
832 1023 924 1087 poetae
937 1012 985 1068 isti
1000 1013 1067 1089 phi-
1110 1016 1207 1090 jorum
1221 1012 1327 1069 virtute
1346 1010 1407 1087 jam
1425 1011 1670 1086 degeneraverant
1685 1012 1891 1080 Athenienses,

291 1103 477 1180 losophorum
494 1100 618 1157 decretis
630 1099 774 1155 neminem
789 1099 825 1155 ad
843 1097 917 1155 bene
927 1096 1067 1177 beateque
1113 1112 1145 1157 ut
1155 1100 1223 1157 licet
1232 1099 1351 1175 optimis
1361 1098 1472 1157 artibus
1483 1098 1578 1156 ornati
1586 1111 1671 1175 atque
1680 1100 1758 1156 omni
1769 1099 1893 1157 liberali

290 1190 448 1247 virent-lum
464 1189 506 1246 uti
530 1205 614 1265 posse
637 1182 865 1269 arbitrabantur,
884 1203 1005 1261 eamque
1028 1186 1066 1243 ob
1113 1187 1246 1245 doctrina
1254 1185 1337 1263 politi
1348 1198 1451 1254 essent,
1464 1198 1560 1243 tamen
1568 1187 1893 1263 veteremdisciplinam

290 1297 403 1335 causam
417 1278 448 1334 in
470 1294 520 1333 eos
532 1273 631 1331 invehi
646 1286 861 1330 consueverant.
878 1271 935 1330 Nec
949 1272 1067 1331 deerant
1113 1276 1270 1344 desertam,
1288 1274 1319 1331 in
1337 1292 1468 1330 somnum
1482 1292 1499 1330 a
1511 1272 1638 1349 vigiliis,
1657 1294 1673 1331 a
1688 1273 1845 1333 laboribus
1857 1280 1893 1334 ad

290 1366 340 1440 qui
362 1364 553 1433 affirmarent,
578 1359 771 1437 philosophia
798 1359 950 1437 praecptis
977 1375 1064 1437 atque
1114 1363 1287 1439 voluptates,
1302 1381 1319 1419 a
1333 1361 1457 1435 negotiis
1474 1361 1504 1418 in
1527 1361 1618 1419 otium
1633 1381 1799 1421 conversam
1830 1382 1894 1421 csse

290 1452 429 1513 institutis
456 1469 515 1506 non
542 1448 635 1505 solum
660 1448 796 1522 pietatem
819 1446 960 1504 adversus
980 1446 1065 1518 deos,
1113 1451 1261 1509 civitatem
1289 1461 1450 1527 appareret.
1468 1448 1568 1525 ltaque
1595 1449 1735 1525 quercla,
1752 1453 1892 1526 quarnris

290 1539 338 1595 sed
353 1538 435 1597 lidcm
451 1538 537 1594 etiam
552 1549 580 1593 ct
592 1534 756 1593 societatem
773 1535 889 1607 generis
901 1535 1021 1592 humani
1037 1550 1064 1593 ct
1116 1536 1234 1595 forsitan
1250 1536 1364 1595 civibus
1378 1536 1550 1611 quibasdam
1567 1535 1651 1594 bonis
1674 1536 1896 1615 et‘rcipublicae

286 1623 430 1699 justitiam
445 1624 526 1693 tolli,
541 1622 572 1679 in
582 1642 640 1699 qua
649 1620 770 1679 colenda
780 1623 930 1679 civitatum
945 1623 1064 1680 salutem
1116 1624 1254 1683 studiosis
1276 1624 1444 1681 necessariae
1465 1622 1647 1695 viderentur,
1665 1626 1771 1681 nemini
1793 1638 1895 1681 tamen
1919 1666 1927 1693 ,

289 1712 410 1787 positam
422 1730 485 1769 essu
500 1727 600 1767 omnes
614 1707 751 1767 mortales
768 1728 825 1765 utra
839 1722 934 1766 ruente
948 1730 1067 1771 consen·
1114 1723 1200 1785 grutae
1215 1712 1306 1785 luere,
1320 1710 1481 1785 comicique
1493 1722 1581 1787 poetae
1596 1710 1664 1767 dum
1678 1729 1772 1768 rnores
1788 1730 1893 1768 emen·
1960 1726 1961 1741 ¹

289 1801 373 1859 tiuut.
386 1800 477 1867 Quam
493 1798 612 1855 inimice
633 1796 838 1873 Aristophanes
850 1796 997 1855 Socratem
1019 1800 1067 1856 in·
1115 1798 1185 1856 dare
1199 1812 1344 1856 currantur
1359 1798 1521 1874 veterisque
1535 1797 1698 1875 disciplinae
1710 1799 1843 1873 rigorem
1864 1819 1895 1856 ac
1960 1774 1961 1865 A

289 1899 411 1943 sectatus
426 1886 476 1953 sit,
492 1885 610 1959 longum
632 1896 676 1941 est
691 1884 787 1942 dicere
811 1898 840 1942 et
865 1884 901 1943 ab
924 1885 979 1942 hoc
1001 1886 1065 1945 loco
1118 1888 1300 1944 severitatem
1312 1884 1506 1943 desiderantes
1517 1886 1614 1942 omnia
1624 1886 1653 1942 in
1669 1890 1817 1963 antiquum
1840 1901 1893 1946 sta·
1960 1870 1961 1961 A

289 1974 424 2029 alienum.
441 1972 505 2028 Duo
518 1990 587 2028 vero
600 1970 743 2028 neminem
756 1972 807 2047 qui
817 1970 941 2029 fabulam
954 1973 1066 2030 Aristo·
1115 1990 1174 2033 tum
1192 1974 1303 2032 restitui
1318 1972 1457 2049 cupiunt,
1478 1973 1551 2031 nihil
1568 1987 1695 2048 egerunt.
1717 1976 1810 2050 Atque
1832 1975 1892 2033 baec

294 2061 436 2136 phaneam
461 2072 566 2117 attente
588 2059 690 2135 legerit
715 2072 883 2134 negaturum
913 2080 975 2119 esse
1006 2059 1067 2118 'exi-
1115 2062 1231 2138 quidem
1253 2061 1288 2119 de
1312 2058 1455 2139 Sophistis
1474 2059 1504 2117 in
1519 2061 1687 2119 universum
1714 2062 1890 2121 dictasuili-

289 2148 386 2219 stimo,
395 2148 522 2225 primum
533 2147 640 2224 ineptis
649 2146 886 2206 cavillationibus
896 2148 1066 2226 sophisticae
1114 2149 1201 2209 ciant.
1463 2142 1469 2155 ’
1960 2126 1961 2187 A

289 2234 344 2291 arti
368 2234 513 2312 oppositis
527 2232 691 2305 Socratem,
708 2233 910 2312 Sophistarum
932 2237 1065 2294 adversa-
1151 2235 1288 2314 Superest
1311 2248 1342 2294 ut
1369 2236 1405 2295 de
1424 2237 1604 2312 singulorum
1628 2238 1790 2315 sophisticae
1821 2242 1894 2297 artis

289 2320 1062 2396 rium,nontangi;deindetotafabulaAtheniensium
1113 2325 1263 2384 doctorum
1277 2324 1349 2396 vita,
1372 2323 1518 2401 moribus,
1543 2327 1630 2385 rebus
1650 2326 1752 2403 gestis,
1769 2327 1892 2404 scriptis

290 2428 403 2483 mores,
415 2408 512 2485 quales
532 2420 614 2465 erant
629 2408 706 2467 circa
725 2407 798 2467 belli
822 2409 1064 2485 Peloponnesiaci
1112 2425 1140 2470 et
1156 2412 1270 2489 placitis
1281 2410 1402 2471 uberius
1417 2413 1568 2473 disseram.

319 2616 370 2679 (ts)
394 2616 450 2665 vid.
472 2617 534 2667 ruit.
549 2618 629 2667 Grec.
652 2619 747 2678 Fragor.
769 2617 819 2666 vol.
835 2620 847 2667 1
864 2632 888 2678 p.
909 2620 937 2667 tt
960 2631 1012 2679 aeq.
1033 2644 1065 2654 -
1110 2619 1285 2681 elephantiam
1298 2620 1428 2670 hocunum
1440 2632 1635 2679 columemorem,
1646 2619 1707 2669 [turb.
1719 2632 1753 2668 rs.
1768 2625 1891 2671 tls-ata:

290 2688 341 2747 (20)
357 2690 480 2737 socratem
494 2689 593 2739 liclium
606 2689 703 2738 vocavit
720 2702 757 2737 vs.
772 2693 827 2752 830,
840 2690 909 2752 quusi
921 2688 951 2738 dc
963 2689 1064 2749 Diagora
1110 2690 1161 2738 ἰδού
1173 2690 1194 2750 γ’
1202 2690 1252 2739 ἰδοὺ
1260 2689 1296 2739 Δί’
1308 2690 1444 2753 Ὀλύμπιον·
1458 2696 1497 2749 τῆς
1508 2690 1604 2753 μωρίας·
1613 2691 1640 2738 τὸ
1652 2690 1696 2739 ala
1705 2692 1818 2750 νομίζειν,
1835 2691 1893 2739 ὄντα

289 2757 360 2807 liclia
374 2758 511 2820 loqueretur
523 2772 594 2813 ouem
605 2761 703 2811 atheum
719 2760 791 2810 fuisso
804 2762 906 2810 constat.
919 2760 1007 2822 -(tt)
1017 2760 1067 2810 Ari·
1110 2760 1264 2817 τηλικουτονί.
