3959 5925
288 464 323 514 νς
891 442 1235 503 ΡΥΤΗΑθΟίίΕΟθΠΜ

283 584 378 663 χορδᾶν
388 580 433 639 καί
441 583 491 637 τῶν
501 578 615 658 ὀργάνων
626 580 676 635 τῶν
689 576 744 635 ποτ’
755 575 879 656 εὐφωνίαν
892 576 936 633 καί
944 573 1047 652 πλαγὰν
1092 572 1136 629 καί
1158 572 1202 638 ala<
1224 570 1339 650 πράξιος.
1363 571 1455 647 τὸμὲν
1480 570 1529 650 γάρ
1554 575 1715 649 βουληθῆμεν
1739 574 1773 632 τά
1792 576 1857 634 καλό
1937 588 1938 643 l

284 664 521 745 ἐπισυνεργούντων·
543 664 694 743 συναρμογά
708 663 734 721 ἃ
750 664 767 723 ἀ
782 666 840 721 ποτ’
855 662 972 728 ἀλλάλως
985 662 1048 737 σύγ·
1092 658 1137 718 καί
1151 662 1296 734 θποστᾶμεν
1311 658 1344 715 τά
1359 658 1428 715 θεινά
1439 667 1485 724 τᾶς
1503 662 1596 740 ἀρετᾶς
1608 661 1695 741 οἰκῇόν
1714 665 1783 733 ἐντι,
1795 664 1823 721 τὸ
1837 668 1857 721 θ’
1937 720 1938 739 ,

283 776 374 832 κρασις
386 758 437 811 τῶν
451 752 576 831 φθόγγων·
588 752 676 828 irrupi
691 751 718 809 δὲ
733 749 835 825 μωσικά
848 750 864 805 ἀ
878 747 945 806 κατὰ
959 769 1051 828 συναρ·
1092 748 1265 827 θρθοπλοῆσαι
1278 746 1323 812 τάς
1338 745 1502 825 προαιρέσεις
1516 747 1561 803 καί
1574 748 1618 805 ἐπί
1637 750 1708 817 τέλος
1721 750 1802 807 ἐλθεῖν
1817 752 1858 817 τὰς
1937 750 1938 827 γ

284 841 366 919 μογάν
390 840 488 905 κίνασις
509 840 559 911 ἤθη
579 839 683 897 τούτων.
724 836 814 902 Οὕτως
827 825 863 893 div
877 836 921 894 καί
939 833 991 911 βίος
1007 839 1050 893 ἀν·
1093 832 1200 912 πράξιας
1225 843 1271 900 τᾶς
1301 833 1430 909 εὐτυχίας.
1461 834 1562 891 ἐνίκασε
1596 834 1646 913 γάρ
1677 839 1691 892 θ
1721 836 1858 913 στραταγθς

282 930 391 1009 θρώπων
415 927 506 1006 χρῄζει
529 931 605 1005 τριῶν
618 927 715 984 τούτων
736 923 824 1004 τυχόν.
851 922 980 1001 ἐξάρτυσις
1004 921 1050 998 μὲν
1093 921 1139 978 καί
1155 919 1200 978 σύν
1215 930 1247 999 τᾷ
1262 924 1341 1000 ἀρετᾷ
1356 922 1400 977 καί
1415 918 1460 979 σθν
1474 929 1507 998 τᾷ
1521 922 1641 999 εὐτυχία,
1656 922 1701 980 καί
1721 924 1858 992 εὐπλόησεν
1937 950 1938 957 ³

283 1017 364 1073 ἀτῶν
380 1018 418 1072 τῶ
433 1013 482 1091 βίω
494 1014 591 1091 μερέων
601 1013 653 1071 ἐντί
663 1014 862 1091 συμπλάρωσις,
876 1010 924 1087 βίω
934 1008 960 1068 δὲ
970 1009 1050 1089 μέρεα
1094 1007 1284 1085 θκυόερνοίτας
1306 1008 1350 1065 καί
1364 1007 1410 1064 σθν
1433 1016 1466 1086 τᾷ
1480 1006 1558 1087 τέχνα
1574 1008 1618 1066 καί
1640 1008 1685 1068 σύν
1699 1016 1752 1074 τοῖς
1771 1010 1859 1087 οὐρίοις
1937 1072 1938 1085 ,

282 1106 315 1161 τά
328 1125 357 1161 τε
377 1100 497 1177 σώματος
511 1101 596 1177 ἀγαθά
608 1100 652 1159 καί
669 1100 702 1157 τά
715 1102 767 1156 τῶν
786 1098 929 1176 χρημάτων
953 1097 997 1155 καί
1018 1098 1050 1156 τά
1094 1093 1246 1169 πνεύμασιν,
1261 1095 1305 1153 καί
1327 1085 1390 1152 εἶδεν
1411 1098 1425 1151 ὁ
1444 1094 1573 1173 ὀφθαλμὸς
1595 1099 1690 1165 νιαὶιιῗνςΥ
1702 1097 1747 1154 καί
1764 1097 1811 1155 σύν
1830 1108 1859 1178 τᾷ
1937 1124 1938 1155 ι

281 1198 328 1255 τᾶς
350 1189 423 1255 δόξας
445 1187 490 1259 καί
511 1188 544 1244 τὰ
558 1191 609 1245 τῶν
624 1186 715 1265 φίλων·
740 1185 889 1264 σνναρμογά
909 1184 936 1243 δὲ
956 1184 974 1241 ἃ
994 1183 1051 1243 κατ’
1094 1182 1227 1262 ὀξυθυρκίᾳ
1242 1182 1287 1242 καί
1301 1181 1347 1239 σύν
1365 1184 1402 1259 τῷ
1417 1182 1487 1260 ροίει.
1501 1184 1545 1241 καί
1562 1182 1664 1260 ἀριστος
1678 1187 1692 1240 θ
1707 1183 1763 1261 βίος
1781 1188 1795 1242 ὁ
1812 1190 1859 1243 τῶν
1937 1232 1938 1245 ν

282 1274 376 1353 ἀρετάν
390 1274 433 1354 καί
445 1276 529 1349 νόμως
545 1274 643 1331 τούτων
654 1272 785 1345 σύνταξις,
799 1271 887 1351 ἐπαρίι
902 1272 929 1329 δὲ
947 1270 1050 1347 μωσικθι
1096 1269 1235 1347 ἀνθρώπων
1250 1268 1349 1346 ἐγένετο
1363 1268 1407 1325 καὶ
1421 1267 1463 1325 ut
1481 1267 1527 1325 τάν
1543 1268 1637 1349 ἀρετὰν
1655 1268 1735 1327 αὐτάν
1756 1268 1801 1327 καί
1822 1268 1858 1327 stt
1937 1280 1938 1373 γ

275 1363 299 1419 ’ἀ
313 1366 371 1419 κατ’
384 1360 478 1442 ἀρετὰν
492 1361 536 1419 καί
550 1360 634 1436 νόμως
647 1359 743 1418 τούτων
759 1359 912 1437 σύγκρασις,
929 1361 1051 1438 splenio-
1094 1356 1142 1413 τάν
1155 1354 1286 1434 εὐτυχίαν.
1937 1374 1938 1447 γ

281 1449 391 1525 ουμένοις
412 1459 457 1514 τᾶς
479 1450 570 1527 ἀρετᾶς
590 1447 635 1507 καί
662 1447 741 1523 μηθὲν
773 1446 862 1513 ἔξωθεν
897 1447 1051 1503 ἀντιπῖπτον
1136 1442 1275 1519 (Stobaeus
1297 1442 1371 1499 Flor.
1392 1441 1473 1512 Clll,
1492 1464 1537 1514 ²7·
1561 1442 1687 1519 lisposui
1708 1442 1857 1520 τ’τέλῃοςς
1937 1452 1938 1465 l

282 1535 392 1613 ἐχούσας
413 1538 490 1615 αὐτᾷ.
515 1536 544 1591 οὐ
565 1533 615 1611 γάρ
630 1536 656 1591 ἐν
677 1537 714 1613 τῷ
729 1531 901 1611 ἀπερύκεσθαι
921 1540 966 1595 τᾶς
989 1530 1057 1608 προ·Ι
1096 1533 1178 1593 codd.
1194 1529 1330 1603 τελνίίος.ὴ
1354 1535 1446 1607 ἀρετᾶς
1462 1530 1506 1588 καί
1528 1529 1715 1604 εὐδαιμοσύνας
1731 1530 1858 1607 ἔπίμοιρόν

282 1623 363 1689 θέσιος
377 1626 427 1679 τῶν
448 1620 570 1680 ἑκουσίων
585 1623 688 1678 σκοπῶν
701 1620 822 1678 πέπτωκε
842 1618 872 1675 τὸ
893 1616 1050 1690 εθδαιμονέν,
1095 1622 1162 1691 ἐντις
1177 1621 1279 1679 desunt
1293 1620 1352 1677 haec
1366 1620 1398 1676 in
1412 1618 1518 1677 codd.t
1533 1618 1580 1695 μὲν
1598 1628 1645 1685 τᾶς
1659 1638 1722 1677 oum
1736 1619 1857 1689 llalmin,
1937 1622 1938 1663 l

282 1709 340 1767 ἀλλ’
351 1712 384 1787 ἐν,
394 1712 432 1787 τῷ
445 1706 637 1784 κατατυγχάνεν
648 1712 678 1742 ¹¹¹·
692 1707 744 1765 οὐδ’
757 1708 784 1763 ἐν
806 1709 843 1784 tr}
862 1705 1050 1783 ἀδορυρόρατον
1096 1708 1142 1782 μὲν
1158 1706 1259 1766 libri.d
1274 1706 1303 1763 τὸ
1328 1705 1374 1781 μὲν
1392 1727 1455 1765 curn
1469 1706 1625 1779 llleinelti03
1642 1706 1815 1764 membranae
1827 1712 1859 1787 τῷ

282 1788 348 1873 ἦμεν
363 1797 407 1854 καί
422 1796 614 1873 ἀνυπςρέτατον
628 1792 675 1850 τάν
690 1792 794 1871 ἀρετάν,
809 1795 867 1851 ἀλλ’
881 1794 907 1848 ἐν
929 1794 966 1870 τῷ
986 1813 1052 1867 συμ-
1096 1795 1152 1870 μὲν.
1163 1801 1175 1828 ²
1188 1792 1326 1865 ἀνωτάτω;
1346 1794 1415 1853 libri
1436 1792 1585 1853 ἀνωτάτων.
1596 1791 1606 1827 ¹
1619 1794 1649 1851 τύ
1668 1794 1711 1866 θὲς
1727 1796 1814 1853 codd.
1828 1798 1859 1873 τῷ

283 1886 445 1958 πλαροθσθαι
457 1891 513 1944 ταῖς
527 1880 627 1957 οἰκῄαις
643 1880 763 1956 δυνάμισι
774 1887 787 1914 “
799 1881 858 1937 ποτί
873 1879 917 1943 τὰς
931 1876 1049 1955 πράξιας.
1096 1881 1156 1939 δὲ.Β
1173 1881 1324 1960 τυγχάνοντι
1338 1880 1512 1961 προαιρέσιος;
1523 1880 1606 1937 codd.
1620 1881 1776 1958 τυγχάνοντί
1794 1880 1858 1941 rot.h

283 1971 324 2028 Οὐ
336 1971 386 2046 γάρ
399 1966 536 2038 αὐτοτελής
548 1968 600 2023 ἐντι
616 1966 789 2045 ὑᾶνθρωτιος,
806 1968 863 2025 ἀλλ’
883 1964 988 2040 ἀτελής·
1010 1963 1051 2021 τί·
1096 1966 1233 2043 ἀντίμιμον
1247 1988 1311 2026 cunr
1332 1968 1516 2027 Valckenario
1529 1967 1565 2024 ad
1581 1968 1745 2027 Callimaoh.
1762 1970 1858 2045 fragm.

249 2057 344 2130 ,λῃος
366 2054 394 2112 δὲ
413 2052 543 2128 γινόμενος
560 2052 637 2128 θμὲν
651 2053 712 2131 παρ’
731 2053 844 2112 αὐτὸνόι
867 2052 893 2111 δὲ
914 2051 959 2109 καὶ
979 2050 1050 2129 παρὰ
1095 2074 1124 2129 p.
1141 2055 1296 2126 a7o;libri
1316 2054 1858 2133 ἀντίτιμον.’χαροικτῆριευπνθασούείο
1937 2038 1938 2055 i

283 2139 330 2197 τάν
352 2138 441 2207 ἔξωθεν
463 2138 556 2197 αἰτίαν·
570 2137 614 2197 καί
635 2139 724 2218 τεθῃος
747 2139 803 2211 ἤτοι
823 2138 919 2197 καττάν
939 2136 1014 2218 φύσιν
1035 2135 1052 2205 ἦ
1095 2142 1127 2198 in
1147 2140 1299 2201 Animadv.
1315 2142 1350 2199 ad
1370 2142 1469 2219 Eurip.
1484 2155 1512 2198 et
1531 2142 1612 2199 Stob.
1635 2163 1663 2220 p.
1683 2147 1755 2218 πρός
1781 2145 1857 2201 codd.

283 2226 378 2283 καττύν
402 2224 466 2303 βίον·
488 2226 618 2284 καὶκατὰ
642 2224 688 2301 μὲν
709 2226 756 2285 τάν
774 2225 858 2304 φύσιν,
877 2224 939 2284 αἴκα
959 2223 1068 2307 ἀγαθὸς,
1095 2224 1261 2304 χαρακτὴρ.Ιι
1275 2226 1398 2303 ἑπόμενος
1416 2249 1480 2285 cum
1499 2228 1699 2301 eodeu13libt·i
1720 2231 1858 2307 γενόμενος.

285 2312 403 2388 γίνηται·
418 2313 436 2369 ἀ
451 2312 500 2391 γὰρ
522 2314 622 2372 ἑκάστω
637 2315 716 2391 ἀρετὰ
737 2313 847 2391 ἀκρότας
865 2312 909 2370 καὶ
930 2311 1052 2389 τελῃότας
1096 2309 1180 2387 Ιμετθι
1193 2317 1230 2371 τῶ
1246 2316 1291 2383 ζῆν
1312 2317 1338 2371 ἐν
1358 2335 1421 2373 cum
1444 2314 1588 2388 Gesnem,
1603 2316 1687 2375 codd.
1703 2317 1760 2375 οὐτε
1787 2320 1859 2378 ποττθ
1912 2354 1938 2391 χ,

282 2399 336 2459 ἐντὶ
352 2409 398 2465 τᾶς
419 2399 520 2457 ἑκάστω
537 2401 636 2477 φύσιος·
655 2392 707 2458 οἷον
728 2401 745 2458 ἀ
768 2400 815 2476 μὲν
838 2403 889 2457 τῶν
913 2401 1051 2477 όρθαλμῶν
1096 2402 1151 2469 ζῆν.
1163 2405 1183 2433 ¹¹¹
1200 2400 1412 2479 κατατυγχάνεν;
1427 2401 1496 2459 libri
1518 2403 1772 2481 κατατυγχάνεσθαι.
1789 2410 1802 2438 ¹¹
1822 2407 1858 2463 θν-

284 2485 364 2565 ἀρετά
378 2487 512 2565 οάκρότας
530 2488 574 2545 καί
591 2489 770 2565 τελῃόταςτᾶς
786 2492 837 2545 τῶν
851 2488 989 2565 ipseipse
1004 2487 1053 2565 ρύ-
1095 2486 1201 2562 salpiam
1232 2488 1299 2547 libri
1335 2490 1497 2563 δυνάμεσι.ο
1531 2490 1610 2567 ἀρετά
1644 2512 1708 2549 cum
1731 2492 1857 2563 0rel1i0;

187 2642 191 2647 .
283 2599 336 2641 σιος
350 2584 373 2646 l‘,
389 2576 406 2633 ἇ
429 2575 456 2633 δὲ
471 2578 520 2634 τῶν
535 2576 634 2635 οθάτων
649 2586 695 2641 τᾶς
708 2579 759 2634 τῶν
774 2577 882 2635 οὐάτων·
892 2575 959 2634 οὐτω
974 2574 1001 2631 δὲ
1015 2580 1052 2633 τῶ
1096 2574 1165 2631 libri
1187 2575 1269 2654 ρύσις.
1284 2586 1296 2623 Ρ
1311 2576 1414 2653 φύσιος,
1429 2576 1507 2635 deest
1528 2582 1558 2634 in
1581 2578 1689 2637 codd.‘¹
1704 2582 1772 2659 αὐτᾷ
1794 2580 1815 2638 i.
1836 2600 1857 2637 s.

284 2663 412 2740 ἀνθρώπω
426 2664 443 2721 ἃ
458 2664 537 2743 ἀρετὰ
552 2665 724 2744 ἀκρόταςίντί
738 2665 782 2723 καὶ
796 2664 919 2741 τελῃότας
937 2674 983 2730 τᾶς
1008 2666 1053 2721 οἷν-
1097 2662 1261 2741 εὐθαιμονίογς
1292 2663 1464 2721 ntembranae
1499 2667 1603 2743 αὐτῷ.Γ
1628 2676 1675 2745 τρίς
1707 2667 1792 2725 codd.
1822 2666 1856 2726 ri.

283 2750 377 2827 θρώπω
394 2749 492 2829 ρύσιος.
511 2752 611 2831 Τίλῃος
622 2752 649 2811 δὲ
662 2752 755 2810 καττύν
768 2754 832 2830 βίον,
846 2751 907 2809 αίκα
921 2752 1051 2827 εὐδαίμων
1097 2756 1106 2785 ⁸
1120 2752 1218 2822 αὐτοῖς,
1239 2750 1321 2809 codd.
1334 2749 1418 2811 αὐτόν.
1428 2751 1436 2785 ¹
1447 2760 1493 2830 τᾷ,
1506 2751 1575 2809 libri
1587 2751 1625 2811 τὸ.

283 2836 402 2913 γένηται·
414 2838 431 2894 ἆ
443 2838 493 2916 γάρ
510 2839 659 2917 εὐδαιμονία
672 2841 794 2917 τελῃότας
807 2840 852 2898 καί
867 2837 1053 2916 συμπλάρωσίς

283 2925 337 2982 ἕντι
349 2928 400 2984 τῶν
415 2926 581 3002 ἀνθρωπίνων
603 2929 714 3002 ἀγαθῶν.
758 2927 896 2986 Διθπάλιν
914 2924 995 3005 ἀρετά
1008 2925 1052 2984 καί
1473 2908 1499 2956 ³·

284 3012 390 3088 εὐτυχία
411 3010 490 3089 μένεα
510 3012 640 3088 γίνονται
653 3015 690 3072 τῶ
704 3015 747 3070 ὑπ’
765 3015 854 3090 αὖθί
870 3013 931 3090 itu
944 3023 991 3078 τᾶν
1004 3013 1052 3087 μὲν
1096 3038 1146 3096 aa
1168 3037 1246 3096 rou
1271 3037 1470 3096 runarxor
1493 3038 1568 3097 ror
1591 3037 1857 3100 orsaroparor

284 3099 376 3177 ἀρετᾶς
392 3101 426 3165 ὡς
438 3101 523 3176 ψυχᾶς
532 3098 717 3175 ὑποκειμένας,
731 3109 779 3165 τᾶς
788 3101 810 3157 δ’
825 3100 942 3177 εὐτυχίας
956 3103 991 3165 ὡς
1001 3099 1052 3157 σόν·
1321 3115 1410 3186 ΠΕΡΙ
1433 3125 1636 3187 ΕΥΘΥΜΙΑΣ.

285 3209 382 3260 ματος,
397 3189 449 3243 τῶν
470 3185 497 3242 δὲ
518 3187 715 3264 συναμφοτέρων
730 3191 763 3252 ὡς
777 3186 844 3265 ζῴω.
859 3194 913 3265 rut*
934 3186 980 3261 μὲν
1001 3185 1052 3269 γάρ
1629 3239 1630 3244 ,

283 3275 406 3353 χρίεσθαι
427 3275 513 3339 καλῶς
531 3275 632 3339 αὐτοῖςΙ
643 3277 698 3333 ίστι
710 3276 760 3340 τοῖς
772 3273 922 3354 κατὰφύσιν
935 3277 1048 3350 ἀγαθοῖς,
1135 3271 1185 3338 Ὧς
1200 3273 1262 3353 πρὸς
1282 3273 1325 3332 τύν
1339 3274 1475 3350 ξύμπαντα
1496 3277 1578 3334 αἰῶνα
1592 3274 1748 3351 ἐξετάζοντι,
1767 3276 1857 3356 βραχύ-

283 3362 335 3440 τᾷι
346 3360 373 3419 lt
387 3360 434 3419 τάν
446 3367 540 3438 χρᾶσιν
550 3360 756 3439 ἐμπαρέχεν·καί
766 3361 886 3439 χρίεσθαι
900 3361 945 3436 μὲν
959 3363 1049 3439 ἀρετᾷ,
1095 3383 1171 3419 τατον
1187 3361 1287 3439 ἔχοντες
1298 3361 1338 3419 τοί
1352 3362 1480 3438 ἄνθρωποι
1493 3361 1534 3418 τὸν
1548 3370 1594 3428 τᾶς
1607 3366 1673 3430 ζωᾶς
1683 3363 1787 3442 χρόνον,
1798 3365 1857 3420 κάλ·

284 3457 377 3527 χρᾶσιν
388 3449 413 3528 δ’,
421 3447 568 3526 ίμπαρίχεν
580 3449 698 3528 εὐτυχία·
708 3450 752 3508 καί
764 3441 782 3530 ᾇ
794 3449 840 3521 μὲν
849 3448 895 3508 τάν
904 3447 1051 3525 προαίρεσιν
1094 3449 1181 3505 λιστον
1189 3451 1258 3526 ἐντῷ
1270 3448 1317 3528 βίῳ
1325 3447 1465 3507 οίονέίτινα
1474 3450 1668 3528 παρεπιύαμίαν
1677 3457 1688 3485 ¹
1696 3456 1875 3520 norqoo'tivram

284 3538 329 3596 καί
341 3537 385 3596 τὸν
406 3536 480 3614 λόγον
501 3537 574 3615 ὀρθὸν
594 3536 769 3615 παρέχεσθαι,
785 3528 803 3616 ᾇ
817 3536 845 3594 δὲ
859 3536 905 3601 τάς
924 3534 1053 3614 ἐνεργείας
1096 3534 1136 3591 ἐπ’
1157 3534 1263 3612 εὐθυμία
1284 3533 1502 3606 καταόιόισαντες.
1545 3534 1649 3594 Ταύταν
1670 3534 1697 3593 δὲ
1712 3535 1794 3602 ἕξοντι
1811 3535 1856 3612 μά·

284 3701 325 3750 sed
336 3702 356 3749 si
367 3700 430 3761 qnod
443 3694 501 3762 petit
512 3703 680 3764 consequatur,
691 3714 770 3764 neque
781 3701 802 3750 si
815 3701 890 3750 virtus
909 3699 1051 3749 satellitibus
1095 3697 1213 3759 peditare,
1227 3697 1298 3757 liuius
1311 3701 1390 3747 aulem
1404 3697 1509 3746 sationes
1521 3701 1546 3747 et
1558 3711 1628 3760 opera
1639 3713 1787 3760 promovere.
1803 3703 1856 3749 liam

284 3788 309 3836 el
326 3787 442 3836 ministris
461 3791 552 3848 careal,
564 3787 605 3837 sed
617 3788 697 3849 potius
709 3787 729 3836 ai
741 3787 893 3836 lacultalibus
904 3786 953 3835 suis
964 3785 994 3833 ad
1014 3797 1052 3833 res
1094 3787 1121 3832 ut
1134 3785 1232 3834 honesta
1245 3785 1304 3834 velle
1317 3789 1340 3834 el
1353 3786 1506 3846 ierregrarla
1521 3786 1616 3835 virtutis
1628 3789 1664 3836 est
1676 3788 1812 3849 proprium,
1828 3787 1856 3834 ita

284 3873 386 3935 agendas
398 3874 583 3923 satisioslruota
596 3876 635 3922 sit
667 3875 825 3937 Nequeonim
839 3888 881 3936 per
894 3887 919 3922 se
934 3872 1051 3934 periectos
1095 3871 1246 3920 consiliorum
1260 3873 1356 3933 optatos
1376 3874 1476 3922 aventus
1493 3873 1646 3922 altariorum
1661 3873 1751 3922 linisin
1767 3885 1857 3938 prospe·

283 3961 770 4022 estlromo,sodimparlestus3litautem
782 3960 1051 4022 perieatuspartimsuis
1096 3959 1164 4006 ritate
1184 3959 1244 4008 situs
1262 3961 1304 4008 ast.
1338 3959 1544 4017 Quemadmodum
1562 3961 1625 4008 enim
1641 3961 1714 4009 vincit
1735 3961 1858 4022 imperator

256 4088 260 4096 .
286 4048 389 4104 viribus.
402 4049 486 4110 parlim
498 4051 596 4096 externa
617 4049 783 4110 eausa3idque
794 4049 831 4098 rel
842 4050 926 4097 natura
935 4049 973 4097 vel
984 4048 1049 4096 rita:
1096 4046 1183 4094 virtute
1200 4049 1225 4095 et
1237 4046 1405 4107 prosperitate,
1421 4046 1517 4095 feliciter
1536 4047 1679 4108 gubernator
1698 4047 1795 4108 navigat
1814 4054 1857 4096 ute

284 4136 310 4184 et
328 4142 412 4184 natura
431 4134 540 4197 quiderm,
558 4135 577 4184 si
595 4135 672 4184 bonus
689 4137 796 4187 eradat:
813 4149 868 4198 uam
882 4149 925 4184 sua
937 4138 1051 4197 cultasque
1095 4137 1119 4182 el
1136 4136 1206 4182 vento
1217 4135 1332 4197 moundo,
1350 4139 1412 4184 recte
1426 4136 1500 4184 rarnil
1511 4135 1595 4183 oculus
1606 4139 1631 4184 el
1644 4136 1740 4186 videndi
1751 4137 1857 4186 facultate

285 4223 361 4271 virtus
372 4221 424 4282 rjus
434 4225 526 4270 naturae
540 4223 678 4271 exsultantia
690 4225 715 4273 el
727 4223 838 4284 periaolio
850 4224 887 4273 est
898 4239 905 4273 τ
918 4222 982 4271 velut
994 4235 1051 4271 ocu·
1095 4223 1120 4269 et
1132 4220 1220 4270 lumine
1235 4240 1241 4270 :
1256 4221 1291 4270 sic
1302 4221 1406 4271 humana
1418 4223 1468 4272 rita
1478 4223 1559 4274 eradit
1570 4223 1659 4286 optima
1669 4225 1758 4274 virtute
1777 4225 1857 4287 pariter

284 4310 362 4359 lorum
372 4309 448 4357 virtus
460 4309 584 4358 oculorum
598 4315 690 4359 naturae
698 4311 838 4360 excellentia
848 4315 873 4360 et
884 4310 997 4372 perlectio
1005 4313 1050 4369 est,
1095 4309 1119 4355 el
1133 4307 1293 4370 prosperitate.

283 4397 378 4446 aurium
392 4396 469 4444 virtus
477 4398 586 4444 naturam
599 4397 690 4445 auriam
703 4397 809 4458 perlicit:
820 4398 854 4446 sio
865 4398 936 4447 eliam
951 4397 1052 4448 bominis

284 4485 361 4534 virtus
374 4486 484 4533 humanas
496 4487 587 4534 naturae
604 4486 741 4546 praestantia
755 4488 779 4534 al
792 4487 902 4547 perfectio
919 4491 965 4535 eet.
997 4488 1051 4535 Vita
1468 4462 1493 4513 ³·

285 4571 1050 4632 perieulusiit,sibealusevadat=beatitudoeninihumanorum
1094 4597 1144 4656 EX
1165 4597 1375 4658 HIPPARCHI
1400 4598 1650 4660 PYTHAGOREI
1673 4601 1787 4662 LIBRO
1813 4529 1873 4662 DE·

286 4658 403 4754 bonorum
425 4660 576 4754 summaesl
597 4661 621 4706 el
641 4659 760 4718 periecuo.
799 4662 948 4721 Quapropter
968 4674 1051 4710 rursus
1232 4687 1346 4746 ANlMl
1370 4687 1719 4760 TRANQUILLUM&

286 4748 364 4792 virtus
385 4744 409 4791 εί
430 4746 572 4805 prosperitas
590 4749 706 4806 tanquam
725 4747 802 4806 partas
816 4749 873 4794 suot
891 4746 947 4794 vilae
961 4745 1050 4807 beatu,

286 4829 373 4878 virtute
392 4829 454 4877 reiut
471 4830 559 4890 animi,
578 4830 639 4878 bona
660 4832 754 4880 fortuna
767 4832 833 4892 quasi
853 4833 956 4892 eorporis
972 4833 1049 4882 ricem
1125 4841 1184 4890 Cum
1195 4840 1361 4890 hierimimum
1373 4842 1404 4890 sit
1418 4841 1526 4890 humanae
1541 4841 1596 4890 vilae
1610 4845 1705 4904 tempus
1719 4855 1773 4892 cum
1791 4850 1855 4892 πίει·
1937 4819 1938 4844 i

285 4916 422 4976 obdurate,
432 4922 530 4978 utraque
541 4919 621 4992 aulen}
636 4917 706 4966 simul
723 4918 831 4966 animans
848 4919 924 4968 insist
938 4920 1048 4976 hellenis·
1094 4927 1166 4976 nitate
1175 4928 1299 4988 collatum,
1313 4929 1425 4990 optimam
1446 4929 1553 4978 homines
1565 4930 1621 4978 ritas
1635 4932 1748 4991 tanquam
1762 4931 1855 4992 peregri·

287 5002 323 5051 lili
342 5003 406 5050 anim
424 5004 480 5052 licat
498 5005 556 5066 ipsis
571 5008 663 5055 naturae
680 5005 748 5054 bonis
764 5008 829 5055 recle
843 5008 893 5068 uli,
911 5008 1050 5058 lauiousum
1093 5014 1212 5063 nationem
1228 5017 1368 5076 transigant,
1387 5015 1407 5063 si
1425 5015 1449 5063 in
1465 5015 1633 5076 tranquillitate
1652 5017 1761 5066 vixerint.
1793 5019 1854 5065 lianc

286 5089 404 5150 ρτιείνετες
426 5089 537 5139 nimirum
559 5092 652 5140 virtutis
671 5094 707 5141 eet
729 5093 778 5153 uli,
802 5095 960 5155 prosperitatis
981 5109 1050 5146 usum
1094 5102 1290 5150 aulemomaium
1298 5103 1854 5166 maximeconsequenlur,siseipsosdiligentrr

211 5200 218 5220 ν
287 5175 496 5238 praetermititur
510 5181 548 5228 est
568 5179 734 5230 consiliumet
754 5181 973 5234 rationemreelam
994 5197 1050 5248 sup-
1095 5189 1246 5250 cognuverint
1259 5190 1393 5252 sciantque,
1408 5189 1518 5239 mortales
1530 5203 1555 5240 sa
1567 5203 1736 5252 rssa,eoarne
1745 5194 1853 5250 constare,
