3959 5925
756 444 992 507 FRAGMENTA
1015 449 1199 511 Munatii.
1732 468 1761 517 tt

183 570 273 630 καλόν
298 572 334 631 ivi
360 570 450 631 καλόν
476 571 593 650 πλείοσι,
608 572 652 631 καλ
677 575 703 631 έν
726 578 764 653 τῷ
782 575 836 656 δλῳ
855 577 900 635 καὶ
926 580 953 637 έν
995 581 1080 643 codd.
1110 581 1215 643 etet*
1240 581 1323 656 αὕτδι,
1338 582 1408 642 libri
1428 582 1505 643 αὐτὰ.
1530 592 1541 621 ⁶
1563 585 1579 643 δ
1604 584 1650 661 μέν
1671 585 1765 667 ἀρετὰς

181 661 221 738 τῷ
246 658 340 731 παντί,
367 658 413 717 καί
440 657 483 717 διὰ
500 663 577 718 τοῦτο
601 661 628 717 ἐν
653 664 691 739 τῷ
712 662 766 732 ἐνί,
788 663 828 721 δτι
855 666 899 723 καί
926 669 952 725 έν
995 662 1065 728 libi-i
1087 670 1121 728 τὰ
1142 669 1189 746 μὲν
1206 670 1524 752 ἄρετὰ.“ἇδέιίτυχία;
1542 672 1613 731 libri
1636 672 1669 732 τὰ
1687 675 1709 732 δ’
1724 676 1766 732 εὖ·
1795 671 1799 685 ’

179 747 292 806 πλείοσι·
313 746 359 805 καὶ
380 748 408 804 έν
420 746 473 812 τοῖς
486 745 664 819 πλείοσιν,ότε
677 749 722 806 καὶ
743 750 769 807 έν
789 753 827 830 τῷ
841 751 894 831 όλῳ
908 753 953 812 καὶ
993 756 1081 835 τυχία.
1104 758 1384 837 θσυναγωνιὶαμένας;
1410 760 1494 819 codd.
1519 760 1765 839 έπεσυναρξαμένας.

181 837 208 893 εἰν
222 836 260 913 τῷ
273 831 362 893 παντί.
426 832 482 891 ἅτε
501 832 553 911 γὰρ
575 842 621 900 τᾶς
635 834 696 901 ὅλας
709 835 797 915 φύσιος
811 838 954 915 διακόσμα·
993 846 1055 905 ίτὸν
1070 846 1217 924 μέλλοντα,
1239 849 1323 909 codd.
1341 852 1378 929 τῷ
1393 848 1522 924 μέλλοντι.
1549 854 1561 894 ⁸
1584 848 1678 925 ποττὸ,
1698 852 1766 909 libri

181 944 221 988 τις
235 923 281 979 καλ
294 922 325 979 τὸ
338 923 397 979 καθ’
412 920 439 979 έν
454 920 563 980 ἕκαστον
576 921 795 1000 διακεκόσμακεν,
806 925 852 983 καί
865 926 882 983 ἃ
893 929 953 987 καθ’
994 934 1051 993 ποτὶ
1067 933 1129 993 ud*
1145 934 1260 1009 ποετδιν;
1276 936 1358 995 codd.
1370 936 1430 995 ποτὶ
1444 934 1512 1013 ndi.)

180 1014 291 1072 ἕκαστον
303 1012 331 1072 δί
345 1012 516 1090 διακόσμασις
529 1013 559 1071 ui
575 1015 634 1073 δλον
652 1015 738 1075 καὶτὸ
753 1025 806 1075 πᾶν
822 1017 954 1077 έκπεπλᾶ·
1036 1021 1071 1099 β’.
1087 1022 1164 1100 oapi
1179 1025 1201 1081 δ’
1221 1022 1285 1101 ἐγὼν
1303 1027 1328 1091 ἐς
1350 1024 1440 1102 μοίρας
1458 1032 1526 1103 τρεῖς
1550 1023 1698 1083 διεστοίοθαε
1718 1025 1765 1083 ndu

183 1124 263 1179 ρωκε.
278 1106 360 1159 Τοῦτο
374 1100 402 1158 δί
422 1103 556 1159 ἀκολουθεῖ
581 1100 623 1161 δεδι
645 1103 675 1163 τὸ
693 1114 727 1184 τᾷ
748 1105 809 1184 ρύσε
826 1104 952 1185 πρότερον
995 1110 1135 1185 σύμπασαν
1151 1112 1290 1170 πολιτείαν·
1304 1112 1349 1169 καί
1363 1112 1426 1188 μίαν
1445 1112 1492 1188 μὲν
1513 1102 1584 1187 εἶμεν
1603 1114 1694 1189 μοῖραν
1714 1114 1766 1169 τῶν

179 1182 248 1263 ἦμεν
263 1189 294 1248 τὸ
308 1186 364 1248 iio
378 1190 418 1247 τῶ
439 1188 546 1270 μέρεος,
562 1189 619 1247 ἀλλ’
633 1192 662 1248 οὗ
684 1190 714 1249 τὸ
732 1193 809 1271 μέρος
828 1196 866 1251 τῶ
887 1193 950 1254 ὅλοι,
995 1199 1120 1279 διανοίᾳ·
1135 1198 1317 1278 κυδερνιίιντυιν
1342 1198 1375 1257 nd
1402 1199 1490 1273 κοιναί,
1517 1198 1639 1279 δευτέραν
1662 1197 1688 1257 δέ
1714 1202 1767 1257 τῶν

181 1277 239 1335 nire
252 1277 301 1356 γὰρ
314 1277 352 1353 μὴ
365 1268 399 1348 ἦν
412 1280 427 1334 δ
438 1275 550 1354 κόσμος,
570 1276 624 1336 οὐδ’
639 1278 669 1337 δν
685 1283 699 1336 δ
718 1278 788 1347 δλιος
804 1272 848 1354 ἦν,
861 1282 914 1339 οὐδ’
936 1283 953 1340 ἃ
995 1286 1118 1364 δυνάμει,
1139 1288 1227 1368 τρίταν
1246 1286 1273 1346 δὲ
1287 1290 1337 1346 τῶν
1352 1286 1514 1367 ἔκπλαρώσει
1528 1285 1572 1346 καλ
1588 1285 1699 1367 χοραγίρ
1712 1292 1764 1345 τῶν

179 1366 293 1436 σελάνα,
307 1366 360 1425 οὐδ’
374 1368 398 1424 σί
417 1366 548 1432 πλαίνατες
563 1368 686 1446 ἀστέρες,
703 1370 758 1426 οὐδ’
777 1372 801 1427 oi
815 1370 952 1437 imitarier·
994 1378 1151 1453 ἀναγκαίων.
1204 1375 1332 1453 ὄνομαίνω
1360 1375 1387 1434 δὲ
1414 1374 1444 1434 τὸ
1471 1373 1519 1453 μέν
1538 1384 1640 1454 νερᾶτυν
1669 1379 1764 1441 nitido:

62 1505 75 1515 ,
177 1455 249 1519 ὄντος
263 1454 291 1511 δέ
301 1476 334 1531 γα
348 1457 386 1512 τῶ
397 1452 507 1529 κόσμοι,
521 1453 566 1512 καί
579 1456 677 1513 τούτων
692 1455 800 1517 ἕκαστόν
811 1461 874 1519 ἐντι.
887 1457 952 1518 'tin
996 1463 1167 1541 βουλευτικόν,
1187 1463 1218 1522 τὸ
1238 1464 1264 1521 δέ
1285 1462 1401 1540 δεύτερον
1425 1462 1567 1543 ἐπίκουρον,
1584 1462 1613 1521 τὸ
1636 1462 1663 1519 δὲ
1678 1462 1763 1540 τρίτον

179 1545 210 1603 δέ
223 1568 258 1604 κα
273 1546 348 1605 τοῦτό
359 1570 397 1613 τις
415 1546 461 1603 καί
480 1546 521 1604 ἐπ’
546 1548 627 1614 αὗτᾶς
641 1560 688 1616 τᾶς
706 1553 757 1608 τῶν
772 1549 844 1630 ζῴων
856 1550 951 1630 ρόσιος.
1000 1553 1137 1629 βάναυσον.
1178 1551 1233 1613 Καὶ
1257 1550 1290 1607 εδ
1318 1552 1364 1626 μὲν
1384 1542 1416 1611 αδ
1438 1554 1489 1609 τῶν
1515 1553 1647 1630 ἐλευθέραν
1676 1550 1763 1628 βιοτὰν

177 1635 243 1692 αἴκα
258 1635 309 1714 γδρ
325 1634 362 1711 μὴ
377 1626 395 1715 ᾖ
410 1638 488 1714 ζῷον,
507 1637 562 1693 οὐδ’
577 1636 725 1715 ὀφθαλμός,
740 1639 795 1696 οὐδ’
810 1638 840 1696 δν
855 1638 951 1714 στόμα,
994 1639 1195 1718 έχόντωνοίκῇα
1209 1639 1277 1718 pupi
1291 1629 1372 1715 εἶμεν,
1385 1639 1415 1697 τὸ
1429 1638 1455 1697 δέ
1467 1638 1552 1719 τρίτον
1564 1643 1615 1697 τῶν
1628 1641 1762 1717 βιυπόνων,

176 1723 232 1781 οὐδ’
243 1722 275 1781 δν
289 1721 372 1793 ἀκοαί,
396 1722 467 1787 ὄντος
480 1720 509 1779 δέ
523 1746 558 1798 γα
581 1722 639 1803 ζῴω
652 1724 697 1781 καὶ
719 1728 816 1783 τούτων
840 1724 952 1784 ἕκαστόν
993 1726 1038 1786 καί
1051 1725 1140 1803 τὸμὲν
1157 1726 1319 1803 βουλευτικὸν
1333 1726 1437 1805 όίρεατον
1452 1716 1533 1802 εἶμεν,
1544 1726 1574 1784 τὸ
1590 1726 1616 1785 δὲ
1635 1727 1762 1805 βάναυσον
1830 1766 1832 1773 ,

176 1814 242 1871 ἐντι.
283 1808 558 1889 Ὡςδὲέχειτδόλου
584 1811 690 1870 umeri⁸
712 1812 807 1892 μέρος,
824 1812 951 1872 οὕτωκαὶ
993 1818 1096 1895 Ιγερῇον,
1110 1816 1140 1873 τὸ
1154 1816 1175 1871 δ’
1197 1815 1330 1892 ἐπίκουρον
1352 1812 1441 1890 μέσον.
1484 1813 1529 1872 καί
1548 1813 1640 1891 τὸμὲν
1657 1818 1764 1893 βουλευ-

175 1900 195 1957 δ
217 1901 255 1956 τῶ
269 1896 323 1957 ito
337 1896 546 1977 o'rpardrrrorrdnr'¹
561 1899 711 1979 τῶμέρεος.
740 1902 776 1979 μὴ
790 1900 951 1980 ὑπαρχοίσας
993 1902 1064 1962 τεκὸν
1090 1902 1170 1982 ἆρχεν
1197 1903 1250 1973 δεῖ,
1271 1904 1302 1960 τὸ
1328 1902 1354 1959 δέ
1380 1902 1509 1980 βάναυσον
1532 1901 1718 1981 ἄρχεσθαι,τδ
1738 1904 1766 1963 δὲ

175 1983 228 2063 γδρ
243 1986 367 2065 δρμανίας
376 1985 420 2044 καί
429 1984 534 2065 ἐπόψιος
546 1986 681 2067 θείαςπερλ
691 1986 734 2045 τὸν
747 1986 854 2062 κόσμον,
864 1990 911 2045 οὐκ
920 1988 950 2045 δν
964 2038 967 2049 .
994 1989 1128 2069 ἐπίκουρον
1140 1988 1185 2047 καὶ
1201 1990 1280 2069 όρχεν
1297 1987 1341 2047 καί
1355 1990 1491 2068 ἄρχεσθαι.
1542 1989 1571 2048 τὸ
1589 1989 1636 2065 μέν
1652 1989 1702 2069 γὰρ
1721 1990 1768 2049 καὶ

176 2072 282 2132 δυ’ναετο
291 2074 409 2148 συνεῖμεν
423 2072 462 2131 ἔτι
476 2074 563 2139 καλῶς
576 2072 671 2153 ἔχοντα
680 2073 713 2132 τλ
724 2074 949 2151 έγκεκοσμαμίνα·
994 2077 1019 2135 τί
1034 2079 1072 2135 δεῖ
1087 2078 1199 2155 πράττεν
1214 2075 1398 2155 προδουλεόει,
1414 2076 1443 2135 τὸ
1458 2078 1480 2133 δ’
1495 2077 1639 2156 ἐπίκουρον,
1658 2081 1694 2153 τῷ
1718 2076 1764 2155 μέν

177 2160 216 2237 μὴ
234 2161 397 2241 ὖπαρχοίσας
411 2161 433 2218 δ’
452 2162 572 2237 εὐνομίας
594 2162 654 2241 περὶ
670 2163 716 2228 τλς
735 2162 843 2240 πολεας,
855 2166 901 2221 οὐκ
919 2160 952 2221 δν
994 2164 1172 2243 προπολεμέν,
1194 2165 1269 2244 ἄρχει
1292 2167 1330 2222 τῶ
1350 2165 1473 2239 βαναύσω
1487 2163 1601 2240 παντὸς,
1614 2168 1651 2243 τῷ
1664 2164 1690 2225 δὲ
1702 2186 1766 2243 προ·

177 2254 283 2315 δύναιτό
305 2278 343 2322 τις
365 2252 460 2332 ἀγαθὸς
484 2253 501 2325 ἢ
524 2252 654 2330 εὐδαίμων
678 2254 787 2321 πολίτας
810 2246 886 2331 ἦμεν·
914 2254 951 2331 μδ,
995 2250 1162 2311 ὅουλεύεσθαι
1180 2253 1297 2333 ἄρχεται.
1339 2254 1441 2312 Τουτᾶν
1456 2250 1482 2310 δὲ
1496 2262 1543 2311 τᾶν
1559 2262 1650 2331 μοιρᾶν
1666 2252 1765 2311 ἐκαίστα

175 2341 337 2421 δπαρχοίσας
362 2343 385 2399 δ’
406 2340 502 2419 όγιείας
513 2332 616 2422 περλτδ
630 2345 713 2421 ζῷον,
739 2344 786 2401 οὔκ
799 2342 831 2401 διν
848 2342 952 2401 δύναιτο
994 2338 1071 2397 πόλιν
1088 2342 1113 2406 ές
1126 2340 1185 2417 τρία
1194 2342 1326 2401 τέτακται.
1349 2344 1387 2399 τῶ
1398 2363 1427 2399 τε
1444 2340 1494 2418 γδρ
1510 2343 1666 2419 βουλευτικῶ
1677 2341 1767 2419 μέρεος

174 2428 240 2495 ποὺς
251 2428 336 2509 ἢχελρ
345 2428 456 2509 σθεναραί
469 2453 498 2488 τε
514 2428 531 2501 ἢ
544 2433 642 2507 ὑγιεινὰ
655 2422 733 2507 ἦμεν.
747 2432 802 2490 έστι
813 2432 863 2510 γδιρ
875 2432 891 2489 δι
904 2430 951 2509 μέν
995 2427 1024 2486 τὸ
1035 2429 1084 2505 μέν
1098 2430 1154 2487 ἔστι
1166 2428 1302 2509 πρόεδρον,
1315 2426 1386 2488 *rodi
1402 2429 1564 2508 ἄρχοντικόν,
1577 2428 1607 2486 τὸ
1630 2427 1657 2487 δὲ
1677 2450 1764 2488 κοινα-

175 2518 288 2596 ἇρμονία
307 2518 387 2596 ἀρετὰ
404 2518 539 2593 κόσμω,ἁ
560 2521 583 2577 δ’
604 2519 712 2596 εὐνομία
731 2521 811 2601 αἰρεείι
824 2520 951 2592 neiron&
996 2515 1168 2593 ὅσυλευτικόν·
1183 2517 1305 2596 πρόεδρον
1330 2514 1376 2591 μίν
1396 2517 1425 2575 τὸ
1446 2519 1647 2597 προσυνεδρεῢον
1670 2518 1715 2576 καὶ
1736 2517 1768 2577 εδ

175 2606 197 2663 δ’
211 2605 296 2683 ὑγίεια
313 2605 357 2664 καί
371 2604 445 2685 ἰσχὺς
466 2606 546 2679 ἀρετὰ
566 2605 698 2683 σώματος.
727 2607 772 2665 καί
793 2608 901 2666 ἕκαστον
917 2607 944 2665 δέ
995 2603 1230 2683 προδουλευόμενυν
1253 2602 1383 2679 περὶτῶν
1408 2602 1570 2683 πραγμάτων
1594 2605 1638 2664 καί
1660 2603 1764 2687 ὕστερον

173 2697 227 2752 τῶν
239 2696 266 2751 έν
290 2693 379 2759 αὐτοῖς
401 2692 500 2772 μερέων
515 2695 687 2753 συντέτακται
705 2694 764 2753 ποτὶ
780 2694 811 2755 ud
830 2694 890 2754 δλον
904 2695 950 2753 καὶ
995 2692 1153 2771 ἒπαναρέρον
1164 2690 1532 2770 ἰπλτλνβουλοίν·δρχοντικ“ον
1542 2691 1766 2773 δίτὸῆτοιᾶρχον

172 2780 205 2839 τὸ
228 2790 292 2839 πᾶν.
326 2779 454 2858 όρδαλμοί
471 2804 499 2838 τε
520 2783 571 2860 γὰρ
589 2784 683 2860 ὁρῶντι
702 2780 767 2861 ὑπὲρ
794 2786 830 2841 τῶ
854 2781 951 2847 παντὸς
995 2778 1012 2850 ἢ
1037 2779 1207 2858 γεγεναμένον
1233 2777 1394 2857 ἄρχοντιιιόν·
1417 2778 1651 2839 κοινοὸουλευτεκὸν
1684 2780 1711 2841 δέ
1735 2782 1766 2840 τὸ

173 2867 311 2944 σώματος,
324 2866 370 2925 καί
381 2866 465 2925 τᾶλλα
488 2866 515 2925 δὲ
537 2866 616 2946 μόρωί
629 2892 658 2926 τε
673 2869 718 2927 καὶ
733 2866 815 2950 μέρεα
835 2869 900 2948 ὑπὲρ
915 2872 952 2927 τῶ
996 2868 1060 2926 ἄλλο
1077 2869 1174 2933 aridio<
1187 2864 1217 2925 τδ
1236 2864 1447 2945 παραδεχόμενον
1467 2864 1502 2923 τὰ
1524 2868 1766 2947 πρασυνεδρευμένα

172 2952 330 3016 δ’λαιααλτῶ
341 2952 436 3022 παντὸς
449 2954 631 3016 συντέτακται.
840 2978 843 2982 ’
996 2955 1041 3014 καὶ
1053 2954 1269 3036 έπεψαριζέμενον
1279 2952 1324 3013 καλ
1335 2957 1468 3033 ἐπικυροῦν
1479 2953 1511 3012 τὰ
1525 2954 1567 3014 ini
1582 2955 1672 3035 κρίσει.
1697 2961 1732 3023 ὡς
1742 2958 1767 3016 δ’

213 3042 352 3112 (Stobaeua
377 3041 455 3103 fior.
481 3042 568 3116 Cili,
595 3047 643 3102 26.
665 3044 776 3123 Scripsi
802 3067 809 3100 ε
835 3050 847 3080 ⁸
870 3045 951 3117 αὑτὰ,
996 3043 1085 3109 ἅπλῶς
1095 3043 1175 3116 εἶπέν,
1186 3047 1226 3102 δεῖ
1235 3041 1285 3108 τὼς
1301 3049 1347 3119 μέν
1359 3043 1490 3122 προέδροις
1503 3041 1545 3100 ini
1554 3043 1584 3102 τό
1593 3044 1768 3104 κοινοδουλευ·

172 3212 232 3258 tur:
252 3207 344 3270 quippe
362 3208 448 3258 laurum
465 3209 531 3278 notia
548 3221 603 3271 para
622 3212 660 3260 eat
679 3222 736 3271 qun
751 3211 829 3259 tutum
855 3207 956 3260 eitrare'
993 3211 1035 3258 itai
1046 3209 1125 3271 euim,
1147 3213 1174 3258 ut
1190 3209 1272 3258 mundi
1291 3209 1368 3258 virtue
1386 3207 1523 3271 inarmonia,
1542 3210 1575 3260 ita
1588 3210 1692 3260 civitam
1706 3211 1769 3260 bona

172 3297 254 3357 queat
265 3298 320 3345 tam
329 3295 426 3346 auditus
438 3299 464 3346 et
472 3299 538 3349 rhua
552 3285 692 3360 pruriantia
704 3296 840 3360 pedumqua
855 3296 947 3347 reiuei·
993 3297 1073 3361 legum
1093 3298 1247 3360 constitutio,
1259 3301 1284 3350 et
1294 3299 1400 3361 oorporie
1411 3301 1501 3348 aaniiaa
1514 3311 1543 3349 ao
1560 3299 1642 3348 rubin.
1658 3299 1768 3370 ΙεἰειςιιΙω

172 3389 211 3433 taa
222 3378 246 3434 in'
257 3398 306 3435 uno
316 3386 433 3437 duntaxat
441 3387 542 3460 ineunt:
554 3391 579 3437 at
587 3387 712 3441 beatitudo
721 3390 746 3437 et
755 3389 827 3437 animi
836 3389 915 3438 virtue
924 3389 950 3438 et
993 3391 1072 3440 auteur
1087 3387 1112 3436 in
1124 3387 1154 3436 iia
1165 3389 1244 3450 partas
1256 3386 1286 3436 ad
1303 3388 1381 3450 iprum
1404 3388 1483 3438 totum
1498 3391 1525 3437 et
1546 3387 1689 3436 universum
1704 3388 1767 3438 reie-

170 3475 199 3525 io
218 3487 267 3522 uuo
286 3477 312 3524 et
326 3474 350 3522 in
366 3475 489 3538 piuribua,
505 3473 580 3537 atque
594 3476 620 3524 in
634 3478 686 3525 tota
699 3477 782 3525 rnundi
796 3489 911 3539 compago
923 3480 950 3526 et
995 3477 1090 3521 runtur.
1103 3475 1163 3523 Naro
1177 3477 1200 3522 et
1211 3473 1273 3522 onuii
1283 3485 1326 3535 pro
1341 3475 1394 3523 toio
1405 3485 1505 3535 corpore
1513 3478 1623 3530 oornunt,
1634 3477 1660 3522 at
1668 3474 1768 3536 reliqum

171 3575 255 3610 rerum
268 3562 422 3612 universitate
434 3563 550 3625 eernitur,
562 3562 664 3627 ideoque
683 3564 710 3612 in
725 3576 783 3625 uno,
798 3564 864 3625 qnod
877 3566 949 3613 etiam
995 3564 1072 3622 pariea
1083 3561 1157 3610 tutius
1170 3564 1242 3622 atque
1257 3560 1362 3610 unirarai
1372 3573 1443 3609 eauaa
1455 3561 1595 3611 oonatitutau
1606 3563 1671 3610 aunt.

81 3671 86 3681 ·
171 3652 201 3700 in
221 3650 495 3715 pluribua,paritarque
510 3651 535 3702 in
555 3651 780 3715 pluribua,quiaiu
801 3654 852 3702 tota
865 3651 949 3700 mnndi
1024 3651 1057 3697 ii.
1075 3651 1123 3710 Ego
1138 3661 1193 3699 reru
1212 3648 1324 3697 existimo
1342 3648 1477 3698 universam
1495 3645 1666 3708 rempublicam
1681 3648 1705 3696 in
1719 3651 1768 3697 iree

171 3746 325 3805 compagem
346 3755 426 3791 nerum
440 3740 602 3792 universitate.
644 3739 842 3802 nimquetotios
857 3743 950 3790 natum
994 3735 1089 3784 ordines
1111 3735 1210 3784 diuisam
1224 3747 1298 3784 aare:
1320 3735 1345 3783 et
1365 3747 1439 3782 unum
1457 3733 1554 3796 uiridem
1575 3747 1628 3782 arse
1645 3735 1768 3784 hominum

123 3813 126 3818 ⁵
174 3829 317 3879 constitutio
330 3828 435 3892 ainguiaa
448 3841 546 3892 quoque
555 3830 634 3892 partes
645 3830 747 3888 ornarit,
765 3830 791 3878 et
801 3828 949 3890 ainguiorum
994 3823 1102 3872 ordinem
1119 3823 1211 3883 publiea
1223 3821 1316 3884 negotia
1327 3823 1413 3870 mentia
1424 3821 1447 3870 vi
1459 3821 1606 3884 gerentium,
1618 3823 1718 3872 aiterum
1730 3823 1766 3872 ri·

174 3919 318 3968 constitutio
331 3921 406 3967 totarn
422 3918 506 3967 mundi
521 3931 659 3982 compagem
679 3920 703 3969 et
720 3931 801 3968 reruni
814 3917 951 3966 unireraiia·
995 3925 1076 3960 rorum
1087 3910 1298 3972 tortium,teriiurn
1306 3922 1389 3959 eurum
1400 3909 1441 3971 qui
1453 3909 1768 3972 mautoeaaariraexpieudo

172 4005 347 4055 tenahaoirit
385 4007 439 4055 tion
453 4005 486 4054 ita
505 4006 672 4067 misequitur,
694 4005 753 4067 quia
766 4007 845 4055 toturn
862 4000 965 4054 natura'
994 4013 1023 4049 ao
1034 3997 1208 4061 suppeditando
1219 3997 1309 4047 civitati
1320 3999 1427 4059 prosunt.
1460 3997 1651 4070 Nomiuoauie‘m
1664 3999 1768 4060 primurn

175 4093 243 4155 priua
254 4099 291 4143 eat
300 4098 382 4156 parte,
393 4106 442 4143 nou
455 4107 510 4155 para
522 4096 584 4143 toto.
596 4093 694 4144 sienim
706 4093 868 4143 munduanon
877 4093 949 4153 aaaet,
994 4086 1090 4150 quidem
1100 4086 1209 4136 ordinem
1222 4085 1398 4145 consiliarium,
1409 4085 1538 4134 urcundum
1550 4086 1702 4144 auxiliarem,
1717 4089 1767 4136 ter·

175 4195 222 4233 nec
237 4183 289 4243 aui,
304 4194 348 4231 neo
362 4164 545 4243 iuua,ueuvei
560 4185 664 4231 orantes
679 4181 860 4230 retinerraniea
874 4183 950 4228 ernia-
994 4178 1055 4224 tium
1075 4176 1218 4237 operarium.
1250 4177 1280 4224 lii
1294 4173 1383 4236 priores
1400 4173 1460 4222 duos
1473 4173 1580 4235 proprior
1597 4187 1650 4223 esse
1667 4173 1769 4222 dicimus

173 4273 229 4320 rent
241 4269 329 4330 stetiae3
341 4269 430 4319 mundo
448 4281 507 4318 vero
521 4273 660 4331 procreato,
678 4269 768 4318 horum
786 4281 883 4330 quoque
903 4267 950 4315 ain·
995 4265 1067 4312 vitam
1088 4263 1184 4312 liberum
1208 4261 1355 4323 degentium,
1376 4262 1472 4311 tertium
1495 4274 1551 4310 vero
1572 4261 1661 4309 vicium
1685 4261 1765 4310 iaborn

173 4356 231 4418 guia
246 4359 384 4404 cernuntur.
432 4356 485 4405 iioc
500 4357 573 4404 eiiam
594 4357 618 4404 in
642 4355 692 4417 ipaa
707 4355 845 4403 animalium
866 4357 950 4402 natura
994 4351 1203 4412 quaerentium;et
1214 4349 1376 4398 consiliarium
1390 4351 1483 4412 quidem
1497 4349 1615 4410 optimum
1629 4359 1767 4410 esae,ope·

173 4442 332 4492 animadverti
347 4445 431 4505 puteat.
442 4443 559 4493 Videiioet
569 4444 589 4492 ai
600 4457 649 4492 nou
659 4443 688 4492 sit
697 4442 950 4503 unimaiunnoouina,
994 4439 1083 4486 rnrium
1095 4439 1235 4487 deteriorem
1243 4474 1249 4500 ,
1257 4439 1393 4487 auxiliarem
1405 4437 1517 4487 medium.
1529 4436 1593 4486 'item
1605 4436 1766 4486 consiliarium

174 4544 223 4579 non
233 4544 396 4592 os,neeaures
405 4533 490 4590 eruni;
503 4534 528 4581 at
539 4532 560 4580 ri
577 4533 607 4580 ait
621 4531 719 4592 animai,
735 4531 787 4580 ineo
797 4541 891 4592 quoque
902 4529 949 4577 aiu-
994 4525 1110 4588 imperare
1131 4529 1236 4589 oportet,
1249 4527 1383 4588 operarium
1397 4529 1492 4588 parere,
1507 4525 1647 4574 auxiliarem
1671 4531 1765 4573 utrum·

86 4621 112 4666 .'
174 4619 230 4680 guia
240 4621 385 4679 rumperent
395 4621 461 4668 Sicut
471 4631 543 4681 porro
554 4619 669 4688 totunm
678 4597 780 4679 purtem',
792 4618 903 4666 itaetiam
912 4618 950 4665 to·
994 4626 1049 4674 que.
1082 4615 1233 4662 consiiiarius
1245 4614 1308 4662 enim
1321 4612 1379 4676 qnid
1394 4613 1510 4675 agendum
1523 4612 1554 4660 rit
1565 4612 1631 4674 priua
1642 4612 1763 4663 oousniit:

173 4705 346 4754 tiuaririnsad
357 4707 430 4767 partia
438 4706 550 4754 uirtutem
557 4704 666 4754 aeirabet.
674 4705 784 4754 domnini
792 4705 915 4753 harmonia
924 4706 949 4752 et
994 4707 1018 4749 ui
1031 4701 1166 4760 auxiliaria,
1178 4701 1236 4750 dum
1250 4703 1395 4764 propugnat,
1415 4706 1488 4750 totam
1504 4700 1634 4761 operariam
1655 4702 1765 4751 inuititu-

177 4792 325 4851 prouidentia
332 4791 413 4841 dirina
424 4791 529 4840 mundus
538 4795 667 4853 regeretur,
676 4806 723 4841 non
734 4794 828 4854 possent
837 4790 950 4851 amptius,
993 4789 1074 4839 dinem
1097 4791 1171 4850 regin
1188 4792 1306 4852 qnnienue
1327 4791 1407 4838 autem
1423 4791 1444 4836 ei
1466 4788 1650 4850 praeaeribuntur
1667 4789 1765 4839 consilia

79 4862 91 4877 ’
176 4893 232 4941 qun
242 4879 372 4928 constituta
383 4882 448 4938 aunt,
469 4881 493 4928 in
513 4881 576 4928 statu
588 4893 633 4928 suo
646 4892 802 4942 permanere:
820 4879 871 4928 aine
886 4882 950 4929 reeta
994 4878 1091 4939 regitur.
1123 4878 1205 4926 Trium
1219 4882 1299 4925 autem
1316 4877 1402 4925 horum
1423 4875 1534 4925 ordinum
1550 4877 1764 4940 ainguiirurauain

177 4969 256 5029 tegunt
268 4968 291 5015 in
304 4967 400 5016 ciuitate
409 4967 580 5016 constitutione
592 4980 663 5016 nenio
679 4969 759 5029 posset
769 4979 821 5016 eaae
833 4967 894 5016 civia
909 4968 949 5016 rei
993 4968 1043 5014 tres
1058 4972 1135 5027 purius
1145 4963 1292 5013 dividuntur.
1325 4963 1459 5013 consiliarii
1469 4963 1531 5012 euim
1544 4977 1597 5028 pira
1609 4965 1718 5028 quiedam
1727 4969 1764 5015 ert

175 5055 255 5105 bonus
268 5055 306 5104 rei
318 5055 402 5105 beatus
418 5073 425 5104 ι
440 5055 492 5104 eine
506 5055 615 5105 animatia
630 5056 731 5105 sanitate
747 5067 796 5103 non
813 5057 894 5116 poaaet
905 5067 950 5104 ner.
994 5065 1094 5115 praesea,
1109 5052 1154 5100 alia
1169 5052 1269 5113 rectrix,
1281 5051 1326 5100 aiia
1342 5051 1458 5102 amatoria
1471 5052 1507 5102 rei
1520 5051 1544 5101 in
1563 5065 1690 5103 oummunu
1706 5066 1762 5102 oon·

174 5157 219 5205 poa
229 5156 274 5193 nec
284 5153 369 5193 manua
378 5143 469 5194 ruboriu
480 5145 504 5192 et
523 5143 592 5194 booae
602 5143 744 5193 valetudinis
756 5155 807 5194 ease
822 5143 947 5205 particeps.
994 5143 1073 5191 suiens
1087 5159 1092 5172 ·
1105 5153 1192 5203 pruses
1204 5140 1299 5203 quidem
1316 5153 1370 5203 qum
1381 5141 1445 5204 prior
1457 5140 1559 5192 oonaidit
1569 5154 1598 5192 ae
1609 5141 1722 5192 deiiberat
1733 5140 1765 5189 de
