3959 5925
605 386 615 403 '
698 409 866 472 mnousr
887 403 1139 467 nnnunnnns.
1228 462 1232 469 ,
1661 402 1716 455 ars

126 550 202 639 έοέἷε
222 558 271 636 οὐχ
291 554 361 620 ὅπως
379 548 454 617 αὖτθς
477 547 637 623 ἐθαυμάζετο
659 546 673 601 ὁ
693 541 822 621 ἐραστής,
843 541 902 599 ἀλλ’
946 534 1093 604 καθέζοιντο
1105 536 1131 591 ἐν
1146 534 1183 610 τῷ
1198 530 1327 610 Ὀλύμπῳ
1341 528 1409 607 μετὰ
1421 534 1472 587 τῶν
1486 530 1601 600 ποιητῶν
1612 524 1631 600 ¹,
1645 527 1671 586 ἐν
1686 531 1731 601 τὴ·Δ

125 623 176 720 ἤδη
196 644 241 704 καὶ
255 648 271 715 ἡ
286 644 338 700 τῶν
352 636 493 710 Ἀθηναίων
507 634 596 711 πολις,
610 634 651 690 ότι
665 629 732 707 μόνη
755 627 902 711 τραγῳδοὺς
946 627 990 680 τοῦ
1002 620 1063 687 Διὸς
1073 621 1149 695 αὐλῇ.
1170 622 1262 679 Ταῦτα
1275 617 1325 697 γδιρ
1334 616 1405 693 λίγει
1416 620 1430 675 θ
1442 619 1469 675 ἐν
1481 619 1588 695 Δελφοῖς
1599 616 1720 689 ποιητής.

127 736 244 813 ἤνεγκεν.
284 731 320 790 Εἰ
334 726 381 805 μίν
394 716 439 784 oio
453 728 468 783 θ
482 723 572 804 κρότος
584 718 672 785 ἱκανὸς
684 716 775 796 κριτὴς
786 716 832 775 καί
844 720 862 787 ἡ
875 718 902 775 ἐν
947 709 1021 789 Φέρε
1037 707 1083 767 καί
1097 706 1145 787 τὴν
1161 705 1279 787 Ὁμήρου
1298 710 1343 763 τοῦ
1361 704 1450 763 ἐλόίου
1470 704 1567 780 ίδωμεν
1580 703 1721 784 ἐρώτησιν,

127 822 268 902 άκροπόλει
279 816 413 897 τράπεζα,
425 810 497 872 οὐδὲν
514 809 552 869 ἔτι
565 806 649 885 λέγω,
662 805 766 883 βλέπων
780 807 806 863 ἐν
820 806 902 883 ἐκρο-
948 797 981 867 ἣν
1003 796 1046 853 τὸν
1068 794 1125 853 θεὸν
1146 796 1244 873 ἐρωτᾷ·
1258 784 1276 865 ἦ
1290 816 1341 852 που
1363 792 1415 871 γάρ
1437 814 1476 857 τις
1498 790 1605 869 οὐρανία
1620 782 1662 863 ἦν,
1677 790 1723 848 κάλ

127 913 201 969 πόλει
226 909 377 967 δειπνοῦντα
396 902 440 959 τὸν
460 897 614 977 Εὐριπίδην,
634 894 679 953 καί
699 894 742 953 τόν
762 893 903 966 Ἀθηναίων
947 882 1026 953 ἱκανὴ
1043 883 1085 942 τὸν
1097 880 1153 940 θεὸν
1174 880 1379 940 ἐκκαλέσασθαι·
1390 880 1421 937 οὐ
1434 877 1485 957 γάρ
1500 878 1532 936 ἂν
1548 878 1615 938 οὕτω
1628 877 1724 959 ρφδίως

129 1000 186 1074 ἅμα
199 994 244 1056 καί
256 993 299 1053 τόν
313 989 472 1053 Μακεδόνων
488 987 569 1061 δῆμον
581 985 770 1063 ἐπιψοφοῦντα·
784 981 807 1038 cl
821 978 906 1038 direci
948 975 962 1030 ὁ
983 973 1039 1039 θεὸς
1058 970 1146 1031 όλόιον
1162 971 1208 1048 μὲν
1222 968 1395 1049 ἐπεφώνησεν,
1407 968 1451 1027 ἐπὶ
1466 968 1493 1027 δέ
1506 966 1634 1049 τῷόλόίιρ
1649 969 1724 1048 ῥῆσιν

130 1086 192 1166 δίχα
206 1082 304 1144 τούτων
319 1078 374 1139 ἐστί
385 1101 423 1144 τις
435 1074 480 1133 καί
491 1076 555 1131 θεῶν
567 1074 665 1150 ψῆφος,
679 1067 725 1127 καί
735 1066 803 1137 αθτη
813 1064 905 1137 πιστή,
949 1059 1075 1135 ἀπένειμε
1085 1078 1092 1092 ·

128 1172 174 1231 καί
188 1173 237 1249 οὔχ
248 1169 333 1240 ἥττων
343 1168 390 1236 τῆς
401 1166 452 1220 τῶν
465 1159 608 1240 τυράννων,
618 1154 677 1215 οὐδὲ
687 1160 734 1226 τῆς
743 1158 795 1213 τῶν
807 1153 904 1232 όχλων,

130 1260 209 1340 φέρε,
232 1256 331 1337 φράσον
356 1256 434 1331 ἡμῖν,
457 1247 501 1309 ἐπὶ
525 1248 575 1307 τίνι
598 1248 650 1304 τῶν
672 1247 760 1321 καλῶν
779 1240 906 1321 ἠνέγκατε

130 1350 203 1423 ὑμεῖς
215 1347 239 1404 oi
253 1343 306 1403 θεοὶ
319 1341 368 1412 τὴν
378 1338 444 1418 ὑπὲρ
455 1342 500 1397 τοῦ
512 1334 653 1415 Εὐριπίδου
666 1336 762 1413 ψῆφον,
771 1331 815 1390 ἵνα
828 1326 907 1389 σπεί-

131 1456 217 1510 σωμεν
241 1432 285 1490 καί
309 1428 440 1505 δεόνξωμεν
464 1424 509 1484 τόν
531 1422 638 1502 οὐρανὸν
661 1419 730 1481 κατὰ
752 1419 836 1485 πόδας
855 1420 907 1475 τῶν

131 1520 263 1597 ὑμετέρων
287 1516 412 1575 ἐπαίνων.
453 1516 495 1575 od
520 1512 571 1588 γάρ
602 1512 634 1583 δὴ
657 1511 704 1569 οὔκ
727 1511 776 1567 εἰσι
796 1507 841 1566 καί
863 1513 908 1565 νῦν

132 1612 229 1685 ἕτοιμοι
243 1605 428 1686 κωμῳδεῖσθαι
436 1602 482 1661 καί
494 1600 607 1662 Σαόαῖοι
618 1600 663 1658 καί
678 1596 833 1675 Λυκάμθαι,
845 1594 909 1675 πρὸς

133 1696 160 1755 δέ
175 1720 206 1773 γε
219 1694 250 1752 τθ
263 1694 453 1773 τραγῳδεῐσθαι
466 1692 513 1748 οὐκ
526 1686 559 1748 δν
573 1686 631 1746 obit
644 1694 688 1745 νῦν
704 1683 808 1757 ἐνσταίη
825 1683 910 1743 odet
953 1686 1043 1745 Δεινὸν
1057 1685 1125 1765 γάρ,
1139 1676 1161 1749 ὦ
1176 1684 1309 1765 σοφώτατε
1324 1686 1435 1763 ἀνδρῶν,
1451 1686 1551 1762 μᾶλλον
1571 1682 1598 1741 δέ
1613 1685 1690 1757 θεῶν,
1708 1686 1730 1740 sl

133 1780 335 1853 Θυέστης,οίιτε
349 1784 363 1838 θ
376 1779 516 1851 Οἰδίπους,
525 1774 585 1835 οὔτε
598 1780 613 1834 ό
627 1774 721 1840 Φινεθς
736 1776 845 1838 ἐκεῖνος·
857 1770 909 1830 οὐδ’
957 1774 1024 1852 μήτε
1038 1774 1103 1837 ὅπου
1116 1778 1162 1845 τῆς
1176 1777 1223 1851 γῆς
1235 1772 1333 1852 ittuope
1347 1777 1394 1844 ,ἧς
1408 1772 1505 1851 μητρὸς
1526 1771 1603 1843 Εἶδες,
1624 1768 1730 1842 ὄφεως,

134 1868 177 1942 ἄν»
191 1861 281 1945 ditm,
295 1866 449 1949 φθιιιιίιιιιιι
463 1864 547 1924 ιῦδιιέ
567 1866 734 1939 ἐπιθυμοῦντι
757 1860 844 1942 φιλίαι
863 1862 910 1929 ibt
956 1863 1024 1939 μήτε
1034 1861 1098 1923 ὅπου
1111 1861 1264 1939 καταμόσας
1272 1861 1395 1920 κείσεται.
1410 1858 1482 1938 Ἐγὼ
1497 1858 1524 1917 δέ
1538 1858 1583 1917 καὶ
1594 1858 1668 1941 ᾤμην
1678 1858 1731 1917 ίσον

134 1961 185 2015 τῶν
200 1960 272 2016 θεῶν·
289 1955 356 2014 ἀλλὰ
375 1953 420 2013 καί
435 1951 509 2012 αὐτοὶ
523 1950 554 2009 ἄν
570 1974 615 2027 μοι
630 1951 748 2008 δοκοῦσιν
765 1950 873 2024 ἐκεῖνοι,
887 1946 911 2003 εἰ
955 1940 1038 2026 εἶναι,
1052 1946 1178 2028 Ὅμηρόν
1187 1972 1215 2007 τε
1225 1949 1286 2007 ὄντα
1297 1948 1356 2029 περί
1366 1945 1464 2006 τούτων
1474 1946 1609 2026 προσιέναι
1619 1950 1658 2026 τῷ
1670 1948 1731 2027 θεῷ,

134 2044 288 2118 ἤσθοντοότι
297 2042 381 2103 έσοιτό
389 2066 428 2109 τις
436 2039 660 2121 Εθριπίδης,άνὴρ
672 2038 715 2099 ἐπὶ
724 2040 762 2116 τῷ
773 2033 911 2095 διασκευά·
956 2036 1001 2095 καί
1025 2036 1071 2095 ἕνα
1096 2040 1146 2095 τῶν
1168 2036 1313 2116 κανθάρων,
1332 2036 1376 2095 καί
1389 2034 1434 2093 τὸν
1457 2034 1512 2094 θεὸν
1528 2032 1565 2111 μὴ
1581 2035 1680 2109 μᾶλλον
1702 2028 1733 2090 ἂν

135 2113 180 2191 σαι
190 2132 281 2198 αὐτοὺς
291 2130 426 2211 γενόμενος
436 2128 564 2208 θεοφιλής,
572 2129 704 2205 άμελῆσαι
719 2124 750 2183 ἂν
758 2128 810 2183 τῶν
823 2126 910 2182 κακῶν
957 2121 1071 2203 Ὁμήρῳ
1094 2122 1280 2203 ἀφηγήσασθαι
1302 2122 1371 2202 περὶ,
1382 2120 1504 2181 τοιούτων
1526 2120 1700 2201 ἀγνοημάτων
1717 2120 1734 2190 ἦ

134 2218 252 2296 ἐκείνων,
267 2217 313 2277 καί
327 2219 374 2276 οὐκ
389 2214 433 2273 ἐπὶ
450 2216 480 2274 τὸ
493 2211 650 2295 κρείττοναι
664 2218 776 2293 φρονεῖν,
793 2207 852 2268 ἀλλ’
867 2209 911 2267 ἐπὶ
956 2211 1088 2291 κανθάρῳ.
1132 2202 1196 2271 Οἶον
1220 2214 1243 2269 εἷ
1264 2208 1309 2269 καί
1329 2210 1454 2290 κάνθαρός
1476 2233 1514 2277 τις
1536 2210 1666 2288 γεννηθεὶς
1690 2211 1735 2269 οὐχ

136 2306 166 2365 ab
181 2315 343 2387 μετροποιεῑν
356 2303 516 2383 τραπέσθαι·
526 2301 572 2361 καὶ
586 2303 636 2357 τῶν
651 2299 796 2379 ἔμπροσθεν
813 2297 911 2376 ἀνθρώ·
959 2296 1094 2357 ἐνεόίωαεν
1109 2298 1162 2356 οὐδ’
1177 2296 1333 2378 ἐνεγόρασεν
1354 2300 1380 2355 ἐν
1396 2296 1482 2377 ἐκείνη
1496 2301 1529 2377 τῇ
1545 2298 1662 2378 κοπρίφ,
1678 2296 1735 2355 ἀλλ’

136 2417 192 2451 πων
216 2397 239 2452 εἰ
261 2392 295 2451 τέ
319 2390 436 2468 ὀνόματα
459 2390 536 2466 όγκσυ
562 2388 652 2466 πλήρη
674 2386 777 2459 ἤκουον,
798 2389 913 2464 χρῆσθαι
960 2388 1046 2466 ἐχθρῷ
1057 2385 1145 2466 άθέμῳ
1155 2386 1356 2466 περείτυχε,καὶ
1365 2383 1608 2463 κανθαρίῳδαίμονι
1620 2385 1736 2465 σκληρῷ,
1794 2434 1800 2443 ,

991 1198 1113 1278 Πατρίθα
1129 1198 1229 1268 δίζηαι·
1242 1196 1335 1277 μητρὶς
1351 1196 1379 1254 δέ
1392 1218 1449 1268 τοι,
1461 1198 1490 1257 αθ
1502 1192 1597 1274 πατρίς
1611 1197 1666 1253 ἐστι
1676 1196 1706 1228 ⁰²·

990 1287 1094 1353 Μίνωος
1107 1288 1128 1344 δ’
1141 1285 1192 1343 ἀπὸ
1206 1288 1271 1363 γῆς,
1283 1282 1343 1343 οὔτε
1357 1282 1458 1363 σχεδόν,
1468 1282 1521 1342 οὔτ’
1537 1282 1588 1341 ἀπὸ
1600 1283 1697 1357 τηλοῦ,

992 1378 1019 1435 ἐν
1033 1380 1066 1455 τῇ
1081 1397 1122 1433 σοι
1135 1374 1203 1452 μοῖρ’
1216 1373 1271 1432 ἐστὶ
1281 1373 1437 1442 τελευτῆσαι
1450 1369 1562 1448 βιότοιο,
1600 1368 1603 1375 '

991 1457 1044 1523 εὖτ’
1057 1462 1088 1521 ἐν
1099 1462 1150 1520 ἀπὸ
1163 1454 1283 1537 γλώσσης
1292 1459 1393 1517 παίδων
1406 1457 1466 1537 (μὴ)
1480 1462 1546 1537 γνῷς
1556 1454 1726 1534 (ἐπακούσας)

993 1548 1112 1618 άξθνετον
1127 1550 1246 1607 πολλοῖσι
1259 1546 1344 1626 λόγοις
1356 1546 1490 1625 εἰρημένον
1509 1543 1621 1623 (ὕμνον).

135 2481 234 2547 τούτοις
245 2482 279 2546 είς
289 2478 335 2551 τὴν
345 2478 408 2559 πρὸς
417 2478 461 2537 τόν
471 2476 580 2557 οὐρανόν
590 2473 786 2555 θδοιπορίαν,ίν’
798 2472 913 2539 ἐλθόντες
960 2472 987 2540 tr
1001 2472 1079 2531 αὐτὸν
1091 2472 1220 2553 μετέωρον
1233 2472 1297 2553 άρας
1309 2472 1354 2552 βίσρ
1368 2472 1512 2548 ἀπήνεγκεν
1527 2472 1570 2530 ἐπί
1584 2495 1642 2532 τινα
1655 2471 1737 2543 ἄλλην
1845 2545 1847 2554 Ι

133 2650 161 2697 et
171 2659 231 2695 voce
244 2658 342 2709 prorsus
355 2643 480 2706 indignum
500 2642 604 2705 putasti,
614 2641 657 2703 qui
669 2641 747 2689 rirnm
765 2637 914 2701 usqueadeo
960 2638 1033 2687 etiam
1047 2650 1077 2687 ne
1091 2637 1124 2686 illi
1136 2638 1243 2700 quidem,
1256 2638 1349 2699 opinor,
1360 2636 1498 2686 mortalium
1512 2636 1553 2685 ulli
1569 2637 1668 2686 deorum
1678 2636 1736 2685 ami·
1807 2632 1809 2639 '

136 2735 244 2784 vocalem
259 2732 420 2782 interfecerat.
455 2732 575 2790 ttrgooec
588 2728 685 2787 injustae
703 2724 915 2788 luerunt,qoibos
959 2726 1041 2775 citiam
1053 2725 1173 2787 expetenti
1191 2724 1445 2773 invidissentsimosi
1462 2723 1581 2784 quendam
1595 2724 1652 2773 olim
1666 2724 1735 2774 linri-

136 2823 246 2874 nrcbiam
257 2820 437 2882 insequebatur,
449 2818 532 2878 minae,
544 2829 590 2867 nec
603 2816 740 2878 importuna
754 2814 851 2877 Pythis,
861 2828 915 2877 quas
960 2812 1039 2876 pidem
1051 2812 1158 2862 loturum
1170 2812 1285 2875 suspicari
1298 2812 1419 2873 licuisset,
1429 2812 1470 2873 qui
1484 2812 1607 2862 exornatis
1619 2811 1690 2862 rebus
1701 2811 1738 2861 di·

136 2916 162 2962 et
183 2908 352 2959 Archilochum
372 2904 537 2971 jampridem
563 2904 684 2953 mortuom
704 2902 871 2965 ulcisceretur,
890 2906 916 2952 et
960 2901 1024 2950 vinis
1043 2900 1143 2950 deornm
1169 2899 1359 2950 benevolentiam
1382 2898 1427 2949 sibi
1452 2898 1601 2963 conciliaret,
1623 2900 1672 2949 suis
1695 2900 1737 2961 ipsi

137 2998 228 3060 templo
247 2995 363 3045 excedere
382 2991 498 3042 netarium
519 2990 643 3040 bominem
664 2989 759 3052 iuberet
764 3006 772 3051 ς
796 2989 915 3052 siqnidem
960 2992 1091 3042 sceleribus
1103 2992 1289 3054 abstinuissent,
1304 3005 1348 3042 nec
1359 2991 1390 3041 ad
1400 2992 1494 3041 saniora
1506 3005 1559 3043 sese
1572 2991 1683 3056 mosibo,
1696 2993 1739 3043 sed

136 3087 262 3136 Musarum
276 3082 394 3132 cultorem
409 3079 536 3128 occiderat.
568 3082 721 3140 &ponsque
738 3077 797 3127 mibi
812 3076 917 3127 absorde
960 3079 991 3128 ad
1010 3079 1148 3130 scribendos
1161 3091 1244 3130 sersus
1258 3079 1424 3129 contulissent.
1458 3081 1525 3129 ltasi
1541 3092 1597 3142 qum
1614 3080 1674 3130 torte
1695 3081 1739 3130 bo·

139 3173 217 3221 lacera
229 3170 295 3219 risus
308 3166 540 3228 es,dumtepoetra
550 3164 670 3214 vindicem
682 3163 824 3227 prestitisti.
855 3167 916 3214 Nam
961 3162 1197 3230 mirinm'snperioris
1215 3168 1261 3218 erl
1275 3168 1376 3217 nomina
1393 3167 1513 3230 superbie
1533 3169 1657 3232 laetusque
1670 3169 1739 3232 plena

138 3262 165 3310 ct
176 3258 274 3308 alterius
287 3257 365 3324 poelae
383 3255 407 3304 et
425 3265 547 3302 sacrarum
562 3250 682 3314 Euripidis
698 3264 841 3302 coronarum
858 3251 915 3300 mibi
961 3255 1109 3318 audiissent,
1124 3257 1152 3305 iis
1170 3269 1266 3318 quoqsrs
1286 3256 1435 3306 celebrandis
1457 3255 1521 3306 viam
1542 3257 1588 3306 sibl
1606 3257 1630 3306 in
1649 3257 1738 3309 omium

138 3348 164 3396 ln
181 3347 286 3395 ιιιειιιθῐιι
300 3342 382 3402 Vtilis
394 3342 451 3390 Ιῑιιιί
462 3339 582 3389 diffinisti
595 3341 620 3389 ιιῑ
631 3338 714 3388 audire
734 3339 853 3400 ιιιίιέιιιῦ,
867 3351 916 3387 ιιιιιι
962 3345 1055 3396 munire
1073 3346 1217 3408 noluissent,
1232 3347 1260 3396 nt
1280 3359 1309 3396 eo
1328 3346 1426 3396 demum
1449 3347 1520 3397 delati
1542 3361 1597 3396 cum
1620 3349 1695 3411 poctls
1713 3349 1737 3397 in

139 3445 195 3482 enm
206 3432 345 3480 οοιοοειιιιιι
357 3440 411 3478 osae
418 3425 529 3488 ,εοθειιι
540 3438 616 3476 οιιῐιιι
626 3427 677 3488 01⁰⁸
685 3437 782 3474 ῦιιῐιιιιιθ
790 3423 916 3474 dimitti:
961 3434 1065 3497 Olympo
1085 3435 1157 3494 atque
1170 3437 1194 3481 ln
1208 3434 1259 3494 ipsa
1276 3434 1344 3483 toris
1361 3433 1415 3482 sula
1437 3432 1596 3483 considerent.
1629 3437 1739 3498 Namque

142 3515 417 3579 nequeacquisitamab
433 3514 574 3576 coelorum
589 3526 657 3575 ιιιιι,
674 3512 716 3562 sed
732 3526 775 3562 cur
791 3512 917 3575 lllttlorla
963 3520 1016 3570 brec
1030 3520 1160 3581 belpnicus
1175 3518 1383 3582 ratesaliquando
1397 3519 1491 3569 cecinit.
1526 3522 1580 3568 tam
1601 3533 1649 3582 qua
1667 3521 1739 3571 dere

137 3620 232 3657 summa
252 3607 392 3669 appelletur.
424 3603 655 3672 Nimirum‘bomini
677 3595 749 3652 turba
771 3602 916 3666 plaudebat,
962 3608 1034 3656 etiam
1058 3608 1174 3656 tlomerus
1198 3606 1238 3655 ille
1260 3606 1342 3656 beatus
1363 3605 1435 3655 derrm
1458 3606 1583 3665 consulat,
1606 3605 1737 3658 videamus.

140 3708 213 3755 quam
232 3707 282 3742 rem
303 3693 451 3754 compertam
472 3691 562 3751 babeo,
583 3690 690 3752 tyrannis
712 3689 776 3738 idem
795 3690 917 3752 placebat,
962 3696 1071 3746 caelestis
1092 3695 1196 3756 protecto
1217 3705 1253 3743 res
1276 3693 1320 3743 tuit
1340 3694 1412 3755 atque
1430 3693 1459 3742 ad
1479 3691 1628 3742 evocandum
1648 3707 1738 3747 numen

141 3785 205 3846 quod
221 3783 319 3833 minime
333 3783 431 3844 ignom,
449 3785 520 3842 atque
532 3780 604 3830 etiarn
623 3783 701 3828 artem
714 3779 849 3840 lectitabat,
864 3793 918 3841 quse
962 3783 1047 3832 idonea
1061 3801 1067 3830 ι
1080 3781 1167 3842 alioqui
1186 3793 1309 3843 nunquam
1329 3780 1387 3830 dens
1408 3793 1463 3829 eum
1479 3781 1528 3830 tam
1546 3780 1616 3832 tasilo
1641 3781 1738 3833 beatum

138 3871 255 3933 eiusmodi
270 3873 338 3928 crat,
348 3869 376 3918 nt
388 3879 438 3917 non
451 3866 523 3917 modo
539 3868 631 3914 amator
644 3867 709 3929 ejus,
720 3878 803 3915 rerum
818 3868 917 3916 Athenas
963 3870 1126 3932 praedicasset,
1139 3869 1208 3929 eique
1227 3869 1343 3930 tanquam
1357 3868 1426 3917 beato
1438 3867 1485 3918 boc
1497 3882 1640 3932 responsum
1659 3870 1738 3922 reddi-

139 3973 236 4021 quoquc
249 3959 307 4020 ipsae
325 3957 349 4004 in
367 3967 453 4016 magna
474 3954 557 4003 essent
571 3951 744 4013 admiratione,
760 3955 843 4016 utpote
862 3966 918 4017 quas
962 3958 1051 4016 disset,

140 4049 198 4095 solas
221 4045 337 4106 tragoedos
359 4041 476 4092 tulissent.
511 4039 537 4090 si
557 4039 629 4101 igitur
648 4039 748 4089 relicte
766 4040 865 4102 plausus
880 4041 917 4091 rel

144 4136 266 4182 ansbucta
279 4130 304 4178 in
316 4141 370 4178 arce
383 4139 465 4177 mensa
476 4125 554 4176 idonci
565 4127 622 4175 sunt
633 4127 657 4174 io
666 4124 713 4175 boc
722 4138 808 4187 genere
821 4127 917 4187 arbitri,

141 4218 199 4268 nibli
208 4217 261 4266 dioc
270 4216 389 4279 amplius;
401 4215 451 4264 scio
463 4213 528 4265 enim
541 4217 593 4262 lom
604 4214 629 4262 io
637 4225 693 4262 arce
701 4225 810 4262 cranassc
821 4212 918 4275 Euripi-

142 4306 212 4366 dem,
234 4306 288 4353 tum
312 4303 382 4351 simul
403 4300 630 4352 Atheniensium'et
650 4299 810 4349 Macedonum
832 4300 917 4363 plausu

138 4396 269 4454 exceptum
279 4403 339 4440 esse.
372 4389 507 4438 sinautem
520 4387 617 4450 aliquod
629 4390 745 4450 praeterea
758 4388 857 4438 deorum
871 4389 919 4437 sut·

143 4479 244 4541 fragium
263 4477 403 4537 accesserit,
423 4475 489 4537 quod
512 4475 558 4525 tide
578 4475 676 4536 dignum
696 4488 742 4524 nec
762 4455 918 4538 t'yrcnnorum

138 4567 227 4616 saltem
235 4564 442 4616 autmultitudinis
451 4563 565 4625 opinione
573 4563 805 4624 lerimcssedebeat‚
816 4565 918 4627 agedum
963 4561 1089 4624 indignum
1109 4564 1197 4612 scilicet
1209 4563 1369 4626 ridebatur,o
1384 4563 1504 4624 virorum,
1517 4561 1565 4610 lmo
1581 4560 1681 4612 deosum
1701 4575 1739 4612 sa·

143 4666 238 4716 expone
261 4652 345 4715 nobis,
357 4664 404 4714 qus
425 4651 512 4700 virtute
531 4650 658 4712 Euripides
681 4650 919 4701 bonorificentissime
965 4653 1127 4715 pientissima,
1147 4653 1188 4702 ubi
1207 4657 1323 4704 terrarum
1342 4653 1426 4703 bsatm
1449 4651 1495 4702 iste
1515 4652 1667 4706 maternam
1686 4651 1741 4702 slro

144 4742 245 4790 deorum
257 4740 324 4790 dese
335 4739 425 4800 judicia
442 4740 585 4788 consecutus
597 4738 641 4795 sit,
652 4739 679 4787 ut
690 4739 781 4800 magnis
795 4738 819 4787 in
832 4741 919 4789 caelum
963 4740 1112 4800 exsiluisset,
1132 4743 1174 4790 aut
1194 4741 1234 4790 ubi
1253 4743 1351 4792 denum
1373 4741 1481 4790 tuturum
1505 4744 1581 4800 esset,
1605 4740 1632 4789 ut
1655 4737 1741 4790 clausis

146 4829 257 4890 passibus
271 4841 314 4890 per
324 4827 441 4888 impressa
451 4826 539 4875 vestris
549 4826 619 4887 quasi
632 4825 745 4876 laudibus
754 4828 853 4888 vestigio
864 4840 919 4876 con·
965 4828 1043 4874 usorte
1051 4826 1127 4875 oculis
1133 4827 1236 4889 jaceret,
1247 4823 1363 4888 ignorare.
1396 4827 1454 4876 uini
1464 4839 1530 4888 vero,
1539 4826 1741 4888 quemadmodum

145 4916 280 4964 tendamus.
313 4915 373 4964 llam
392 4925 471 4975 nequa
489 4912 550 4961 ullos
570 4895 676 4973 amplios
692 4912 739 4962 boc
757 4914 920 4975 temporanei
965 4914 1085 4962 llomerus
1100 4927 1128 4962 ea
1141 4913 1171 4963 de
1185 4926 1210 4962 re
1227 4914 1350 4963 oraculum
1366 4914 1511 4975 consulens,
1532 4913 1645 4964 scarabeo
1664 4915 1739 4978 persi·

146 5001 293 5050 sabaosrel
309 4999 440 5061 Lycambae
455 4998 582 5061 babemus,
597 4998 721 5050 mmoedie
739 4999 828 5049 salibus
845 5000 921 5050 dicte·
965 4999 1044 5062 milis,
1056 4999 1091 5048 sic
1103 4999 1163 5049 deus
1175 5001 1279 5050 llomero
1292 5000 1418 5049 sonaliter
1430 4999 1453 5049 in
1473 5000 1558 5049 barum
1578 5013 1657 5050 rerum
1672 5001 1740 5063 igno·

147 5090 237 5150 riisque
252 5087 407 5150 pungendae,
422 5085 543 5147 nequead
558 5087 679 5148 tragedia
697 5087 838 5149 gravitatem
853 5088 922 5138 nobis
966 5088 1073 5146 ratione,
1095 5099 1167 5150 quam
1190 5087 1302 5137 scarabeo
1326 5087 1420 5136 cuidam
1439 5087 1584 5150 respondere
1605 5087 1672 5142 visos
1693 5090 1739 5139 ast.

146 5178 189 5225 aot
199 5174 315 5236 Thyestes
322 5172 441 5232 occurrit,
451 5175 493 5222 aut
503 5172 621 5234 OEdipus,
631 5173 721 5224 antille
733 5173 845 5224 Phineus.
859 5174 922 5234 erin
967 5174 1067 5224 Perinde
1081 5174 1208 5239 nimirum,
1222 5187 1250 5230 ac
1268 5175 1288 5224 si
1309 5175 1435 5225 scarabeus
1449 5188 1600 5240 nequaquam
1617 5176 1701 5230 eodem
1715 5177 1740 5226 in

995 4090 1030 4135 De
1041 4085 1117 4147 patria
1129 4085 1218 4147 queris
1232 4105 1239 4136 ι
1254 4086 1338 4134 rustris
1351 4085 1409 4144 tibi,
1419 4098 1467 4134 non
1480 4085 1557 4148 patris
1568 4088 1663 4136 exstat:

994 4185 1044 4222 ιειι
1059 4186 1146 4237 ριορο,
1160 4186 1208 4222 non
1220 4173 1302 4223 itidem
1314 4173 1396 4237 procul
1410 4172 1541 4223 aldInolde
1555 4175 1647 4237 terra,·

996 4261 1020 4309 in
1033 4272 1081 4322 qoa
1092 4260 1139 4309 tata
1149 4260 1234 4310 solunt
1244 4262 1269 4310 ta
1279 4260 1335 4309 rite
1345 4259 1460 4321 attingere
1470 4259 1556 4320 linem,

995 4345 1090 4409 quando
1103 4346 1169 4408 quod
1180 4346 1247 4408 pueri
1259 4346 1371 4408 perplexo
1382 4345 1487 4394 carmine
1502 4343 1594 4394 dictum

995 4435 1123 4485 extulerint
1134 4436 1227 4498 linqua,
1239 4440 1264 4484 to
1276 4434 1408 4497 conjectare
1422 4431 1540 4496 nequibis.
