3959 5925
242 431 298 486 lsi

266 555 309 605 Vi.
326 555 363 604 De
376 552 445 604 emto.

266 644 322 693 vit.
336 631 1016 705 Deqoatnorgeneribusanimelium,boeeetetetestlum‚

235 731 384 794 praepetum,
393 729 516 790 nandum,
525 729 684 779 terrenorum.

265 817 333 867 viil.
350 818 386 866 lle
397 818 452 867 ortu
465 815 558 880 generis
570 815 676 866 humani.

264 905 308 955 lx.
325 906 363 954 lle
373 915 459 964 musa,
470 916 514 954 cnr
523 903 650 953 bominum
659 902 767 968 plerique
778 901 826 954 siut
837 903 964 968 sapientes.
975 905 1015 955 elii

233 990 382 1055 insipientes.

264 1080 295 1128 x.
313 1081 349 1128 lle
361 1078 425 1127 risu.

264 1169 306 1218 xl.
322 1171 358 1218 lle
370 1166 522 1230 imaginibus.

264 1257 318 1308 litt.
333 1257 396 1306 Lena
410 1255 514 1305 ridendi.

264 1345 333 1394 iiiii.
350 1345 387 1393 lie
400 1343 469 1393 stira.

264 1433 330 1482 XIV.
347 1433 384 1502 De
396 1433 512 1495 tempore.

263 1516 317 1565 liv.
335 1516 372 1565 De
385 1515 469 1578 primis
486 1514 594 1566 materiis
610 1513 774 1576 silvestribus,
788 1519 812 1566 et
830 1514 1015 1579 proprietatibus

233 1614 327 1653 esrum.

263 1693 327 1742 xiii.
345 1695 381 1742 De
390 1671 501 1742 dirersis¹
506 1692 649 1742 humoribus
661 1705 790 1755 corporum
802 1695 827 1742 et
839 1692 982 1755 phlegmate.

185 1763 189 1768 ¹
263 1782 343 1830 xvii.
359 1783 397 1831 De
409 1779 518 1829 sensibus
529 1779 679 1829 odorationis
690 1781 715 1829 et
726 1781 842 1842 gustatus.

262 1870 353 1918 xviii.
370 1869 406 1917 De
421 1866 529 1917 colorum
543 1867 657 1918 rnriemte
672 1869 697 1918 et
711 1868 867 1918 conversione
886 1881 918 1919 ex
928 1868 975 1918 alio
988 1868 1013 1918 ia

232 1955 320 2015 alium;
334 1967 437 2016 qumque
448 1954 568 2006 coloribus
582 1954 671 2005 similia
684 1957 749 2006 sunt.
802 1953 808 1968 ⁸

170 2083 176 2092 .
264 2043 332 2093 xix.
349 2043 386 2092 De
397 2040 520 2105 principali
534 2042 615 2091 vitalis
626 2042 775 2093 sarbslanttae

262 2133 317 2180 xx.
333 2131 371 2180 De
381 2129 475 2192 anima,
488 2132 514 2189 et
528 2130 636 2193 partibus
649 2130 714 2193 eius,
723 2136 752 2180 et
765 2130 831 2180 locis.

242 2273 248 2282 ,
261 2219 328 2268 xxi.
344 2219 381 2268 De
392 2217 498 2280 corporis
511 2217 641 2280 membris,
652 2219 677 2268 et
685 2218 796 2269 artubus.

262 2308 339 2357 xxtt.
354 2309 390 2356 De
404 2304 541 2355 notionibus
556 2304 705 2356 diversarum
716 2306 830 2368 gentiunt.

261 2396 352 2446 xxm.
371 2395 407 2444 De
419 2392 559 2454 egritumm
572 2393 687 2456 eorporis.
786 2434 788 2437 .

261 2483 349 2532 xxiv.
366 2482 403 2531 De
414 2479 558 2542 aegritudine
569 2479 665 2530 anime.

260 2571 335 2620 xxv.
354 2573 390 2620 lle
406 2569 499 2620 medela
510 2568 635 2631 utriusque
645 2569 761 2620 materire.

261 2659 351 2709 xxvi.
367 2659 404 2708 De
421 2658 534 2708 universo
556 2657 662 2720 mundo,
675 2660 701 2708 et
715 2656 828 2707 omuibus
839 2670 896 2721 qum
908 2658 1013 2708 mundus

231 2745 410 2808 complectitur.

262 2834 364 2884 xxvtt.
381 2835 418 2882 De
437 2830 578 2894 intelligibili
598 2831 653 2882 deo.
686 2833 798 2890 Quorum
818 2833 927 2884 omnium
946 2833 1013 2897 sigil-

230 2921 313 2983 latim,
328 2919 461 2973 secundum
474 2920 583 2971 ordinem
595 2920 661 2982 libri,
672 2921 791 2985 erpomtio
802 2921 852 2974 bet.

261 3010 331 3060 vttl.
348 3012 405 3059 iam
420 3010 448 3058 ut
465 3009 552 3059 doceat
572 3010 656 3059 marndi
676 3022 765 3073 corpus
785 3011 919 3074 perlectum
935 3022 988 3062 essa
1005 3030 1011 3061 t

235 3095 349 3159 (perlecta
361 3108 434 3157 porro
453 3107 555 3158 corpora
574 3097 632 3145 sunl
644 3095 734 3160 solida,
748 3110 803 3160 quae
822 3112 854 3149 ex
866 3097 942 3148 tribus
954 3110 1012 3147 oon-

231 3185 305 3244 stanl,
317 3181 474 3245 longitudine,
486 3182 619 3246 latitudine,
631 3184 806 3247 crassitudine)
816 3186 1011 3249 priusepipedas,

230 3270 278 3320 boc
290 3272 327 3320 eal
341 3270 424 3333 planas
441 3268 544 3333 figuram
558 3284 614 3332 qure
630 3270 803 3334 longitudinem
817 3272 904 3332 medo,
915 3274 940 3322 el
958 3272 1012 3323 latt-

781 419 979 482 euticion
1001 419 1316 483 COMMENTARIUS

1062 568 1172 623 quorum
1180 557 1217 606 eit
1226 567 1283 606 uua
1292 553 1415 606 conditio.
1437 557 1501 607 linis
1510 567 1589 620 porro
1598 555 1703 618 esserto
1714 559 1847 620 membris,

1062 643 1487 708 unumertletquetdemtolum.
1918 629 1921 635 ’

1094 739 1134 786 tlt.
1152 735 1234 786 Utitur
1250 734 1391 796 probatione
1406 732 1564 784 arithmetice.
1596 734 1633 784 stt
1654 745 1711 796 ergo
1726 735 1848 802 descripta

1062 817 1189 882 trigemina
1201 815 1291 880 ligura,
1303 829 1358 879 qum
1372 815 1484 868 ostendat
1497 817 1615 879 quatenus
1630 815 1652 866 si
1666 816 1716 867 duo
1729 817 1847 872 disleuts

1061 919 1100 968 se,
1114 919 1162 956 una
1179 904 1258 954 media
1272 905 1444 956 continuentur
1456 905 1557 967 cognata
1571 905 1744 967 interjectione.
1778 907 1845 969 (vid.

1063 993 1132 1057 tgur.
1144 994 1176 1054 i.)
1187 992 1317 1055 Quadrati,
1331 993 1396 1054 quod
1407 992 1515 1055 principe
1524 990 1579 1042 loco
1589 991 1738 1055 descriptum
1749 999 1803 1058 est,
1817 997 1849 1048 eit

1062 1095 1137 1132 uanum
1147 1082 1209 1131 lama
1218 1082 1243 1132 in
1251 1081 1389 1142 momentis,
1398 1080 1465 1131 rerbi
1475 1079 1670 1141 causa,dnobus.
1703 1081 1848 1136 attentatus

1062 1171 1086 1220 ln
1098 1171 1227 1221 momentis
1244 1169 1331 1219 tribus.
1364 1170 1420 1219 iioc
1432 1171 1588 1231 supputatum
1603 1169 1660 1220 iacit
1674 1182 1756 1220 aream
1773 1173 1847 1223 totius

1061 1258 1161 1322 perlecti
1172 1257 1281 1320 quadrati
1293 1259 1470 1308 momentorum
1480 1269 1533 1320 sex,
1545 1257 1584 1306 bis
1596 1257 1662 1307 enim
1672 1258 1718 1308 tria
1727 1271 1770 1310 sex
1781 1263 1844 1311 suut

1063 1345 1145 1396 Ultimi
1156 1359 1213 1396 vero
1225 1345 1347 1409 quadrati,
1358 1348 1383 1396 el
1397 1345 1508 1395 dblanlis
1524 1345 1616 1408 primo,
1627 1345 1659 1395 sil
1673 1345 1773 1397 demum
1784 1347 1847 1399 lalus

1063 1447 1137 1484 uuum
1157 1438 1334 1494 momentorum
1357 1435 1477 1497 quatuor;
1490 1432 1556 1483 aliud
1578 1433 1649 1494 latus,
1666 1437 1845 1485 momentorum

1061 1536 1104 1572 sex
1118 1544 1124 1573 z
1139 1523 1185 1572 boc
1194 1523 1352 1586 supputatum
1363 1523 1421 1572 lacit
1429 1535 1510 1572 arcem
1521 1522 1607 1586 integri
1617 1508 1728 1584 quadrati
1738 1537 1846 1576 momen·

1061 1613 1141 1660 torum
1154 1611 1236 1672 viginti
1250 1611 1367 1673 quatuor.
1402 1612 1493 1669 Quater
1504 1610 1568 1674 enim
1584 1611 1731 1673 ser,rigiuti
1744 1615 1847 1675 quatuor
1920 1601 1924 1608 '

1062 1704 1126 1750 sunt.
1160 1701 1219 1748 liare
1234 1702 1316 1749 autem
1331 1699 1455 1762 medietas,
1468 1712 1522 1761 qum
1531 1703 1569 1750 est
1581 1698 1606 1748 iu
1621 1698 1762 1764 duodecim,
1773 1705 1797 1753 el
1812 1703 1846 1752 ita

1061 1787 1180 1848 adhaeret,
1193 1789 1221 1836 ut
1232 1787 1333 1849 impulsa
1348 1788 1438 1838 extima
1452 1786 1569 1849 quadrata
1581 1787 1751 1839 continuatum
1764 1789 1845 1840 ridea-

1059 1876 1113 1935 tur;
1126 1876 1269 1936 cognataesl
1281 1875 1388 1926 extimis.
1424 1874 1548 1938 Siquidem
1558 1875 1630 1937 quola
1640 1878 1708 1938 parte
1719 1877 1847 1929 miserest

1059 1962 1123 2022 imo,
1135 1961 1160 2012 id
1175 1965 1213 2012 est
1232 1962 1345 2025 dimidia,
1358 1964 1410 2012 tota
1429 1962 1508 2025 maior
1526 1965 1565 2014 est
1583 1975 1688 2016 summo.
1722 1965 1846 2030 Siquidem

1060 2047 1187 2098 duodecim
1198 2042 1297 2098 dimidia
1312 2049 1507 2113 vigintiquatuor
1516 2063 1571 2114 para
1587 2050 1632 2111 sit;
1640 2064 1736 2102 summa
1748 2067 1845 2104 rursum

1058 2135 1162 2196 quatuor
1177 2137 1202 2184 et
1223 2133 1307 2196 viginti
1321 2134 1400 2196 posita
1420 2135 1520 2196 inimo,
1536 2135 1568 2186 sil
1580 2133 1721 2197 duodecim,
1736 2151 1792 2201 quse
1805 2141 1845 2190 est

1059 2221 1085 2269 in
1095 2220 1184 2281 medio,
1198 2221 1281 2284 dupla.
1314 2223 1481 2272 summellam
1494 2221 1589 2286 medice,
1601 2235 1703 2275 summae
1712 2226 1844 2288 superioris

1058 2306 1131 2370 dupla
1147 2326 1153 2356 :
1167 2307 1206 2358 bis
1219 2320 1260 2358 ser
1273 2307 1355 2370 euim,
1367 2308 1503 2360 duodecim.
1727 2305 1737 2316 '

1089 2397 1119 2444 x.
1130 2397 1169 2445 lta
1179 2395 1332 2445 dimidietstis
1342 2398 1367 2446 et
1378 2395 1545 2460 duplicatione
1556 2399 1694 2462 sociantur;
1706 2401 1731 2450 st
1743 2399 1771 2450 ut
1781 2399 1843 2450 esti·

1060 2495 1155 2532 morum
1167 2483 1284 2546 limitum,
1298 2485 1324 2534 el
1343 2484 1491 2546 medietatis,
1507 2499 1556 2536 una
1571 2479 1704 2551 eademque
1727 2487 1842 2539 conditio.

1059 2569 1140 2626 Quid?
1157 2571 1221 2632 quod
1243 2571 1360 2622 medietas
1382 2573 1414 2623 de
1436 2572 1535 2623 extimis
1557 2573 1680 2624 nascituri
1702 2573 1754 2624 sire
1780 2575 1844 2626 enim

1059 2657 1148 2707 summi
1163 2658 1246 2709 limitis
1262 2661 1381 2713 minorem
1397 2673 1518 2710 summam
1532 2673 1588 2711 cum
1599 2660 1641 2710 imi
1655 2661 1739 2710 limitis
1752 2661 1843 2724 maiore

1059 2757 1155 2795 summa
1168 2746 1375 2809 multiplicavero,
1387 2761 1430 2798 seu
1440 2749 1526 2798 contra
1534 2748 1624 2798 summi
1635 2748 1717 2798 limitis
1726 2748 1843 2810 maiorem

1059 2845 1181 2884 summam
1194 2849 1251 2886 cum
1265 2835 1308 2885 imi
1322 2835 1405 2886 limitis
1418 2837 1510 2888 minore
1529 2837 1669 2899 moralem,
1682 2836 1842 2900 multiplicans

1025 2957 1030 2967 .
1058 2922 1169 2986 utraque,
1182 2923 1278 2975 latoria
1291 2923 1536 2976 nasciturduodecim
1550 2937 1674 2977 numerus.
1706 2927 1766 2975 Tam
1777 2924 1843 2977 enirn

1059 3010 1096 3059 bis
1108 3024 1161 3072 sex,
1173 3025 1246 3075 qnam
1258 3014 1295 3062 ter
1308 3015 1420 3075 quatuor,
1433 2992 1561 3065 duodecim
1577 3014 1644 3065 deut.

1090 3100 1136 3149 xl.
1153 3101 1212 3149 tiuc
1223 3099 1308 3149 eadem
1317 3100 1460 3150 distantium
1469 3114 1484 3149 a
1493 3114 1521 3163 se
1530 3102 1605 3151 duum
1614 3102 1764 3157 continuatio
1772 3102 1842 3152 unius

1058 3186 1183 3247 interjectu
1200 3187 1335 3237 medietatis
1352 3188 1503 3250 geometricis
1521 3190 1593 3239 eliam
1609 3190 1792 3252 probationibus
1804 3204 1840 3241 re·

1058 3272 1157 3322 relelur.
1190 3273 1308 3336 sintorgo
1317 3275 1389 3325 etlam
1398 3288 1464 3326 nunc
1474 3276 1601 3339 descriptae
1610 3277 1702 3339 ligura.
1736 3280 1843 3329 Dussex

229 3358 351 3421 tudinem,
377 3358 469 3409 nullam
493 3370 552 3409 rere
575 3358 761 3422 profunditatem
782 3360 884 3422 habeut,
903 3361 1011 3426 exponit.
1057 3360 1157 3410 adverso
1171 3360 1261 3423 positae
1276 3360 1366 3425 lineas,
1389 3362 1623 3428 parallelogrammus
1641 3366 1788 3417 Geometrici
1800 3380 1844 3430 ap-

229 3446 324 3504 Quibus
336 3446 371 3496 alt
386 3456 458 3496 unam
471 3446 583 3497 suilioere
595 3460 665 3509 posse
679 3448 847 3498 medietatem:
862 3448 951 3511 quippe
964 3448 1012 3499 dno
1057 3447 1161 3511 pellant,
1174 3452 1348 3512 cousequenter
1359 3450 1431 3500 etiam
1445 3449 1697 3513 planasquadraturus
1713 3452 1844 3513 parallelo·

229 3534 343 3584 dimotis
371 3548 419 3585 una
441 3533 520 3585 media
543 3534 708 3597 interiectione
731 3534 881 3598 continuari,
909 3534 1012 3586 lrabeulo
1057 3547 1174 3597 gramma.
1208 3536 1358 3600 Propositum
1374 3542 1409 3589 est
1421 3537 1533 3601 probare,
1544 3538 1750 3602 quemadmodum
1763 3539 1843 3591 duum

229 3622 336 3685 aliquam
361 3622 423 3673 inter
448 3622 498 3673 duo
517 3622 558 3673 illa
578 3622 690 3673 distantia
713 3622 888 3687 cognationem.
921 3624 1012 3673 sicdi·
1059 3628 1334 3690 parallelogrammorum
1347 3629 1462 3680 similium
1475 3643 1553 3681 unum
1569 3630 1678 3681 medium
1692 3631 1839 3694 inveniatur,

229 3722 307 3760 cens:
1053 3716 1124 3780 'quod
1146 3716 1237 3768 ratione
1261 3729 1310 3768 nou
1336 3723 1425 3768 careat.
1457 3718 1529 3779 (Vide
1549 3718 1619 3781 ligur.
1639 3719 1673 3781 t.)
1695 3719 1749 3770 Sint
1767 3720 1839 3782 igitur

259 3796 364 3846 Ὀπὸταν
375 3798 420 3861 γὰρ
429 3798 533 3863 ἀριθμῶν
544 3803 614 3862 τριῶν
627 3798 674 3847 rire
684 3797 763 3860 ὄγκων
777 3799 824 3848 rire
834 3800 955 3863 iusipiens
964 3804 1011 3850 ὡν·
1057 3803 1201 3856 duoslmilia
1209 3806 1440 3870 parallelogramma,
1449 3806 1841 3871 quibusasstuoutcrasusllters

229 3886 367 3950 τινωνοῦνῇ
381 3887 409 3937 τὸ
421 3888 501 3952 μέσον,
514 3887 538 3949 d,
548 3904 570 3935 ra
582 3903 626 3950 περ
643 3888 671 3936 τὸ
684 3892 777 3949 πρῶτον
788 3889 845 3951 πρὸς
862 3888 930 3950 αὐτό,
941 3894 1011 3939 τοῦτο
1058 3894 1135 3957 piet
1146 3896 1186 3957 gl
1207 3892 1319 3944 babentia
1332 3895 1436 3959 aquales
1450 3895 1552 3957 angulos
1567 3914 1574 3946 ε
1588 3908 1673 3957 unum,
1686 3896 1729 3959 qui
1741 3898 1780 3948 est
1794 3896 1840 3947 sub

229 3974 286 4031 atet
296 3975 351 4039 πρὸς
361 3977 389 4026 τὸ
403 3976 512 4041 ἔσχατον,
523 3978 563 4024 καὶ
572 3974 644 4025 πάλιν
655 3974 722 4031 αὖθις
733 3976 756 4038 ὅ,
765 3993 788 4025 τι
802 3977 830 4026 τὸ
843 3978 945 4041 tegeres
955 3980 1011 4041 πρὸς
1058 3983 1121 4046 ppt
1135 3982 1426 4045 ei,quieslsubtrgt.
1459 3986 1536 4033 Porro
1556 3982 1598 4034 ubl
1620 3984 1727 4048 aequales
1747 3984 1839 4051 auguli,

229 4062 346 4127 rdutoes,
359 4070 429 4112 τοῦτο
442 4065 469 4113 τὸ
478 4064 550 4127 μέσον
561 4064 619 4127 πρὸς
627 4064 654 4112 τὸ
663 4068 767 4126 πρῶτον,
779 4063 868 4115 edrard
883 4067 955 4128 μέσον
970 4066 1011 4130 μὲν
1057 4069 1131 4121 latera
1144 4083 1189 4133 pro
1205 4071 1351 4133 competenti
1368 4056 1440 4121 erunt
1454 4090 1461 4122 ε
1474 4074 1502 4121 ut
1513 4072 1577 4123 enim
1588 4058 1654 4137 est‘p
1667 4088 1683 4136 γ
1695 4072 1758 4124 latus
1773 4073 1841 4135 juxta

228 4159 321 4218 πρῶτον
334 4153 488 4217 antiquiror
505 4152 653 4216 γιγνόμενον,
665 4154 694 4202 τὸ
714 4150 734 4201 δ’
743 4152 844 4216 legurm
857 4156 897 4203 καὶ
913 4155 941 4205 τὸ
950 4160 1011 4220 nptb
1055 4163 1113 4217 γζι
1126 4159 1158 4208 tu
1171 4160 1184 4208 δ
1196 4174 1212 4219 γ
1224 4157 1286 4209 latua
1296 4161 1364 4221 texta
1378 4161 1502 4223 palatus.
1535 4161 1596 4211 Dico
1610 4161 1687 4211 duum
1699 4162 1786 4213 borum
1806 4163 1839 4213 si·

228 4259 269 4293 τον
294 4241 325 4290 αὖ
346 4242 408 4305 μέσα
432 4241 562 4305 ἀμφότερα,
585 4239 652 4289 adil·
669 4241 743 4297 οὕτως
768 4242 791 4298 ἐξ
812 4241 914 4305 Maiae
936 4242 1011 4292 ταύτὰ
1056 4246 1148 4296 miliuru
1160 4246 1434 4310 parallelogrammorum
1449 4249 1552 4300 inveniri
1567 4249 1750 4301 mediumaliud
1766 4250 1839 4301 ratio·

228 4330 461 4394 atvmtopeemm,
479 4329 554 4378 ταύτὰ
580 4328 605 4377 δὲ
633 4329 746 4392 γενόμενα
760 4330 865 4389 ἀλλήλοις
887 4331 911 4379 ἓν
934 4332 1010 4381 πάντα
1055 4334 1141 4385 nobile.
1175 4334 1216 4384 Sic
1240 4336 1330 4399 quippe
1350 4336 1467 4387 directum
1486 4339 1528 4402 βγ
1547 4338 1610 4388 lalus
1625 4356 1640 4402 γ
1656 4337 1756 4396 rtatert.
1789 4338 1840 4389 trit

228 4420 304 4471 lorus.
1054 4422 1128 4485 tgllm
1143 4422 1215 4473 etiam
1230 4425 1271 4487 δγ
1287 4423 1350 4474 latus
1362 4442 1377 4489 γ
1390 4444 1405 4485 η
1420 4424 1486 4477 lateri
1505 4425 1639 4489 directum,
1654 4428 1681 4477 et
1691 4426 1793 4478 directis
1810 4428 1839 4477 li·

259 4512 325 4559 cum
337 4510 407 4558 euim
424 4520 458 4557 en
476 4506 575 4566 tribue,
586 4506 628 4557 oet
639 4504 767 4571 numeris,
777 4508 819 4559 oei
832 4509 959 4572 molibus,
969 4510 1010 4561 sel
1054 4514 1107 4565 aeis
1122 4512 1163 4562 el
1180 4515 1205 4562 el
1220 4516 1233 4563 l
1247 4517 1273 4576 t,
1289 4518 1389 4576 agantur
1407 4515 1506 4565 extimae
1526 4514 1597 4565 lineo
1610 4516 1648 4565 δι
1666 4518 1690 4577 el
1704 4520 1741 4573 te
1754 4536 1761 4567 ι
1775 4528 1840 4566 cour·

224 4598 503 4664 proceleumaticum
519 4601 571 4647 imo
582 4598 1009 4663 pesnneqoaermutmmmum
1055 4604 1198 4668 pleaturque
1217 4604 1264 4653 boc
1286 4603 1357 4666 pacto
1376 4602 1455 4653 omuis
1471 4586 1555 4667 ligura.
1588 4606 1622 4655 tit
1635 4604 1759 4668 igiturque
1776 4604 1840 4655 latus

227 4688 511 4752 medto;'rurrumque
533 4691 565 4737 ut
588 4690 671 4738 imum
697 4688 794 4753 nwdto,
819 4693 858 4741 stc
886 4691 1009 4742 medietas
1052 4692 1261 4755 jnritaptlatus,
1275 4691 1839 4756 itapiperellelogrammumiurtabtparal·

208 4780 422 4827 summonitor
439 4780 509 4827 certe
529 4774 654 4826 medietas
670 4790 687 4826 u
704 4780 855 4842 summme
870 4780 1007 4841 itemtmo,
1054 4783 1247 4845 lelogrammum.
1281 4782 1344 4829 Sunt
1355 4781 1420 4831 enim
1432 4782 1458 4830 ln
1469 4781 1552 4832 eadem
1568 4780 1713 4845 quadratura
1727 4798 1775 4843 αε,
1792 4784 1837 4846 βι.

228 4865 297 4915 nibil
313 4865 417 4927 differt.
449 4868 614 4928 ausumque
625 4866 731 4914 extimis
745 4864 802 4915 illle
813 4864 849 4915 nd
862 4865 1010 4919 nredtelutis
1054 4872 1208 4934 itureamque
1224 4872 1252 4919 ut
1263 4886 1278 4932 γ
1288 4870 1301 4919 δ
1312 4869 1374 4919 latus
1391 4870 1459 4933 iuxta
1474 4887 1513 4933 γη
1525 4868 1588 4921 lalus
1600 4888 1606 4921 s
1620 4870 1655 4921 sic
1673 4872 1699 4921 el
1713 4870 1838 4934 parallelo·

227 4953 505 5017 mnditiuaem,nlque
516 4952 553 5003 ud
563 4951 680 5014 ejresdem
689 4954 866 5017 parilitatem,
875 4956 1009 5008 reductis:
1053 4972 1189 5022 grumorum
1206 4958 1645 5023 pejuxlataparallelogrammum.
1692 4960 1755 5011 Sunt
1773 4960 1838 5010 enim

227 5042 537 5107 amoenorumque
555 5043 1007 5108 mttmmmooemrosetptt,fit,
1054 5047 1107 5097 lime
1120 5046 1513 5110 quoqueinquadraturatlael.
1547 5047 1838 5113 utergopnpamlteto-

227 5131 329 5193 opinor,
338 5136 369 5181 ut
380 5136 433 5183 totu
442 5133 556 5181 materia
568 5142 624 5180 unc
634 5131 758 5182 eleedem
768 5136 1008 5203 ruttonerocietur:
1052 5148 1188 5200 grammum
1206 5136 1275 5199 jualp
1290 5138 1327 5195 dt
1344 5137 1607 5201 parallelogrammum,
1620 5138 1656 5188 sle
1669 5139 1726 5189 ilem
1740 5139 1754 5187 d
1767 5143 1779 5196 t
1792 5149 1836 5199 pa·

227 5222 392 5283 eoquepueto
403 5220 552 5314 eedemetbl
560 5221 1008 5289 eruntunloerrememlrurquippe
1052 5224 1270 5288 rallelogrammum
1284 5224 1354 5289 Juxta
1373 5224 1397 5275 id
1412 5224 1478 5289 qnod
1495 5224 1580 5277 subter
1597 5227 1635 5278 est
1657 5228 1695 5289 γθ
1709 5222 1834 5289 parallelo·
