3959 5925
240 490 282 535 xx
904 467 954 527 DE
975 463 1217 527 PYTflaootta

239 619 369 663 veterum
389 617 488 663 vatum
502 602 723 661 similitudinem
737 599 885 658 accederet
900 582 951 675 qiu
967 596 1015 655 ‹li-
1060 598 1119 657 cies
1139 596 1245 655 multas
1264 593 1358 671 gignit
1377 593 1496 667 formas,
1513 608 1637 668 quarum
1657 607 1839 666 unaquaeque

239 692 310 749 vino
331 692 429 769 potius
444 691 594 749 instinctu
618 709 705 767 quam
731 687 867 746 meditato
890 685 1014 742 rationis
1059 684 1257 745 eodemmodo
1268 681 1423 741 dividitur.
1438 679 1613 737 Sednaturae
1623 676 1840 755 harmoniaeque

236 777 349 856 judicio
362 779 460 837 futura
469 775 611 837 canebant
622 778 667 835 vel
680 775 781 834 mundi
797 786 891 831 ortum
901 772 1015 847 aliaque
1059 792 1094 831 ea
1114 786 1157 831 est
1177 770 1269 844 ratio,
1294 782 1326 827 ut
1347 767 1462 826 sublato
1484 766 1594 825 mundo
1612 777 1719 823 aeterna
1742 784 1838 823 rerum

238 866 271 925 id
287 884 377 943 genus
390 865 525 924 versibus
549 864 820 943 persequebantur:
846 861 1016 918 factumest
1060 861 1184 920 essentia
1206 861 1328 938 ipsaque
1347 867 1450 926 natura
1471 853 1526 912 sub
1555 853 1688 912 divinam
1710 865 1839 932 tantum,

238 954 436 1032 utaposteris
447 954 574 1012 Philolai
589 953 761 1032 opusculum
773 948 945 1008 baccharum
963 964 1015 1003 vo·
1060 968 1118 1007 non
1139 947 1195 1008 sub
1221 948 1379 1005 humanam
1408 942 1606 1019 cognitionem
1626 941 1720 999 cadat.
1741 939 1841 1018 Neque

135 1044 140 1053 “
239 1040 343 1100 cabulo
357 1035 567 1101 nominareturss
584 1040 674 1117 Cujus
694 1040 736 1097 rei
751 1058 814 1097 cum
833 1036 906 1095 alios
922 1034 1016 1093 habe·
1060 1037 1137 1094 enim
1160 1036 1224 1094 fieri
1247 1046 1364 1113 posset,
1379 1044 1412 1091 ut
1424 1029 1585 1107 quidquam
1596 1046 1697 1086 eorum
1713 1046 1778 1104 quae
1794 1047 1841 1086 ex·

238 1148 303 1189 snus
319 1143 420 1199 testes,
439 1143 499 1187 tum
513 1129 647 1187 Proclum
662 1127 823 1186 Comment.
838 1124 875 1182 ad
885 1122 1015 1182 Euclidis
1060 1136 1136 1183 stant
1150 1134 1384 1200 cognosceretur,
1401 1119 1460 1177 nisi
1473 1117 1628 1176 harmonia
1641 1116 1721 1195 (ιαμ)
1734 1116 1841 1176 inesset

238 1218 378 1275 elementa
396 1218 494 1295 pag.6
517 1216 576 1274 haec
601 1227 784 1272 annotantem
803 1210 872 1271 ιΔιθ
889 1210 920 1282 δὴ
937 1210 982 1268 καί
1002 1214 1015 1269 δ
1059 1213 1093 1272 in
1114 1213 1203 1273 rebus
1220 1233 1237 1271 e
1259 1210 1367 1290 quibus
1386 1206 1494 1267 coaluit
1514 1206 1642 1264 mundus
1665 1219 1727 1263 tum
1750 1206 1841 1266 finitis

239 1304 354 1365 Πλάτων
371 1306 456 1364 πολλὰ
471 1305 516 1364 καὶ
533 1303 673 1379 θαυμαστὰ
685 1302 804 1381 δόγματα
825 1299 885 1380 περὶ
899 1304 961 1360 θεῶν
972 1299 1016 1358 did
1060 1314 1120 1360 tum
1137 1302 1268 1360 infinitis.
1290 1299 1353 1357 Huc
1368 1296 1480 1355 accedit
1492 1294 1571 1373 quod
1588 1313 1624 1351 ne
1641 1293 1706 1371 ipsa
1720 1293 1840 1369 quidem

237 1392 289 1449 ride
303 1398 494 1469 μαθηματικῶν
510 1393 585 1451 εἰδῶν
596 1396 666 1466 ἡμᾶς
682 1389 868 1467 ἀναδιδάσκει,
880 1388 924 1447 καί
934 1394 951 1461 ἡ
963 1392 1015 1447 τῶν
1060 1409 1160 1448 rerum
1174 1389 1260 1447 initia
1280 1398 1309 1443 el
1329 1382 1485 1443 dissimilia
1498 1395 1528 1439 et
1550 1398 1661 1457 genere‘
1675 1380 1793 1438 diversa
1810 1381 1842 1440 in

239 1481 424 1559 Πυθαγορείων
438 1479 576 1562 φιλοσοφία
591 1479 817 1561 παραπετάσμασι
830 1478 929 1545 τούτοις
942 1501 1014 1558 χρω·
1060 1478 1196 1537 ordinem
1208 1472 1302 1550 redigi
1325 1472 1383 1531 nisi
1403 1471 1566 1530 harmoniae
1587 1470 1839 1546 ope-potuissent.

238 1568 301 1639 με’νη
316 1567 363 1639 τὴν
378 1567 567 1645 μυσταγωγίαν
581 1568 760 1647 κατακρύπτει
770 1570 822 1626 τῶν
835 1566 909 1625 θείων
920 1564 1015 1643 δογμά-
1060 1567 1131 1637 Quat
1147 1567 1238 1643 igitur
1250 1573 1388 1621 nascente
1401 1559 1455 1617 hac
1470 1578 1568 1623 rerum
1582 1575 1721 1633 compage
1733 1558 1843 1617 similia

236 1677 302 1712 των·
319 1660 433 1722 τοιοῦτος
454 1656 505 1734 γὰρ
520 1655 565 1713 καὶ
584 1659 598 1712 ὁ
620 1656 686 1734 isphr
706 1656 810 1729 σύμπας
833 1652 910 1733 λόγος
935 1652 981 1711 καί
1002 1656 1016 1711 d
1060 1668 1089 1713 et
1112 1666 1235 1730 cognata
1254 1662 1354 1721 erant,
1382 1646 1536 1706 harmonia
1555 1664 1615 1704 non
1639 1643 1810 1720 indigebant
1832 1669 1840 1703 ε

237 1742 370 1809 Φιλόλαος
384 1745 410 1801 ἐν
423 1742 480 1809 ταῖς
495 1740 614 1821 Βάκχαις
628 1742 673 1799 καὶ
688 1740 746 1809 ὅλος
759 1744 773 1799 ὁ
788 1740 881 1821 τρόπος
893 1744 939 1811 τῆς
951 1742 1012 1798 Πυ·
1060 1762 1127 1819 quae
1148 1754 1243 1800 autem
1267 1735 1422 1796 dissimilia
1441 1755 1474 1791 ac
1494 1751 1589 1809 neque
1608 1743 1730 1806 cognata
1748 1751 1844 1809 neque

235 1828 345 1907 θαγόρου
364 1828 425 1907 περὶ
437 1832 500 1887 θεῶν
514 1828 677 1909 ὑφηγήσευς.
693 1829 789 1898 Quid?
803 1828 881 1906 quod
903 1828 1015 1899 fictores
1060 1831 1201 1907 aequafia,
1217 1845 1333 1886 necesse
1347 1836 1408 1883 erat
1428 1822 1478 1879 tali
1492 1821 1646 1878 harmonia
1661 1820 1841 1896 constringi,

236 1918 455 1995 sculptoresque
466 1917 592 1975 Socratis
607 1930 737 1995 tempore
747 1930 805 1999 tres
818 1917 876 1975 fere
890 1916 1015 1974 Bacchas
1060 1918 1204 1995 siquidem
1229 1914 1341 1973 mundo
1370 1910 1516 1977 contineri
1534 1906 1695 1967 tlebebant.
1723 1907 1780 1978 Sed
1811 1924 1844 1967 ut

236 2017 370 2081 tanquam
384 2024 501 2063 sorores
515 2024 581 2062 cera
592 2018 641 2063 aut
653 2023 796 2063 marmore
811 2004 1016 2076 informarunt,
1060 2008 1223 2065 accuratius
1237 2004 1313 2063 hanc
1325 1998 1520 2081 philosophiae
1537 2009 1650 2076 partem
1667 2010 1840 2071 tractemus,

235 2103 267 2148 ut
280 2110 296 2150 e
310 2094 403 2149 veteri
415 2105 603 2150 monumento
613 2092 675 2168 jam
689 2091 798 2149 dudum
810 2088 889 2147 edito
905 2088 1015 2147 intelli·
1060 2094 1222 2154 harmonia
1232 2087 1462 2167 magnitudinem
1474 2085 1694 2163 quaternarium
1708 2085 1844 2145 interval.

235 2181 315 2255 gilur
327 2180 414 2259 (1210-
430 2180 528 2259 Neque
543 2180 707 2238 Herodotus
722 2177 796 2255 (125)
812 2177 1014 2255 AEgyptiorum
1061 2182 1121 2241 lum
1136 2195 1164 2241 et
1178 2181 1346 2259 quinarium
1361 2196 1424 2235 esse
1436 2175 1591 2246 convenit,
1603 2173 1772 2251 quinarium
1785 2194 1843 2235 au-

236 2269 417 2328 caerimonias
440 2283 497 2327 tam
520 2289 584 2327 cum
607 2268 744 2345 Orphicis
764 2265 912 2343 mysteriis
927 2285 1013 2342 quam
1058 2284 1118 2329 tem
1142 2267 1328 2347 quaternario
1348 2265 1446 2341 majus
1476 2282 1539 2322 esse
1558 2264 1769 2338 sesquioctavo.
1793 2264 1842 2323 Est

235 2376 299 2413 cum
326 2356 554 2415 Bacchanalibus
585 2369 613 2415 et
643 2355 891 2433 Pythagoreorum
924 2358 1014 2413 sacris
1060 2360 1136 2417 enim
1156 2374 1298 2415 asumma
1311 2352 1419 2412 chorda
1433 2350 1469 2409 ad
1484 2350 1840 2432 mediamquaternarium

235 2462 404 2519 comparare
416 2457 544 2503 veretur.
1059 2445 1264 2515 intervallum,
1279 2462 1297 2500 a
1319 2442 1418 2499 media
1439 2439 1475 2497 ad
1491 2440 1579 2497 imam
1600 2439 1786 2516 quinarium,
1804 2442 1842 2499 ab

275 2530 371 2589 flestat
394 2545 426 2589 nt
440 2532 566 2590 Philolai
579 2530 686 2608 placita
706 2530 785 2607 (126)
797 2530 925 2589 breviter
939 2550 1016 2587 com·
1058 2537 1118 2593 ima
1138 2534 1174 2591 ad
1189 2531 1303 2590 tertiam
1318 2528 1553 2607 quaternarium,
1568 2545 1585 2584 a
1606 2526 1691 2584 tertia
1710 2527 1747 2584 ad
1764 2548 1843 2586 sum.

234 2616 353 2693 plectar.
373 2617 438 2675 lluo
450 2630 618 2676 cunctarum
631 2637 727 2675 rerum
743 2618 889 2697 principia
901 2618 1012 2696 posuit,
1060 2643 1134 2680 mam
1155 2619 1322 2699 quinarium
1344 2616 1531 2675 intervallum
1560 2636 1568 2671 a
1595 2614 1725 2672 medium
1747 2630 1840 2675 antem

235 2704 321 2762 finem
340 2707 370 2763 et
383 2705 556 2763 infinitatem
578 2705 640 2763 sive
656 2706 737 2764 linita
750 2718 778 2763 et
791 2707 906 2764 infinita
921 2706 1012 2787 (127),
1059 2712 1136 2769 inter
1150 2708 1274 2767 mediam
1293 2705 1431 2765 chordam
1446 2717 1475 2762 et
1484 2703 1599 2761 tertiam
1611 2704 1841 2779 sesquioctavum

233 2792 341 2868 quibus
356 2793 441 2850 deum
465 2795 549 2869 quasi
575 2813 690 2852 causam
711 2806 777 2852 ante
794 2814 909 2853 causam
929 2808 1014 2872 atque
1059 2813 1125 2858 est:
1143 2795 1361 2875 quaternarium
1382 2805 1522 2871 praeterea
1539 2790 1761 2867 sesquitertium
1783 2808 1840 2865 est,

233 2878 304 2937 adeo
328 2880 456 2957 ipsarum
483 2881 630 2957 originum
653 2894 799 2939 auctorem
821 2895 849 2940 et
865 2895 1012 2961 parentem
1060 2887 1229 2966 quinarium
1240 2903 1313 2941 vero
1328 2880 1550 2957 sesquialterum
1568 2898 1575 2934 t
1593 2877 1735 2956 diapason
1747 2894 1840 2940 autem

233 2986 356 3043 praeesse
373 2969 467 3027 voluit
491 2969 580 3048 (128).
599 2969 672 3026 Nam
691 2989 806 3028 necesse
820 2983 879 3040 est,
897 2971 1011 3046 inquit,
1059 2977 1192 3055 duplum.
1207 2973 1256 3031 Sic
1278 2972 1370 3048 igitur
1390 2968 1545 3026 harmonia
1565 2968 1694 3025 continet
1713 2969 1842 3046 quinque

234 3057 334 3113 omnia
347 3074 413 3133 quae
427 3069 495 3114 sunt
509 3058 556 3114 vel
569 3057 687 3115 infinita
701 3076 764 3115 esse
784 3058 830 3115 vel
851 3059 948 3130 finita,
965 3059 1011 3118 vel
1059 3064 1259 3141 sesquioctava
1269 3071 1298 3117 et
1312 3059 1384 3116 duas
1395 3057 1505 3128 dieses,
1519 3053 1688 3132 quinarium
1702 3057 1842 3115 interval·
1903 3062 1909 3076 '

233 3142 319 3200 Simul
341 3141 423 3200 finita
451 3156 480 3200 θῑ
508 3143 640 3215 infinita,
669 3143 918 3203 demonstraturus
943 3147 1013 3203 uui·
1059 3154 1119 3211 lum
1140 3153 1197 3209 tria
1219 3148 1419 3225 sesquioctava
1438 3164 1471 3202 ac
1490 3143 1608 3213 diesin,
1623 3147 1842 3220 quaternarium

234 3229 429 3288 versaexhis
446 3228 561 3289 du⁰b1¹⁵
576 3245 726 3304 emutare,
741 3231 772 3289 id
792 3245 835 3290 est
850 3246 949 3290 autex
965 3232 1011 3290 iu·
1059 3239 1246 3298 intervallum
1271 3255 1341 3293 vero
1369 3234 1427 3292 duo
1447 3232 1705 3309 sesquioctava-ac
1730 3233 1838 3294 diesin.

172 3373 175 3380 ,
234 3316 315 3373 linita
334 3328 384 3373 aut
401 3337 417 3374 e
440 3317 522 3375 finita
536 3316 699 3377 substantia
718 3319 754 3376 ad
774 3319 889 3377 numeri
906 3320 1010 3378 simili·
1058 3328 1174 3386 Tonum
1191 3323 1270 3402 (130)
1284 3323 1325 3379 ita
1339 3321 1472 3379 dividere
1486 3319 1607 3376 tentavit
1622 3319 1786 3392 Philolaus,
1805 3337 1839 3380 ut

232 3402 362 3461 tudinem
385 3425 448 3464 esse
476 3407 605 3464 conflata.
633 3405 750 3485 Quippe
768 3407 817 3466 bic
847 3427 883 3465 ex
903 3429 962 3466 uno
983 3423 1012 3468 et
1057 3416 1122 3494 ejus
1143 3399 1339 3492 primordium
1363 3408 1400 3465 ab
1426 3428 1461 3466 eo
1483 3426 1605 3464 numero
1627 3419 1766 3464 statueret
1787 3412 1840 3485 qui

233 3491 364 3569 duobus,
378 3495 485 3572 impari
503 3495 639 3554 videlicet
657 3515 690 3554 ac
713 3496 778 3574 pari
801 3497 925 3570 exstitit,
948 3518 1013 3574 quae
1058 3506 1172 3582 primus
1193 3499 1299 3559 cubum
1319 3496 1448 3574 aprime
1462 3493 1587 3571 impari,
1601 3493 1678 3570 quod
1696 3493 1841 3553 honorifi-

233 3581 323 3658 liquet
331 3583 504 3660 aequalitatis
513 3597 599 3661 atque
607 3584 812 3662 inaequalitatis
823 3584 1013 3664 ejusdemque
1058 3592 1257 3651 cautissimum
1281 3584 1359 3664 apud
1384 3582 1594 3661 Pythagoricos
1615 3582 1687 3654 fuit,
1703 3582 1839 3643 efficeret.

232 3680 317 3744 atque
334 3670 478 3747 alterius,
503 3673 630 3732 definitas
658 3686 744 3750 atque
768 3673 926 3732 indefinitae
949 3693 1012 3732 esse
1058 3681 1129 3738 Nam
1140 3698 1231 3757 quum
1244 3675 1389 3734 ternarius
1401 3690 1541 3731 numerus
1555 3673 1670 3749 primus
1684 3671 1722 3729 sit
1736 3672 1840 3751 impar,

233 3754 413 3818 substantiae.
436 3759 581 3818 Nimirum
597 3774 674 3819 recte
686 3760 825 3818 dicuntur
838 3762 935 3818 omnia
947 3781 1013 3838 quar
1058 3782 1116 3827 tres
1133 3768 1220 3825 tertio
1242 3763 1294 3837 IX,
1317 3777 1404 3841 atque
1426 3761 1458 3819 id
1480 3772 1525 3818 ter
1539 3760 1565 3818 si
1585 3759 1720 3832 duxeris,
1735 3759 1839 3819 xxvlf

231 3860 268 3899 ex
288 3847 628 3928 contrariis·composita
645 3851 704 3908 sint
719 3850 870 3908 harmonia
885 3849 1011 3927 quadam
1058 3858 1224 3926 necessario
1238 3863 1414 3928 exsurgent,
1437 3850 1489 3926 qui
1515 3847 1552 3905 ad
1574 3847 1664 3905 XXlV
1687 3868 1838 3908 numerum

231 3934 392 4008 0⁰¹¹ll¹¹0¹⁸ir
429 3938 573 4016 Siquidem
618 3939 773 3997 hut'mOuiu
812 3940 1010 4016 plurimorum
1057 3960 1127 4004 tono
1148 3946 1252 4016 distat,
1276 3941 1407 4000 eandem
1422 3936 1545 3995 ternarii
1562 3935 1759 3994 differentiam
1781 3957 1840 3996 ser·

235 4024 403 4101 conjunctio
430 4038 458 4084 et
492 4026 724 4085 dissentientium
765 4026 919 4084 consensio
952 4040 1006 4086 est.
1057 4052 1139 4092 vans,
1154 4028 1407 4102 Ternariuslenim
1422 4025 1512 4083 xxiv
1527 4044 1648 4083 summae
1661 4039 1762 4083 octava
1773 4045 1839 4104 pars

232 4111 372 4170 Caeterum
390 4113 488 4170 omnia
502 4132 567 4188 quae
588 4111 643 4169 sub
665 4131 767 4170 sensus
789 4112 895 4170 cadunt
909 4131 1010 4182 nume·
1056 4132 1100 4178 est
1110 4111 1177 4196 'quae
1190 4118 1298 4176 eisdem
1309 4116 1407 4174 addita
1418 4115 1547 4193 primum
1563 4115 1720 4172 aternario
1732 4114 1838 4173 cubum

234 4220 298 4284 rum
322 4199 443 4275 habent,
474 4201 612 4277 quoniam
646 4200 808 4258 nibil·sine
836 4200 891 4258 hoc
918 4218 1012 4276 neque
1057 4207 1110 4265 XX
1128 4219 1157 4263 et
1176 4205 1229 4262 Vll
1244 4204 1350 4263 reddit.
1366 4206 1411 4263 Ex
1425 4203 1481 4262 hoc
1496 4202 1588 4278 igitur
1601 4201 1753 4261 Philolaus
1768 4203 1839 4263 duas

233 4289 368 4365 cognosci
392 4307 486 4365 neque
511 4289 623 4366 percipi
645 4301 749 4364 potest.
774 4287 893 4346 Numeri
916 4301 1010 4346 autern
1056 4295 1147 4353 efficit
1174 4306 1287 4372 partes,
1309 4311 1396 4351 unam
1422 4311 1488 4369 quae
1518 4289 1643 4348 dimidio
1669 4291 1708 4349 sit
1732 4291 1838 4367 major,

232 4397 290 4436 non
310 4379 403 4436 solum
418 4377 482 4435 duae
496 4377 607 4454 species
622 4375 821 4452 reperiuntur,
839 4395 892 4454 par
913 4389 941 4433 et
954 4377 1010 4434 int·
1057 4402 1178 4461 eamque
1193 4393 1349 4461 apotomen
1363 4393 1467 4453 vocat;
1481 4379 1623 4456 reliquam
1637 4398 1702 4456 quae
1716 4378 1838 4437 dimidio

232 4485 295 4544 pur,
309 4466 358 4525 sed
377 4467 462 4524 etium
475 4465 561 4523 tertia
573 4463 704 4541 quaedum
719 4483 755 4522 ex
767 4475 888 4542 utruque
904 4466 1010 4543 mixta,
1057 4473 1096 4530 sit
1120 4472 1229 4543 minor,
1253 4488 1375 4547 eamque
1402 4487 1505 4527 rursus
1533 4467 1630 4526 diesin
1657 4467 1730 4524 dicit
1751 4486 1838 4544 quam

234 4572 297 4630 quae
310 4574 363 4632 par
386 4555 482 4640 impar
495 4555 594 4610 vocari
611 4552 695 4612 solet.
715 4551 845 4630 Utraque
862 4573 932 4612 vero
945 4573 1009 4633 spe·
1057 4564 1167 4640 posteri
1191 4560 1378 4619 semitonium
1402 4557 1500 4615 minus
1516 4555 1837 4634 appellavera3harum

366 4707 371 4718 .
1057 4671 1128 4709 vero
1145 4650 1340 4708 differentiam
1355 4665 1477 4705 comma.
1493 4645 1676 4724 Acprimum
1691 4645 1788 4703 diesin
1807 4646 1836 4703 in

231 4705 1011 4843 Exppptyp.fflnmnpppphpgpoppspppuppim&
1056 4735 1126 4794 illu
1153 4734 1315 4795 unitatibus
1341 4746 1473 4791 constare
1495 4713 1665 4803 arbitratur,
1689 4751 1725 4789 eo
1758 4732 1837 4809 quod

231 4847 267 4895 De
277 4847 315 4896 his
328 4851 384 4896 anto
399 4859 445 4897 nos
458 4849 505 4911 egit
521 4854 549 4898 Α,
560 4849 689 4899 minius
701 4849 725 4897 in
734 4815 898 4911 egregro’rffiw
913 4849 956 4912 qui
973 4851 1011 4898 in·
1056 4825 1117 4882 ltaec
1131 4825 1208 4882 inter
1227 4820 1336 4880 cclvi
1361 4834 1389 4878 et
1403 4819 1544 4878 CCXLlll
1564 4821 1682 4898 pervisa
1696 4820 1735 4878 sit
1752 4818 1837 4878 diffe-

231 4916 362 4967 nubatur:
383 4917 503 4969 Plutolaos
521 4921 563 4970 der
582 4921 754 4981 Pythagoream
773 4918 855 4968 feltren
879 4919 949 4970 nebst
963 4919 1010 4969 den
1055 4912 1166 4990 remia,
1183 4910 1321 4989 quodque
1339 4909 1415 4968 idem
1431 4929 1584 4983 numerus,
1601 4909 1631 4966 id
1646 4922 1689 4967 est
1704 4907 1785 4978 Xlll,
1801 4928 1838 4967 ex

231 4987 408 5038 bruchsmcfren
421 4989 498 5039 mines
508 4991 600 5040 νοείτω
618 5004 665 5039 ron
676 4995 704 5040 Α.
716 4991 814 5041 Bteckh.
826 4991 927 5040 berolini
941 4995 1008 5042 1819.

230 5083 261 5095 -
274 5057 339 5122 (tat)
349 5058 404 5109 vid.
418 5058 503 5120 fragm.
519 5064 540 5108 1.
551 5067 575 5110 a.
591 5063 631 5108 3ο
645 5060 825 5122 quibustertfus
838 5060 904 5110 focus
913 5061 1010 5112 stanno

230 5133 291 5179 feste
305 5132 400 5178 sumtus
412 5130 448 5179 esf
463 5129 490 5178 ἐκ
503 5135 544 5178 τοῦ
558 5131 673 5180 Φιλολάου
684 5133 735 5196 mpl
746 5131 848 5195 κόσμου.
862 5132 935 5188 conf.
949 5133 1008 5182 floe-
1085 5131 1149 5196 (129)
1161 5131 1231 5194 Dfoss.
1245 5133 1326 5182 herl.
1341 5131 1383 5182 fib.
1398 5133 1467 5194 vm,
1479 5133 1509 5180 85
1530 5149 1536 5179 ι
1552 5134 1624 5180 Δοκεῖ
1640 5132 1665 5181 δὲ
1679 5132 1834 5195 αὑτῷπάντα

231 5199 295 5249 lltlus
305 5197 406 5250 arithm.
417 5202 452 5262 11,
464 5204 502 5250 at.
513 5227 544 5237 -·
555 5201 619 5262 (its)
628 5201 684 5251 Vid.
698 5201 791 5262 Syriam
801 5201 833 5252 ad
844 5203 944 5252 austu.
955 5205 1006 5252 Me·
1053 5202 1192 5264 ἀνάγκηκαὶ
1209 5201 1308 5266 ἁρμονίᾳ
1318 5202 1432 5266 γίνεσθαι.

230 5270 370 5334 trpmxm,
381 5284 407 5334 p.
421 5277 463 5323 tot
473 5274 496 5322 et
507 5271 535 5322 fr.
554 5275 589 5322 15.
1026 5281 1032 5336 γ
1085 5276 1149 5334 (tto)
1162 5274 1275 5323 Boetmus
1291 5277 1327 5323 De
1341 5272 1432 5322 musica
1445 5273 1489 5332 m,
1502 5277 1526 5322 5.
