3959 5925
290 484 331 534 dc
923 467 1270 533 PYTHAGOREORUM

291 604 376 682 μέσως
386 602 552 680 διακειμένων
563 600 703 682 ἀνθρώπων
716 601 837 682 πρόνοιαν
850 602 981 676 ποιητέον,
993 602 1060 663 οὑσ-

197 752 213 774 „
290 714 361 759 τινας
374 694 404 749 ἐκ
417 694 469 749 τῶν
482 694 671 769 παραινετικῶν
685 690 768 767 λόγων
781 691 934 769 ὠφελεῖσθαι
946 690 1059 766 συμόαί-

290 804 327 839 νει
337 809 346 851 i
358 777 395 854 μή
408 777 561 855 δυναμένους
568 779 764 858 προσευκαιρεῖν
773 788 826 846 τοῖς
835 779 981 848 διεξοδικοῖς
992 780 1060 838 πλά-

290 890 374 940 τεσιν,
389 864 405 937 θ,
420 866 463 925 διδ
482 864 576 946 χρόνου
598 864 812 945 στενοχωρίας,ἢ
829 867 872 925 διαί
891 889 961 933 τινας
977 870 1058 945 ἀναγι

288 956 366 1022 καίας
377 954 520 1034 ἀσχολίας,
538 954 725 1013 έπεισενεκτέον
744 955 787 1014 τὸν
808 954 958 1014 ὑποθετικὸν
972 954 1058 1034 λόγον,

290 1042 322 1102 δι’
335 1034 366 1101 οὑ
378 1042 425 1111 τὰς
443 1040 508 1122 πρὸς
526 1041 573 1112 τήν
590 1042 731 1121 ἀσφάλειαν
749 1044 794 1101 καί
811 1043 858 1114 τήν
872 1045 1000 1123 ὀρθότητα
1013 1050 1058 1117 τῆς

287 1130 398 1192 ἑκάστου
409 1129 527 1211 χρήσεως
538 1130 668 1201 ὑποθήκας
681 1133 708 1190 ἐν
722 1132 857 1209 ἐπιτομαῖς
869 1132 976 1201 ἐξουσιν.

278 1270 289 1291 ‚
326 1219 407 1280 Οὑτω
421 1219 469 1295 μέν
482 1211 526 1276 οὑν
540 1222 557 1288 ἡ
573 1218 693 1286 Φίλωνος
706 1218 762 1298 ἔχει
776 1220 908 1299 διαίρεσις.
949 1220 1020 1299 Ἐγὼ
1035 1222 1058 1282 δ’

288 1310 311 1366 εί
326 1306 373 1382 μὲν
389 1305 533 1385 ἀργοτίρως
544 1306 692 1382 διεκείμην,
706 1307 838 1384 ἀρκεσθεὶς
849 1306 880 1366 ἀν
892 1309 958 1385 αὑτῇ
972 1319 1057 1369 συνεῖ-

290 1418 333 1474 ρον
346 1393 438 1466 ήδητά
448 1394 508 1475 περί
521 1397 573 1453 τῶν
589 1394 762 1474 ἀρεσκόντων,
770 1398 804 1475 τῇ
813 1398 859 1467 ιη”ς
868 1394 1018 1495 ἐξαμερφίας
1031 1408 1055 1433 ¹²

287 1482 510 1563 ἐπικουφιζόμενσς
539 1484 702 1562 περιγραφῇ·
731 1481 872 1558 ἡγούμενος
898 1484 922 1540 δ’
951 1486 1056 1565 ἐμαυτῷ

286 1569 393 1651 πρέπειν
406 1571 458 1649 πρδ
473 1569 568 1636 παντὸς
580 1568 628 1639 τήν
643 1566 732 1627 οὐσίαν
746 1569 798 1627 δεῖν
813 1560 1003 1628 ἐπισκοπεῖνοὺ
1018 1594 1056 1638 τις

204 1682 212 1691 “
286 1658 512 1740 πραγματεύεται,
524 1658 637 1733 κᾶπειτα
648 1656 774 1726 ποιότητα
789 1653 837 1725 τήν
847 1653 906 1732 περὶ
917 1654 997 1724 αὐτὴν
1011 1656 1056 1715 καί

286 1749 432 1820 ποσότητα,
441 1746 486 1805 καί
496 1746 594 1811 τούτοις
604 1743 693 1825 ἐφεξῆς
703 1743 733 1802 rh
743 1743 806 1823 πρὸς
816 1742 854 1815 τί,
868 1742 965 1819 νομίζω
974 1767 1055 1823 προσ·

286 1834 454 1908 επιπονητέον
469 1857 497 1892 τε
515 1823 640 1893 εἶναικαὶ
661 1832 694 1891 τά
717 1830 804 1889 ἄλλων
823 1832 990 1904 ἐπισκοπεῖν,
1006 1856 1055 1892 κα-

286 1924 369 2002 θάπερ
390 1923 420 1982 οθ
439 1920 544 1980 πάντων
551 1964 560 1997 ,
584 1918 661 1983 οὑτω,
680 1920 732 1977 τῶν
756 1917 816 1997 περὶ
840 1921 923 1975 ταῦτα
956 1920 1054 1999 διενεγ-

285 2035 397 2071 καντων.

323 2096 418 2159 Ἔστιν
427 2086 471 2158 οὑν
483 2095 605 2175 Εθδιύρου
625 2099 671 2154 τοῦ
685 2093 870 2175 Ἀλεξανδρέως
883 2096 925 2167 ¹⁸,
941 2094 1053 2167 Ἀκαδη-

286 2191 365 2261 μικοῦ
377 2185 531 2265 φιλοσόφου,
541 2182 663 2261 διαίρεσις
671 2188 717 2242 τοῦ
728 2181 796 2241 κατὰ
805 2181 956 2261 φιλοσοφίαν
966 2182 1053 2260 λόγου,

257 2336 260 2339 ,
286 2273 388 2353 βιόλίον
399 2271 563 2343 ἀξιόκτητον,
578 2271 604 2327 ἐν
618 2260 641 2349 ᾧ
654 2278 740 2329 πᾶσαν
758 2268 927 2340 ἐπεξελήλυθε
937 2270 1054 2347 προόλη-

1106 626 1169 683 μεν,
1184 602 1241 664 citt
1255 604 1305 684 γάρ
1321 596 1374 664 οἷόν
1391 627 1419 663 τε
1434 604 1552 683 γενέσθαι
1564 605 1611 679 τήν
1625 608 1708 689 ὑρμήν
1722 611 1848 689 εὔλογον,
1860 618 1882 671 εί

1107 690 1144 769 μὴ
1167 691 1234 769 μετὰ
1248 690 1296 763 τήν
1321 692 1474 772 θεωρίαν·ή
1495 693 1589 773 θεωρία
1612 697 1635 754 δ’
1650 698 1706 755 ἐστὶ
1727 700 1883 779 περίσκεψις

1105 784 1150 839 τοῦ
1162 778 1314 859 πράγματος
1326 778 1371 839 καί
1387 770 1440 839 οἷον
1455 780 1599 861 ἐπίκρισις,
1615 783 1683 842 κατά
1697 784 1743 843 τδν
1756 788 1821 865 περὶ
1836 792 1882 847 αὖ·

1104 872 1149 925 τοῦ
1160 866 1300 945 λογισμόν·
1317 866 1431 946 δεύτερον
1450 866 1477 925 δέ
1494 867 1524 926 τὸ
1538 867 1585 941 τὴν
1601 869 1684 949 ὑρμήν
1699 874 1737 951 τῷ
1754 895 1882 950 περινόη-

1103 953 1172 1013 θίντι
1190 958 1277 1021 καλῶς
1298 954 1447 1013 ἐπιῦαλεῖν·
1466 956 1552 1035 τρίτον
1569 956 1599 1015 τδ
1619 962 1667 1029 τήν
1680 958 1774 1037 πρᾶξιν
1796 962 1883 1027 αὐτοῖς

1103 1044 1271 1124 ἐπισυνάψαι.
1310 1045 1394 1103 Ταῦτ’
1410 1044 1465 1103 ἐστὶ
1479 1042 1511 1103 τθι
1525 1047 1617 1125 πρῶτα
1636 1045 1702 1126 με’ρη
1719 1052 1766 1105 τοῦ
1787 1051 1881 1119 ἠθικοῦ

1103 1129 1195 1209 λόγου,
1212 1130 1382 1211 θεωρητικόν,
1396 1132 1552 1210 ὑφμητικόν,
1566 1135 1725 1212 πρακτικόν·
1739 1134 1841 1193 τούτων
1859 1136 1880 1194 δ’

1103 1215 1213 1277 ἑκάστου
1227 1218 1409 1295 ὑποδιαίρεσις.
1450 1219 1504 1278 Τοῦ
1513 1217 1563 1297 γάρ
1576 1220 1636 1299 περί
1647 1220 1695 1291 τήν
1710 1219 1823 1300 θεωρίαν
1835 1226 1880 1290 τῆς

1103 1305 1160 1363 καθ’
1176 1304 1284 1363 ίκαστσν
1309 1303 1398 1377 ἀξίας,
1419 1304 1448 1362 τὸ
1463 1304 1511 1381 μέν
1527 1306 1587 1385 περί
1606 1311 1657 1365 τῶν
1673 1311 1780 1367 σκοπῶν
1796 1308 1814 1379 ἢ
1829 1314 1879 1367 τῶν

1102 1392 1247 1470 λεγομένων
1258 1395 1364 1452 σκοπῶν
1376 1398 1420 1452 τοῦ
1434 1393 1505 1470 βίου·
1515 1394 1544 1453 τὸ
1559 1394 1585 1453 δέ
1596 1394 1657 1473 περί
1665 1398 1717 1453 τῶν
1730 1394 1880 1471 συμόαλλο-

1103 1480 1186 1557 μένων
1206 1484 1241 1549 είς
1255 1480 1301 1552 τὴν
1320 1484 1371 1539 τῶν
1390 1483 1472 1539 τελῶν
1491 1482 1669 1559 περιποίησιν,
1691 1482 1734 1560 (τδ
1756 1482 1810 1557 μάν
1823 1486 1880 1541 ἐστι

1101 1570 1161 1647 περὶ
1176 1574 1228 1628 τῶν
1247 1572 1345 1649 ἀρετῶν
1369 1568 1414 1627 καὶ
1436 1573 1487 1627 τῶν
1511 1574 1628 1647 κακῶν,)
1647 1572 1677 1629 τὸ
1696 1568 1724 1629 δί
1744 1572 1809 1649 περί
1829 1574 1881 1628 τῶν

1102 1655 1168 1715 κατδ
1180 1656 1227 1724 τάς
1238 1656 1331 1733 ἀρετδις
1344 1659 1439 1730 ποιῶν,
1451 1655 1515 1735 ὅπερ
1528 1655 1573 1715 καί
1584 1660 1703 1717 καλεῖται
1714 1681 1882 1737 χαρακτηρι-

1102 1744 1203 1802 στικόν·
1214 1742 1244 1801 τδ
1257 1743 1283 1800 δὲ
1293 1743 1354 1819 περὶ
1365 1746 1479 1821 τεχνῶν·
1490 1743 1519 1803 τὸ
1533 1744 1559 1801 δέ
1571 1744 1631 1821 περί
1644 1746 1878 1821 ἐπιτηδευμάτων.

1102 1831 1127 1887 ’θ’
1127 1834 1157 1888 οῦ
1174 1829 1221 1902 μέν
1236 1828 1296 1904 περὶ
1313 1830 1411 1906 ἀρετῶν
1429 1828 1459 1886 τθ
1474 1829 1520 1905 μὲν
1534 1828 1636 1898 κοινόν,
1648 1832 1678 1891 τδ
1690 1830 1712 1888 δ’
1724 1832 1810 1888 ἴδιον·
1822 1854 1880 1889 xor-

1100 1913 1142 1972 νὸν
1164 1914 1227 1989 μίν,
1246 1906 1300 1973 οἷον
1320 1914 1380 1993 περὶ
1395 1914 1574 1987 δικαιοσύνης,
1590 1916 1650 1997 περί
1666 1918 1808 1993 ἀνδρείας,
1826 1940 1881 1975 σω·

1101 2001 1245 2081 φροσύνης,
1268 2002 1430 2081 φρονήσεως,
1451 2004 1502 2061 τῶν
1518 2003 1621 2061 ἄλλων·
1637 2003 1699 2061 ἴδιον
1715 2004 1789 2061 δὲτὸ
1809 2028 1881 2083 προ-

1099 2090 1250 2169 τρεπτικόν,
1273 2096 1349 2149 τοῦτο
1370 2088 1420 2169 γάρ
1439 2092 1475 2157 εἰς
1495 2090 1525 2149 τδ
1543 2090 1626 2168 μόνως
1644 2090 1804 2159 ἐνδείξασθαι
1831 2093 1880 2161 τήν

1099 2176 1192 2257 ἀρετὴν
1202 2177 1248 2235 καί
1265 2177 1433 2249 τήνκακίαν.
1475 2180 1555 2240 tivit
1570 2179 1616 2255 μὲν
1627 2180 1742 2259 περίτλν
1761 2182 1880 2262 θεωρίαν

1098 2269 1145 2335 τῆς
1154 2266 1212 2323 καθ’
1227 2264 1337 2324 ίααστον
1352 2264 1424 2333 ἀξίας
1434 2265 1510 2344 λόγος
1523 2270 1559 2333 είς
1571 2268 1708 2334 τοσούτους
1720 2266 1820 2335 τόπους
1837 2292 1881 2345 γτ-

284 2364 401 2437 ματικῶς
414 2359 461 2431 τήν
474 2356 637 2433 ἐπιστήμην,
646 2348 678 2427 ἧς
689 2354 741 2433 ἐγὼ
752 2355 900 2434 διαιρέσεως
910 2356 1053 2435 ἐκθήσομαι
1099 2351 1183 2419 rische
1197 2351 1336 2429 τέμνεται·
1350 2356 1364 2411 ὑ
1378 2352 1429 2431 γάρ
1442 2354 1501 2432 περί
1516 2356 1619 2433 ἀγαθῶν
1636 2355 1681 2413 καὶ
1700 2358 1791 2414 κακῶν
1804 2359 1881 2414 πτολ-

283 2448 314 2507 τδ
328 2450 375 2518 τῆς
388 2448 481 2517 ἠθικῆς
494 2448 600 2504 οἰκεῖον.
641 2440 719 2523 Ἔχει
735 2443 757 2501 δ’
775 2442 867 2510 οὑτως.
908 2446 934 2503 '1'
937 2450 1054 2523 ριμεροῦς
1099 2440 1144 2505 λάς
1155 2439 1272 2519 περιέχει
1286 2439 1436 2520 διαιρέσεις,
1455 2441 1548 2500 αὐτίκα
1561 2440 1608 2512 τὴν
1625 2443 1684 2522 περὶ
1698 2448 1748 2502 τῶν
1763 2447 1881 2523 λεγομέ·

282 2534 354 2601 ὄντος
365 2538 409 2592 τοῦ
424 2531 492 2592 κατὰ
506 2530 657 2613 φιλοσοφίαν
668 2530 762 2607 λόγου,
776 2530 807 2589 τδ
826 2529 874 2607 μίν
890 2532 959 2588 ἐστιν
973 2532 1052 2589 αὑτοῦ
1098 2551 1148 2585 νων
1168 2527 1384 2606 προηγουμένων,
1404 2529 1453 2601 τὴν
1469 2529 1530 2610 περὶ
1543 2530 1630 2610 φιλίας
1652 2532 1696 2589 καὶ
1715 2534 1809 2603 ἡδονῆς
1833 2536 1880 2593 καὶ

282 2619 423 2694 ήθικόν,τδ
437 2619 464 2681 δέ
477 2620 601 2701 φυσικόν,
614 2619 645 2678 τδ
658 2617 684 2677 δέ
697 2618 809 2694 λογικόν.
850 2620 905 2680 Τοῦ
921 2618 948 2676 δέ
962 2622 1052 2689 ἠθικοῦ
1099 2615 1172 2684 δόξης
1182 2615 1227 2673 καί
1236 2611 1351 2695 εὑφυίας.
1395 2620 1420 2677 Τ
1421 2642 1442 2695 ῳ
1455 2616 1481 2676 δὲ
1491 2618 1550 2698 περὶ
1560 2618 1646 2698 φιλίας
1655 2618 1879 2695 κάτάγειτνίασιν

282 2710 313 2768 τὸ
327 2708 375 2785 μέν
386 2707 445 2787 περὶ
456 2706 503 2776 τὴν
515 2704 623 2783 θεωρίαν
634 2710 680 2777 τ’ής
691 2709 749 2764 καθ’
760 2705 868 2763 ἕκαστον
882 2703 966 2777 ἀξίας,
980 2704 1011 2763 αδ
1024 2702 1052 2763 δέ
1098 2702 1191 2781 ὑπάγει
1208 2702 1251 2763 τδν
1270 2703 1331 2783 περί
1348 2704 1458 2785 ἔρωτος,
1479 2704 1523 2765 τὸν
1545 2706 1605 2785 περὶ
1626 2708 1788 2783 ιπιμποσίων.
1837 2712 1880 2771 Οὐ

281 2798 343 2878 περὶ
355 2795 402 2869 τήν
412 2795 495 2874 ὁρμήν
501 2837 510 2867 ,
527 2792 558 2853 sd
574 2794 600 2854 δέ
614 2793 674 2871 περί
688 2793 736 2864 τήν
751 2790 854 2870 πρᾶξιν.
899 2794 981 2853 Ταῦτ’
997 2792 1052 2850 ἐστὶ
1098 2792 1150 2867 μὴν
1164 2793 1221 2849 ἀλλ’
1241 2790 1312 2867 ὅμως
1325 2794 1400 2851 τοῦδε
1415 2792 1565 2869 σύμπαντος
1579 2798 1615 2859 είς
1633 2796 1677 2854 τὸν
1694 2796 1754 2874 περὶ
1767 2799 1879 2871 ἀγαθῶν

280 2886 332 2966 γάρ
348 2887 457 2964 τριμερῆ
471 2886 519 2953 τ’ής
531 2884 623 2952 ἠθικῆς
634 2880 703 2952 σίδη,
718 2882 819 2959 πρῶτον
833 2878 897 2954 μέν,
911 2878 942 2936 sd
955 2878 1051 2937 θεάσα-
1098 2878 1142 2936 καί
1156 2881 1244 2937 κακῶν
1265 2882 1299 2945 ὡς
1319 2880 1491 2956 γενικώτατον
1511 2879 1620 2949 ὑπέταξε
1637 2881 1736 2959 λόγον..
1766 2886 1829 2943 Τοῦ
1850 2884 1878 2942 δὲ

281 2977 341 3029 σθαι
353 2969 401 3040 τήν
416 2969 490 3038 ἀξίαν
503 2974 548 3028 τοῦ
562 2969 714 3048 πράγματος
733 2971 797 3046 ὅπερ
816 2970 942 3045 αἱρεῖσθαι
957 2966 1051 3043 με’λλο-
1094 2967 1216 3044 ,περὶτῆς
1234 2970 1316 3046 ὑρμῆς
1338 2967 1361 3009 ¹⁴
1381 2967 1459 3046 λόγου
1479 2968 1557 3044 ὑμίν
1573 2972 1628 3029 ἐστι
1647 2971 1707 3049 περὶ
1726 2975 1774 3042 ιη”ς
1788 2974 1879 3045 ίόικῆς

280 3173 337 3208 euru
353 3159 449 3208 tractari
460 3161 584 3221 propterea
592 3158 656 3220 quod
668 3158 781 3208 latissime
791 3155 987 3220 patet‚qusmvls
997 3168 1051 3217 pars
1096 3156 1215 3218 diguitatis
1232 3156 1395 3220 singulorum,
1407 3157 1494 3220 partim
1507 3158 1570 3208 circa
1584 3159 1768 3221 appetitionem,
1782 3163 1878 3222 partim

279 3246 310 3294 sit
331 3243 422 3293 locide
440 3243 497 3292 vita
531 3246 586 3293 ianr
605 3244 627 3292 si
644 3242 695 3293 lieri
710 3245 803 3304 posset,
824 3243 851 3292 ut
870 3255 954 3292 omnes
972 3247 1051 3292 casem
1095 3245 1288 3294 circaactionem
1305 3247 1423 3294 versatur.
1455 3245 1551 3296 Etenim
1571 3245 1609 3294 har
1625 3247 1753 3296 hessoni
1773 3261 1877 3298 moruus

203 3377 207 3383 .
279 3333 411 3395 εεφῖειιεεε,
433 3331 542 3393 pluribus
558 3331 616 3380 iocis
634 3345 684 3380 non
699 3329 1050 3392 loretopus‚quandoqnidem
1094 3333 1200 3382 scientiae
1226 3332 1332 3394 speclea,
1356 3332 1459 3394 primum
1480 3334 1650 3396 contemplatio
1669 3333 1789 3396 dignitatis
1823 3337 1877 3396 rei,

280 3417 416 3467 subtiliores
426 3415 557 3466 divisiones
573 3429 604 3466 on
619 3417 648 3465 iis
658 3429 713 3478 quas
728 3416 850 3479 proposita
860 3417 916 3465 sunt
927 3416 1050 3478 oriuntur;
1094 3432 1165 3481 qurum
1178 3420 1308 3470 consectari
1322 3418 1448 3482 volumus,
1462 3421 1519 3482 quia
1529 3420 1642 3483 appetitio
1655 3425 1710 3470 ante
1722 3423 1877 3484 conternpla·

279 3505 397 3568 quioniam
409 3517 468 3554 vero
479 3503 635 3554 mediocrium
647 3517 743 3566 qusque
758 3503 881 3553 hominum
893 3516 952 3552 cura
960 3503 1051 3564 agenda
1094 3506 1185 3556 tionem
1200 3507 1286 3558 miloni
1298 3509 1456 3558 consentanea
1470 3521 1521 3558 casa
1535 3521 1581 3557 non
1593 3509 1686 3570 potest,
1697 3511 1877 3571 contemptatio

278 3591 384 3653 est‚qoi
400 3603 475 3654 qaum
488 3590 518 3640 iis
532 3591 570 3640 vsi
582 3604 624 3654 per
635 3591 749 3652 temporis
765 3590 887 3652 augustias
895 3592 934 3640 rel
947 3604 989 3652 per
1008 3603 1049 3640 ne·
1094 3595 1174 3642 arrian
1188 3595 1224 3644 est
1243 3595 1278 3643 rei
1297 3593 1454 3644 consideratio
1468 3597 1492 3644 si
1506 3594 1573 3656 quasi
1592 3593 1624 3644 de
1640 3608 1670 3644 ea
1680 3594 1799 3655 judiciuin
1818 3597 1877 3656 ejus

278 3679 379 3729 cessaria
396 3678 507 3741 quadam
519 3666 619 3740 ⁴nogotia
632 3678 782 3728 uberioribus
798 3678 999 3741 disputationibus
1009 3691 1050 3728 ra·
1094 3681 1239 3743 inspectione
1246 3680 1360 3731 innixum
1381 3703 1387 3730 r
1410 3695 1480 3744 porro
1494 3683 1608 3744 appetitio
1624 3684 1657 3732 rai
1672 3684 1744 3744 proha
1758 3687 1877 3735 conside·

277 3777 332 3816 care
342 3780 392 3815 non
402 3768 488 3829 liceat,
502 3770 583 3816 lamen
595 3780 625 3816 es
635 3767 731 3816 monitis
742 3767 867 3816 utilitatem
881 3768 990 3828 capiunt,
1002 3779 1049 3816 nou
1094 3773 1150 3818 rator
1159 3769 1265 3822 adhihila
1275 3786 1281 3818 :
1292 3770 1393 3832 denique
1408 3772 1470 3819 actio
1480 3784 1533 3833 quae
1548 3771 1643 3834 utrique
1653 3771 1876 3834 insuperanuecti·

277 3853 424 3903 omittendus
435 3857 472 3903 est
486 3860 661 3916 preceptorum
675 3857 803 3916 hactatus,
816 3855 859 3916 cui
873 3857 924 3904 tuta
938 3857 1049 3916 rectaque
1093 3860 1141 3906 tur.
1174 3859 1325 3919 Quapropter
1336 3858 1375 3906 har
1388 3859 1470 3918 primu·
1481 3861 1537 3908 sunt
1552 3872 1646 3907 morum
1660 3859 1762 3908 scientiae
1774 3867 1877 3921 partes,

277 3943 308 3992 dc
320 3942 466 4004 singulorum
476 3956 520 3991 usu
532 3943 628 3991 consilia
638 3943 720 4004 paucis
729 3943 807 3992 verbis
818 3944 986 4004 comprehensa
998 3941 1046 3991 dal.
1092 3935 1293 4006 contemplativa,
1308 3945 1458 4006 appetitionis
1473 3947 1584 4008 propria,
1598 3945 1689 4006 activa;
1705 3959 1811 4008 quarum
1823 3951 1877 3998 siu·

294 4035 386 4096 *dique
400 4031 453 4079 hvnc
470 4030 568 4093 quidem
585 4029 690 4080 Philonis
703 4035 741 4080 eat
757 4030 851 4080 divisio.
883 4033 934 4090 Εςο
950 4043 1009 4078 vero
1028 4031 1048 4078 si
1092 4033 1154 4090 gutia
1172 4044 1255 4102 τυιεοε
1273 4031 1419 4081 dividuntur.
1452 4036 1513 4084 Nam
1527 4033 1695 4096 contemplatio
1708 4034 1817 4095 primum
1836 4040 1878 4088 vel

275 4119 561 4180 paullosegnioressem,
578 4117 618 4166 illa
634 4115 819 4177 contentuajam
832 4114 944 4176 dogmata
957 4127 1047 4164 coune-
1092 4132 1174 4167 veram
1195 4119 1426 4169 alterationem
1447 4121 1621 4170 iustitutionem
1640 4121 1679 4170 vet
1694 4121 1759 4183 quod
1776 4121 1877 4174 dicitur

176 4245 179 4255 .
274 4212 380 4265 ctorem,
393 4206 549 4265 descriptione
567 4218 610 4254 sex
626 4205 732 4267 partibus
743 4204 870 4252 constante
889 4202 1046 4253 sublevatus:
1094 4207 1150 4255 vitae
1163 4207 1299 4256 institutoria
1316 4210 1419 4268 tractat;
1435 4209 1470 4256 vel
1485 4221 1540 4270 qrrae
1558 4208 1588 4257 ad
1603 4209 1662 4256 iliud
1681 4209 1745 4272 quod
1760 4211 1877 4270 petimus

273 4306 350 4354 quarn
362 4293 443 4341 autern
456 4291 590 4340 existimem
603 4289 707 4351 primum
722 4290 832 4338 naturam
846 4287 881 4336 rei
903 4287 1046 4348 tradendas,
1091 4295 1286 4364 consequendum
1301 4295 1418 4356 pertinent
1433 4296 1481 4356 (ml
1497 4309 1552 4358 quae
1566 4297 1669 4346 virtutes
1689 4302 1713 4346 et
1731 4298 1793 4346 vitia
1808 4302 1875 4350 scete⁴
1965 4287 1966 4294 ’

274 4380 361 4429 deiude
380 4377 519 4442 qualitatem
534 4377 599 4426 iliius
610 4378 635 4425 et
647 4376 819 4438 quantitatem,
833 4374 936 4437 denique
950 4375 1046 4424 relatio·
1092 4381 1196 4450 rantur),
1207 4382 1245 4430 vei
1259 4382 1385 4443 qualitntes
1393 4383 1523 4432 secuudum
1534 4384 1637 4434 suturas
1646 4419 1655 4446 ,
1664 4383 1728 4446 quud
1740 4384 1875 4448 proprium

273 4482 329 4518 nem
342 4467 436 4529 eiusad
447 4465 620 4526 aliasroemihl
632 4463 1048 4527 inspiciendarucssc,dcditaopcra
1090 4481 1119 4516 ac
1143 4467 1260 4530 peculiare
1285 4473 1399 4528 vocatum
1423 4469 1460 4520 vel
1486 4474 1550 4520 aries
1572 4475 1598 4521 el
1621 4471 1708 4521 studia.
1740 4473 1874 4524 Virtutum

241 4551 244 4555 ’
274 4557 441 4618 εΙῖοεφυσςιιε
463 4552 624 4604 consulendos
640 4551 736 4612 iudico,
754 4554 782 4602 ut
800 4565 848 4601 non
864 4554 1009 4611 omnca‚ita
1022 4553 1046 4602 iu
1092 4568 1164 4616 porro
1184 4556 1293 4607 tractatio
1308 4557 1393 4618 partim
1416 4558 1553 4607 communis
1570 4561 1623 4619 est,
1645 4559 1732 4621 pariivu
1754 4563 1877 4623 propria;

274 4644 313 4692 his
326 4643 475 4706 praecipuos(
634 4622 638 4630 ⁸
844 4693 847 4696 ,
1090 4643 1225 4691 cummunis
1241 4642 1352 4706 quidem,
1361 4647 1390 4693 ut
1399 4642 1429 4693 da
1440 4644 1547 4706 iustitia,
1557 4645 1745 4706 detortitudino,
1758 4645 1792 4696 de
1806 4653 1874 4698 tern-

304 4732 347 4779 Est
365 4731 437 4793 igitur
450 4728 538 4779 Eudori
552 4727 719 4790 Alexandrini,
729 4727 880 4787 academici,
895 4727 981 4777 divisio
991 4727 1045 4790 phi·
1090 4730 1212 4791 perantia,
1225 4729 1256 4780 dc
1271 4729 1395 4792 prudentis
1413 4733 1438 4780 cl
1450 4731 1516 4792 aliiae
1532 4733 1627 4795 propria
1643 4745 1700 4784 vcro
1718 4732 1873 4784 adhortatio-

274 4819 389 4881 lovophiar
408 4819 525 4868 universas
547 4818 572 4866 in
585 4817 699 4880 praeclaro
712 4815 773 4866 libro
785 4816 887 4877 tradita,
902 4816 989 4878 inquo
1005 4819 1044 4865 to·
1089 4830 1142 4868 nem
1158 4818 1332 4882 complectitur,
1346 4832 1402 4882 que
1415 4820 1568 4870 virtutemne
1587 4821 1671 4871 vitium
1692 4823 1873 4874 duntaxatde-
1965 4833 1966 4896 γ

272 4916 322 4958 tarn
335 4909 458 4957 εείειιιίειιι
473 4908 503 4956 ad
515 4909 659 4971 questiones
674 4906 770 4968 retulit,
784 4906 853 4967 cujus
865 4919 910 4968 ego
921 4905 1045 4955 divisionis
1090 4906 1216 4955 monstrat.
1249 4909 1279 4956 lit
1294 4907 1464 4970 contemplatio
1478 4905 1575 4968 quidem
1586 4908 1874 4972 singulorumdigrvitstia
1965 4915 1966 4918 ’

274 4998 363 5055 partem
378 4996 463 5046 ethicae
475 4997 593 5058 propriam
603 4997 627 5044 iu
637 4995 742 5045 medium
756 4994 882 5056 proferam.
913 4994 952 5043 sic
963 4999 1044 5043 nutem
1088 4993 1112 5041 in
1126 4994 1163 5043 tot
1175 4994 1294 5055 generales
1306 4991 1372 5044 ludos
1384 4997 1489 5058 secatur,
1502 4996 1620 5059 siquidem
1631 4997 1750 5048 bonorum
1762 4997 1833 5048 iocus
1844 5004 1873 5049 et

272 5082 391 5131 sehabet.
424 5085 505 5139 Quum
518 5083 597 5132 omnis
609 5082 640 5131 de
658 5081 807 5144 philosophia
819 5081 948 5143 disputatio
958 5081 1044 5142 triplex
1088 5083 1207 5133 malorum
1221 5083 1307 5134 rnrrltas
1320 5084 1450 5136 divisiones
1464 5086 1587 5149 continet,
1600 5089 1628 5136 ut
1639 5087 1670 5138 de
1684 5089 1825 5151 productis,
1836 5089 1873 5139 de

272 5169 376 5228 ait‚una
391 5170 442 5231 ejus
454 5184 510 5233 pars
522 5170 740 5230 moralisest‚aiia
751 5171 859 5233 physica,
875 5169 945 5219 tertis
958 5169 1042 5232 logias
1090 5170 1209 5231 amicitia,
1223 5171 1761 5235 devoluptate,deglorimdahunaiudolc.
1795 5177 1869 5231 Qua·
1965 5207 1966 5234 ÷

271 5261 345 5309 Porro
364 5259 459 5308 irroratis
472 5257 620 5320 philosonhia
641 5262 728 5320 partim
741 5261 804 5309 circs
819 5258 1042 5321 contemplationem
1087 5258 1150 5308 circa
1164 5259 1237 5309 ctiam
1251 5258 1281 5309 ad
1294 5259 1416 5311 locumde
1429 5259 1533 5311 amicih'a
1546 5261 1616 5312 veleri
1630 5259 1786 5312 Eudorusnb
1801 5263 1871 5312 u'nri·
