<?xml version="1.0" encoding="UTF-8"?>
<!DOCTYPE html PUBLIC "-//W3C//DTD XHTML 1.0 Transitional//EN"
    "http://www.w3.org/TR/xhtml1/DTD/xhtml1-transitional.dtd">
<html xmlns="http://www.w3.org/1999/xhtml" xml:lang="en" lang="en">
 <head>
  <title>
</title>
<meta http-equiv="Content-Type" content="text/html;charset=utf-8" />
  <meta name='ocr-system' content='tesseract 3.04.00' />
  <meta name='ocr-capabilities' content='ocr_page ocr_carea ocr_par ocr_line ocrx_word'/>
</head>
<body>
  <div class='ocr_page' id='page_1' title='image "./fragmentaphilos02mullgoog/fragmentaphilos02mullgoog_0026.png"; bbox 0 0 3959 5925; ppageno 0'>
   <div class='ocr_carea' id='block_1_1' title="bbox 274 486 1217 557">
    <p class='ocr_par' dir='ltr' id='par_1_1' title="bbox 274 486 1217 557">
     <span class='ocr_line' id='line_1_1' title="bbox 274 486 1217 557; baseline -0.011 -1"><span class='ocrx_word' id='word_1_1' title='bbox 274 516 332 556; x_wconf 81' lang='grc' dir='ltr'>νιιι</span> <span class='ocrx_word' id='word_1_2' title='bbox 910 488 961 557; x_wconf 83' lang='lat' dir='ltr'><strong>DE</strong></span> <span class='ocrx_word' id='word_1_3' title='bbox 980 486 1217 547; x_wconf 77' lang='lat' dir='ltr'><strong>PYTflauottt</strong></span> 
     </span>
    </p>
   </div>
   <div class='ocr_carea' id='block_1_2' title="bbox 271 616 1870 1485">
    <p class='ocr_par' dir='ltr' id='par_1_2' title="bbox 271 616 1870 1485">
     <span class='ocr_line' id='line_1_2' title="bbox 274 616 1866 704; baseline -0.006 -15"><span class='ocrx_word' id='word_1_4' title='bbox 274 624 578 704; x_wconf 82' lang='lat' dir='ltr'><strong>rentur.lltqueipsius</strong></span> <span class='ocrx_word' id='word_1_5' title='bbox 586 622 702 700; x_wconf 87' lang='lat' dir='ltr'><strong>quidem</strong></span> <span class='ocrx_word' id='word_1_6' title='bbox 712 618 1048 697; x_wconf 83' lang='lat' dir='ltr'><strong>Pythagoraediscipulos</strong></span> <span class='ocrx_word' id='word_1_7' title='bbox 1091 618 1227 675; x_wconf 78' lang='lat' dir='ltr'>exstitere</span> <span class='ocrx_word' id='word_1_8' title='bbox 1244 616 1435 693; x_wconf 89' lang='lat' dir='ltr'><strong>physicorum</strong></span> <span class='ocrx_word' id='word_1_9' title='bbox 1459 621 1577 677; x_wconf 89' lang='lat' dir='ltr'><strong>nomine</strong></span> <span class='ocrx_word' id='word_1_10' title='bbox 1603 620 1778 698; x_wconf 82' lang='lat' dir='ltr'><strong>appellatio</strong></span> <span class='ocrx_word' id='word_1_11' title='bbox 1800 621 1866 699; x_wconf 87' lang='lat' dir='ltr'><strong>pul-</strong></span> 
     </span>
     <span class='ocr_line' id='line_1_3' title="bbox 274 704 1864 794; baseline -0.008 -17"><span class='ocrx_word' id='word_1_12' title='bbox 274 718 457 794; x_wconf 82' lang='lat' dir='ltr'><strong>antiquorum</strong></span> <span class='ocrx_word' id='word_1_13' title='bbox 471 712 602 771; x_wconf 90' lang='lat' dir='ltr'><strong>nonnulli</strong></span> <span class='ocrx_word' id='word_1_14' title='bbox 613 710 838 788; x_wconf 88' lang='lat' dir='ltr'><strong>Pythagoricos,</strong></span> <span class='ocrx_word' id='word_1_15' title='bbox 853 709 956 766; x_wconf 91' lang='lat' dir='ltr'><strong>horum</strong></span> <span class='ocrx_word' id='word_1_16' title='bbox 978 727 1047 767; x_wconf 90' lang='lat' dir='ltr'><strong>vcro</strong></span> <span class='ocrx_word' id='word_1_17' title='bbox 1091 704 1236 786; x_wconf 79' lang='lat' dir='ltr'><strong>cherrimo</strong></span> <span class='ocrx_word' id='word_1_18' title='bbox 1257 705 1310 762; x_wconf 92' lang='lat' dir='ltr'><strong>illo</strong></span> <span class='ocrx_word' id='word_1_19' title='bbox 1333 724 1367 763; x_wconf 87' lang='lat' dir='ltr'><strong>ac</strong></span> <span class='ocrx_word' id='word_1_20' title='bbox 1390 705 1493 763; x_wconf 87' lang='lat' dir='ltr'><strong>divino</strong></span> <span class='ocrx_word' id='word_1_21' title='bbox 1518 706 1664 785; x_wconf 91' lang='lat' dir='ltr'><strong>principio</strong></span> <span class='ocrx_word' id='word_1_22' title='bbox 1680 709 1864 781; x_wconf 86' lang='lat' dir='ltr'><strong>aberrarunt,</strong></span> 
     </span>
     <span class='ocr_line' id='line_1_4' title="bbox 274 786 1867 873; baseline -0.002 -18"><span class='ocrx_word' id='word_1_23' title='bbox 274 796 431 873; x_wconf 88' lang='lat' dir='ltr'><strong>discipulos</strong></span> <span class='ocrx_word' id='word_1_24' title='bbox 452 792 662 869; x_wconf 88' lang='lat' dir='ltr'><strong>Pythagoreos,</strong></span> <span class='ocrx_word' id='word_1_25' title='bbox 676 790 823 866; x_wconf 87' lang='lat' dir='ltr'><strong>sapientiae</strong></span> <span class='ocrx_word' id='word_1_26' title='bbox 842 787 967 864; x_wconf 87' lang='lat' dir='ltr'><strong>denique</strong></span> <span class='ocrx_word' id='word_1_27' title='bbox 988 786 1047 864; x_wconf 87' lang='lat' dir='ltr'><strong>Py·</strong></span> <span class='ocrx_word' id='word_1_28' title='bbox 1091 793 1189 851; x_wconf 89' lang='lat' dir='ltr'><strong>omnia</strong></span> <span class='ocrx_word' id='word_1_29' title='bbox 1202 790 1373 869; x_wconf 81' lang='lat' dir='ltr'><strong>corporibus</strong></span> <span class='ocrx_word' id='word_1_30' title='bbox 1385 810 1544 869; x_wconf 88' lang='lat' dir='ltr'><strong>eorumque</strong></span> <span class='ocrx_word' id='word_1_31' title='bbox 1567 792 1786 869; x_wconf 83' lang='lat' dir='ltr'><strong>allectionibus,</strong></span> <span class='ocrx_word' id='word_1_32' title='bbox 1801 795 1867 852; x_wconf 92' lang='lat' dir='ltr'><strong>icti·</strong></span> 
     </span>
     <span class='ocr_line' id='line_1_5' title="bbox 274 874 1867 959; baseline -0.002 -17"><span class='ocrx_word' id='word_1_33' title='bbox 274 885 415 959; x_wconf 84' lang='lat' dir='ltr'><strong>thagoreae</strong></span> <span class='ocrx_word' id='word_1_34' title='bbox 424 874 1048 955; x_wconf 60' lang='lat' dir='ltr'><strong>aemulosPythagoristasvocaruntlidhlla·</strong></span> <span class='ocrx_word' id='word_1_35' title='bbox 1091 876 1162 950; x_wconf 90' lang='lat' dir='ltr'><strong>hus,</strong></span> <span class='ocrx_word' id='word_1_36' title='bbox 1177 878 1402 951; x_wconf 78' lang='lat' dir='ltr'><strong>mutationibus,</strong></span> <span class='ocrx_word' id='word_1_37' title='bbox 1423 891 1647 957; x_wconf 86' lang='lat' dir='ltr'><strong>temperamento</strong></span> <span class='ocrx_word' id='word_1_38' title='bbox 1668 881 1794 958; x_wconf 88' lang='lat' dir='ltr'><strong>denique</strong></span> <span class='ocrx_word' id='word_1_39' title='bbox 1813 883 1867 940; x_wconf 90' lang='lat' dir='ltr'><strong>tri-</strong></span> 
     </span>
     <span class='ocr_line' id='line_1_6' title="bbox 273 958 1868 1046; baseline -0.001 -16"><span class='ocrx_word' id='word_1_40' title='bbox 273 973 389 1030; x_wconf 90' lang='lat' dir='ltr'><strong>tendum</strong></span> <span class='ocrx_word' id='word_1_41' title='bbox 406 984 498 1028; x_wconf 92' lang='lat' dir='ltr'><strong>tamen</strong></span> <span class='ocrx_word' id='word_1_42' title='bbox 510 966 570 1024; x_wconf 83' lang='lat' dir='ltr'><strong>haec</strong></span> <span class='ocrx_word' id='word_1_43' title='bbox 585 965 753 1023; x_wconf 89' lang='lat' dir='ltr'><strong>discrimina</strong></span> <span class='ocrx_word' id='word_1_44' title='bbox 766 982 840 1040; x_wconf 85' lang='lat' dir='ltr'><strong>saepe</strong></span> <span class='ocrx_word' id='word_1_45' title='bbox 854 961 972 1035; x_wconf 82' lang='lat' dir='ltr'><strong>negligi.</strong></span> <span class='ocrx_word' id='word_1_46' title='bbox 988 960 1046 1019; x_wconf 84' lang='lat' dir='ltr'><strong>Nos</strong></span> <span class='ocrx_word' id='word_1_47' title='bbox 1061 958 1065 965; x_wconf 75' lang='grc'><strong>’</strong></span> <span class='ocrx_word' id='word_1_48' title='bbox 1091 964 1220 1026; x_wconf 86' lang='lat' dir='ltr'><strong>buentes.</strong></span> <span class='ocrx_word' id='word_1_49' title='bbox 1235 967 1300 1035; x_wconf 82' lang='lat' dir='ltr'><strong>Quo</strong></span> <span class='ocrx_word' id='word_1_50' title='bbox 1313 968 1358 1038; x_wconf 91' lang='lat' dir='ltr'><strong>lit,</strong></span> <span class='ocrx_word' id='word_1_51' title='bbox 1371 980 1403 1025; x_wconf 92' lang='lat' dir='ltr'><strong>ut</strong></span> <span class='ocrx_word' id='word_1_52' title='bbox 1413 979 1603 1043; x_wconf 87' lang='lat' dir='ltr'><strong>utrorumque</strong></span> <span class='ocrx_word' id='word_1_53' title='bbox 1615 969 1690 1026; x_wconf 87' lang='lat' dir='ltr'><strong>ratio</strong></span> <span class='ocrx_word' id='word_1_54' title='bbox 1702 970 1868 1046; x_wconf 79' lang='lat' dir='ltr'><strong>imperfecta</strong></span> 
     </span>
     <span class='ocr_line' id='line_1_7' title="bbox 272 1048 1866 1135; baseline 0.003 -24"><span class='ocrx_word' id='word_1_55' title='bbox 272 1078 363 1135; x_wconf 79' lang='lat' dir='ltr'><strong>pauca</strong></span> <span class='ocrx_word' id='word_1_56' title='bbox 382 1058 417 1115; x_wconf 83' lang='lat' dir='ltr'><strong>de</strong></span> <span class='ocrx_word' id='word_1_57' title='bbox 433 1054 563 1131; x_wconf 83' lang='lat' dir='ltr'><strong>magistri</strong></span> <span class='ocrx_word' id='word_1_58' title='bbox 576 1054 727 1130; x_wconf 71' lang='lat' dir='ltr'><strong>praeceptis</strong></span> <span class='ocrx_word' id='word_1_59' title='bbox 740 1050 851 1129; x_wconf 75' lang='lat' dir='ltr'><strong>praelati</strong></span> <span class='ocrx_word' id='word_1_60' title='bbox 862 1049 999 1125; x_wconf 84' lang='lat' dir='ltr'><strong>deinceps</strong></span> <span class='ocrx_word' id='word_1_61' title='bbox 1009 1048 1046 1106; x_wconf 93' lang='lat' dir='ltr'><strong>de</strong></span> <span class='ocrx_word' id='word_1_62' title='bbox 1089 1054 1141 1123; x_wconf 89' lang='lat' dir='ltr'><strong>sit,</strong></span> <span class='ocrx_word' id='word_1_63' title='bbox 1154 1056 1291 1130; x_wconf 91' lang='lat' dir='ltr'><strong>quoniam</strong></span> <span class='ocrx_word' id='word_1_64' title='bbox 1310 1054 1342 1112; x_wconf 92' lang='lat' dir='ltr'><strong>hi</strong></span> <span class='ocrx_word' id='word_1_65' title='bbox 1363 1074 1460 1112; x_wconf 89' lang='lat' dir='ltr'><strong>rerum</strong></span> <span class='ocrx_word' id='word_1_66' title='bbox 1475 1069 1621 1113; x_wconf 83' lang='lat' dir='ltr'>auctorem</span> <span class='ocrx_word' id='word_1_67' title='bbox 1635 1069 1664 1113; x_wconf 90' lang='lat' dir='ltr'><strong>et</strong></span> <span class='ocrx_word' id='word_1_68' title='bbox 1684 1056 1866 1129; x_wconf 82' lang='lat' dir='ltr'><strong>effectorem,</strong></span> 
     </span>
     <span class='ocr_line' id='line_1_8' title="bbox 272 1136 1868 1223; baseline -0.001 -19"><span class='ocrx_word' id='word_1_69' title='bbox 272 1143 544 1223; x_wconf 83' lang='lat' dir='ltr'><strong>Archyta,Philolao</strong></span> <span class='ocrx_word' id='word_1_70' title='bbox 553 1142 718 1217; x_wconf 72' lang='lat' dir='ltr'><strong>caeterisque</strong></span> <span class='ocrx_word' id='word_1_71' title='bbox 727 1136 833 1216; x_wconf 85' lang='lat' dir='ltr'><strong>quihus</strong></span> <span class='ocrx_word' id='word_1_72' title='bbox 842 1136 999 1211; x_wconf 87' lang='lat' dir='ltr'><strong>fragmenta</strong></span> <span class='ocrx_word' id='word_1_73' title='bbox 1005 1149 1046 1193; x_wconf 91' lang='lat' dir='ltr'><strong>at·</strong></span> <span class='ocrx_word' id='word_1_74' title='bbox 1089 1140 1135 1197; x_wconf 92' lang='lat' dir='ltr'><strong>illi</strong></span> <span class='ocrx_word' id='word_1_75' title='bbox 1149 1160 1249 1199; x_wconf 89' lang='lat' dir='ltr'><strong>earum</strong></span> <span class='ocrx_word' id='word_1_76' title='bbox 1265 1141 1413 1199; x_wconf 88' lang='lat' dir='ltr'><strong>materiam</strong></span> <span class='ocrx_word' id='word_1_77' title='bbox 1424 1154 1453 1200; x_wconf 91' lang='lat' dir='ltr'><strong>et</strong></span> <span class='ocrx_word' id='word_1_78' title='bbox 1467 1143 1658 1201; x_wconf 90' lang='lat' dir='ltr'><strong>instrumenta</strong></span> <span class='ocrx_word' id='word_1_79' title='bbox 1671 1143 1810 1216; x_wconf 85' lang='lat' dir='ltr'><strong>ignorant</strong></span> <span class='ocrx_word' id='word_1_80' title='bbox 1822 1146 1868 1203; x_wconf 80' lang='lat' dir='ltr'><strong>rel</strong></span> 
     </span>
     <span class='ocr_line' id='line_1_9' title="bbox 272 1222 1868 1304; baseline -0.003 -11"><span class='ocrx_word' id='word_1_81' title='bbox 272 1230 718 1292; x_wconf 87' lang='lat' dir='ltr'><strong>tribuunturdicemus.Pt·imum</strong></span> <span class='ocrx_word' id='word_1_82' title='bbox 730 1222 1046 1300; x_wconf 82' lang='lat' dir='ltr'><strong>omniumsectaehujus</strong></span> <span class='ocrx_word' id='word_1_83' title='bbox 1090 1227 1233 1285; x_wconf 84' lang='lat' dir='ltr'><strong>omittunt</strong></span> <span class='ocrx_word' id='word_1_84' title='bbox 1253 1254 1265 1279; x_wconf 78' lang='grc' dir='ltr'><strong>ι</strong></span> <span class='ocrx_word' id='word_1_85' title='bbox 1286 1227 1480 1304; x_wconf 89' lang='lat' dir='ltr'><strong>Utrorumque</strong></span> <span class='ocrx_word' id='word_1_86' title='bbox 1503 1230 1593 1304; x_wconf 90' lang='lat' dir='ltr'><strong>igitur</strong></span> <span class='ocrx_word' id='word_1_87' title='bbox 1606 1228 1684 1287; x_wconf 90' lang='lat' dir='ltr'><strong>hona</strong></span> <span class='ocrx_word' id='word_1_88' title='bbox 1706 1232 1767 1288; x_wconf 88' lang='lat' dir='ltr'><strong>suis</strong></span> <span class='ocrx_word' id='word_1_89' title='bbox 1785 1231 1868 1289; x_wconf 89' lang='lat' dir='ltr'><strong>insti·</strong></span> 
     </span>
     <span class='ocr_line' id='line_1_10' title="bbox 272 1310 1869 1394; baseline -0.003 -15"><span class='ocrx_word' id='word_1_90' title='bbox 272 1322 423 1381; x_wconf 88' lang='lat' dir='ltr'><strong>consilium</strong></span> <span class='ocrx_word' id='word_1_91' title='bbox 435 1318 544 1394; x_wconf 86' lang='lat' dir='ltr'><strong>exejus</strong></span> <span class='ocrx_word' id='word_1_92' title='bbox 555 1317 668 1391; x_wconf 84' lang='lat' dir='ltr'><strong>origine</strong></span> <span class='ocrx_word' id='word_1_93' title='bbox 682 1315 775 1391; x_wconf 89' lang='lat' dir='ltr'><strong>repeti</strong></span> <span class='ocrx_word' id='word_1_94' title='bbox 786 1311 929 1369; x_wconf 91' lang='lat' dir='ltr'><strong>convenit.</strong></span> <span class='ocrx_word' id='word_1_95' title='bbox 941 1310 1045 1369; x_wconf 87' lang='lat' dir='ltr'><strong>Nactus</strong></span> <span class='ocrx_word' id='word_1_96' title='bbox 1090 1314 1160 1370; x_wconf 90' lang='lat' dir='ltr'><strong>tutis</strong></span> <span class='ocrx_word' id='word_1_97' title='bbox 1174 1314 1310 1388; x_wconf 86' lang='lat' dir='ltr'><strong>colligare</strong></span> <span class='ocrx_word' id='word_1_98' title='bbox 1324 1326 1353 1370; x_wconf 94' lang='lat' dir='ltr'><strong>et</strong></span> <span class='ocrx_word' id='word_1_99' title='bbox 1374 1314 1527 1391; x_wconf 83' lang='lat' dir='ltr'>complecti</span> <span class='ocrx_word' id='word_1_100' title='bbox 1548 1314 1728 1389; x_wconf 87' lang='lat' dir='ltr'><strong>Pythagoras</strong></span> <span class='ocrx_word' id='word_1_101' title='bbox 1751 1328 1869 1375; x_wconf 86' lang='lat' dir='ltr'><strong>conatus</strong></span> 
     </span>
     <span class='ocr_line' id='line_1_11' title="bbox 271 1398 1870 1485; baseline -0.004 -18"><span class='ocrx_word' id='word_1_102' title='bbox 271 1424 314 1469; x_wconf 90' lang='lat' dir='ltr'><strong>est</strong></span> <span class='ocrx_word' id='word_1_103' title='bbox 324 1409 503 1485; x_wconf 89' lang='lat' dir='ltr'><strong>Pythagoras</strong></span> <span class='ocrx_word' id='word_1_104' title='bbox 517 1404 642 1481; x_wconf 91' lang='lat' dir='ltr'><strong>duplicis</strong></span> <span class='ocrx_word' id='word_1_105' title='bbox 659 1402 772 1477; x_wconf 89' lang='lat' dir='ltr'><strong>generis</strong></span> <span class='ocrx_word' id='word_1_106' title='bbox 790 1398 956 1474; x_wconf 87' lang='lat' dir='ltr'><strong>magistros,</strong></span> <span class='ocrx_word' id='word_1_107' title='bbox 972 1399 1045 1458; x_wconf 88' lang='lat' dir='ltr'><strong>alios</strong></span> <span class='ocrx_word' id='word_1_108' title='bbox 1089 1410 1141 1457; x_wconf 91' lang='lat' dir='ltr'><strong>est.</strong></span> <span class='ocrx_word' id='word_1_109' title='bbox 1156 1399 1299 1467; x_wconf 85' lang='lat' dir='ltr'><strong>Quocirca</strong></span> <span class='ocrx_word' id='word_1_110' title='bbox 1317 1418 1334 1456; x_wconf 93' lang='lat' dir='ltr'>e</span> <span class='ocrx_word' id='word_1_111' title='bbox 1355 1399 1555 1475; x_wconf 82' lang='lat' dir='ltr'><strong>theologorum</strong></span> <span class='ocrx_word' id='word_1_112' title='bbox 1573 1400 1729 1478; x_wconf 79' lang='lat' dir='ltr'><strong>disciplina</strong></span> <span class='ocrx_word' id='word_1_113' title='bbox 1751 1403 1870 1463; x_wconf 90' lang='lat' dir='ltr'><strong>retinuit</strong></span> 
     </span>
    </p>
   </div>
   <div class='ocr_carea' id='block_1_3' title="bbox 171 1482 1869 1564">
    <p class='ocr_par' dir='ltr' id='par_1_3' title="bbox 171 1482 1869 1564">
     <span class='ocr_line' id='line_1_12' title="bbox 171 1482 1869 1564; baseline -0.005 -8"><span class='ocrx_word' id='word_1_114' title='bbox 171 1482 173 1495; x_wconf 74' lang='lat'>¹</span> <span class='ocrx_word' id='word_1_115' title='bbox 270 1518 366 1556; x_wconf 90' lang='lat' dir='ltr'><strong>rerum</strong></span> <span class='ocrx_word' id='word_1_116' title='bbox 378 1496 542 1554; x_wconf 88' lang='lat' dir='ltr'><strong>divinarum</strong></span> <span class='ocrx_word' id='word_1_117' title='bbox 554 1491 716 1560; x_wconf 90' lang='lat' dir='ltr'><strong>studiosos,</strong></span> <span class='ocrx_word' id='word_1_118' title='bbox 727 1488 922 1564; x_wconf 80' lang='lat' dir='ltr'>Pherecydem</span> <span class='ocrx_word' id='word_1_119' title='bbox 937 1499 965 1544; x_wconf 86' lang='lat' dir='ltr'><strong>et</strong></span> <span class='ocrx_word' id='word_1_120' title='bbox 978 1487 1045 1564; x_wconf 82' lang='lat' dir='ltr'><strong>Epi·</strong></span> <span class='ocrx_word' id='word_1_121' title='bbox 1090 1489 1241 1543; x_wconf 90' lang='lat' dir='ltr'><strong>numinum</strong></span> <span class='ocrx_word' id='word_1_122' title='bbox 1256 1499 1285 1543; x_wconf 92' lang='lat' dir='ltr'><strong>et</strong></span> <span class='ocrx_word' id='word_1_123' title='bbox 1299 1486 1451 1561; x_wconf 87' lang='lat' dir='ltr'><strong>geniorum</strong></span> <span class='ocrx_word' id='word_1_124' title='bbox 1465 1488 1497 1544; x_wconf 90' lang='lat' dir='ltr'><strong>in</strong></span> <span class='ocrx_word' id='word_1_125' title='bbox 1508 1486 1597 1545; x_wconf 88' lang='lat' dir='ltr'><strong>rebus</strong></span> <span class='ocrx_word' id='word_1_126' title='bbox 1608 1490 1744 1546; x_wconf 88' lang='lat' dir='ltr'><strong>humanis</strong></span> <span class='ocrx_word' id='word_1_127' title='bbox 1766 1490 1826 1546; x_wconf 88' lang='lat' dir='ltr'><strong>vim</strong></span> <span class='ocrx_word' id='word_1_128' title='bbox 1842 1504 1869 1548; x_wconf 90' lang='lat' dir='ltr'><strong>et</strong></span> 
     </span>
    </p>
   </div>
   <div class='ocr_carea' id='block_1_4' title="bbox 266 1572 1898 2627">
    <p class='ocr_par' dir='ltr' id='par_1_4' title="bbox 266 1572 1898 2627">
     <span class='ocr_line' id='line_1_13' title="bbox 270 1572 1868 1655; baseline -0.008 -11"><span class='ocrx_word' id='word_1_129' title='bbox 270 1582 514 1655; x_wconf 88' lang='lat' dir='ltr'><strong>menidem‚alios</strong></span> <span class='ocrx_word' id='word_1_130' title='bbox 525 1580 640 1638; x_wconf 85' lang='lat' dir='ltr'><strong>lonicus</strong></span> <span class='ocrx_word' id='word_1_131' title='bbox 653 1575 853 1655; x_wconf 88' lang='lat' dir='ltr'><strong>philosophos,</strong></span> <span class='ocrx_word' id='word_1_132' title='bbox 865 1574 916 1651; x_wconf 92' lang='lat' dir='ltr'><strong>qui</strong></span> <span class='ocrx_word' id='word_1_133' title='bbox 931 1573 1045 1651; x_wconf 79' lang='lat' dir='ltr'><strong>physici</strong></span> <span class='ocrx_word' id='word_1_134' title='bbox 1089 1572 1244 1630; x_wconf 84' lang='lat' dir='ltr'><strong>efficaciam</strong></span> <span class='ocrx_word' id='word_1_135' title='bbox 1277 1592 1438 1650; x_wconf 91' lang='lat' dir='ltr'><strong>eorumque</strong></span> <span class='ocrx_word' id='word_1_136' title='bbox 1471 1574 1676 1651; x_wconf 89' lang='lat' dir='ltr'><strong>placandorum</strong></span> <span class='ocrx_word' id='word_1_137' title='bbox 1710 1574 1868 1648; x_wconf 74' lang='lat' dir='ltr'><strong>rationem,</strong></span> 
     </span>
     <span class='ocr_line' id='line_1_14' title="bbox 270 1657 1898 1741; baseline -0.009 -7"><span class='ocrx_word' id='word_1_138' title='bbox 270 1672 504 1741; x_wconf 85' lang='lat' dir='ltr'><strong>nominabantur,</strong></span> <span class='ocrx_word' id='word_1_139' title='bbox 532 1670 612 1726; x_wconf 88' lang='lat' dir='ltr'><strong>velut</strong></span> <span class='ocrx_word' id='word_1_140' title='bbox 646 1663 901 1725; x_wconf 82' lang='lat' dir='ltr'><strong>Anaximandrum.</strong></span> <span class='ocrx_word' id='word_1_141' title='bbox 930 1666 973 1719; x_wconf 88' lang='lat' dir='ltr'><strong>Ex</strong></span> <span class='ocrx_word' id='word_1_142' title='bbox 1000 1660 1045 1720; x_wconf 90' lang='lat' dir='ltr'><strong>his</strong></span> <span class='ocrx_word' id='word_1_143' title='bbox 1089 1657 1316 1730; x_wconf 87' lang='lat' dir='ltr'><strong>divinationem,</strong></span> <span class='ocrx_word' id='word_1_144' title='bbox 1341 1661 1432 1718; x_wconf 90' lang='lat' dir='ltr'><strong>animi</strong></span> <span class='ocrx_word' id='word_1_145' title='bbox 1454 1662 1672 1738; x_wconf 79' lang='lat' dir='ltr'><strong>purgationem,</strong></span> <span class='ocrx_word' id='word_1_146' title='bbox 1698 1662 1819 1738; x_wconf 73' lang='lat' dir='ltr'><strong>premia</strong></span> <span class='ocrx_word' id='word_1_147' title='bbox 1842 1676 1898 1739; x_wconf 79' lang='grc' dir='ltr'><strong>οιΙ</strong></span> 
     </span>
     <span class='ocr_line' id='line_1_15' title="bbox 268 1746 1871 1839; baseline -0.009 -16"><span class='ocrx_word' id='word_1_148' title='bbox 268 1746 716 1839; x_wconf 85' lang='lat' dir='ltr'><strong>igiturduahusdiseipliniseum</strong></span> <span class='ocrx_word' id='word_1_149' title='bbox 725 1769 777 1809; x_wconf 89' lang='lat' dir='ltr'><strong>sua</strong></span> <span class='ocrx_word' id='word_1_150' title='bbox 785 1750 918 1825; x_wconf 84' lang='lat' dir='ltr'><strong>dogmata</strong></span> <span class='ocrx_word' id='word_1_151' title='bbox 927 1746 1046 1832; x_wconf 78' lang='lat' dir='ltr'><strong>linxisse</strong></span> <span class='ocrx_word' id='word_1_152' title='bbox 1089 1768 1190 1825; x_wconf 85' lang='lat' dir='ltr'><strong>poenas</strong></span> <span class='ocrx_word' id='word_1_153' title='bbox 1207 1762 1275 1827; x_wconf 92' lang='lat' dir='ltr'><strong>post</strong></span> <span class='ocrx_word' id='word_1_154' title='bbox 1298 1762 1419 1806; x_wconf 91' lang='lat' dir='ltr'><strong>mortem</strong></span> <span class='ocrx_word' id='word_1_155' title='bbox 1442 1770 1449 1806; x_wconf 80' lang='grc' dir='ltr'><strong>ι</strong></span> <span class='ocrx_word' id='word_1_156' title='bbox 1471 1768 1489 1807; x_wconf 90' lang='grc' dir='ltr'>ο</span> <span class='ocrx_word' id='word_1_157' title='bbox 1508 1749 1638 1827; x_wconf 81' lang='lat' dir='ltr'><strong>physicis</strong></span> <span class='ocrx_word' id='word_1_158' title='bbox 1658 1762 1753 1808; x_wconf 88' lang='lat' dir='ltr'><strong>autem</strong></span> <span class='ocrx_word' id='word_1_159' title='bbox 1767 1752 1871 1809; x_wconf 87' lang='lat' dir='ltr'><strong>sumsit</strong></span> 
     </span>
     <span class='ocr_line' id='line_1_16' title="bbox 268 1834 1870 1928; baseline -0.008 -19"><span class='ocrx_word' id='word_1_160' title='bbox 268 1864 297 1909; x_wconf 93' lang='lat' dir='ltr'><strong>et</strong></span> <span class='ocrx_word' id='word_1_161' title='bbox 308 1849 459 1928; x_wconf 83' lang='lat' dir='ltr'><strong>copulasse</strong></span> <span class='ocrx_word' id='word_1_162' title='bbox 472 1864 557 1903; x_wconf 87' lang='lat' dir='ltr'><strong>nemo</strong></span> <span class='ocrx_word' id='word_1_163' title='bbox 576 1839 702 1917; x_wconf 85' lang='lat' dir='ltr'><strong>negabit.</strong></span> <span class='ocrx_word' id='word_1_164' title='bbox 716 1838 870 1896; x_wconf 86' lang='lat' dir='ltr'><strong>Videamus</strong></span> <span class='ocrx_word' id='word_1_165' title='bbox 885 1834 955 1911; x_wconf 94' lang='lat' dir='ltr'><strong>quid</strong></span> <span class='ocrx_word' id='word_1_166' title='bbox 968 1836 1045 1893; x_wconf 92' lang='lat' dir='ltr'><strong>inter</strong></span> <span class='ocrx_word' id='word_1_167' title='bbox 1088 1850 1198 1895; x_wconf 85' lang='lat' dir='ltr'><strong>naturae</strong></span> <span class='ocrx_word' id='word_1_168' title='bbox 1217 1838 1457 1914; x_wconf 83' lang='lat' dir='ltr'><strong>explicationem,</strong></span> <span class='ocrx_word' id='word_1_169' title='bbox 1469 1850 1501 1895; x_wconf 91' lang='lat' dir='ltr'><strong>ut</strong></span> <span class='ocrx_word' id='word_1_170' title='bbox 1522 1839 1553 1896; x_wconf 91' lang='lat' dir='ltr'><strong>in</strong></span> <span class='ocrx_word' id='word_1_171' title='bbox 1572 1858 1669 1896; x_wconf 90' lang='lat' dir='ltr'><strong>rerum</strong></span> <span class='ocrx_word' id='word_1_172' title='bbox 1691 1841 1785 1897; x_wconf 89' lang='lat' dir='ltr'><strong>causis</strong></span> <span class='ocrx_word' id='word_1_173' title='bbox 1805 1841 1870 1897; x_wconf 89' lang='lat' dir='ltr'><strong>red-</strong></span> 
     </span>
     <span class='ocr_line' id='line_1_17' title="bbox 268 1923 1869 2007; baseline -0.006 -13"><span class='ocrx_word' id='word_1_174' title='bbox 268 1936 335 1994; x_wconf 90' lang='lat' dir='ltr'><strong>illos</strong></span> <span class='ocrx_word' id='word_1_175' title='bbox 357 1936 477 1992; x_wconf 88' lang='lat' dir='ltr'><strong>deorum</strong></span> <span class='ocrx_word' id='word_1_176' title='bbox 503 1930 741 2007; x_wconf 90' lang='lat' dir='ltr'><strong>contemplatores</strong></span> <span class='ocrx_word' id='word_1_177' title='bbox 764 1926 827 1984; x_wconf 87' lang='lat' dir='ltr'><strong>sive</strong></span> <span class='ocrx_word' id='word_1_178' title='bbox 847 1924 996 2000; x_wconf 86' lang='lat' dir='ltr'><strong>theologos</strong></span> <span class='ocrx_word' id='word_1_179' title='bbox 1017 1938 1046 1984; x_wconf 87' lang='lat' dir='ltr'><strong>et</strong></span> <span class='ocrx_word' id='word_1_180' title='bbox 1089 1923 1192 1982; x_wconf 88' lang='lat' dir='ltr'><strong>dendis</strong></span> <span class='ocrx_word' id='word_1_181' title='bbox 1213 1925 1339 1982; x_wconf 87' lang='lat' dir='ltr'><strong>materiae</strong></span> <span class='ocrx_word' id='word_1_182' title='bbox 1352 1925 1480 1983; x_wconf 89' lang='lat' dir='ltr'><strong>indolem</strong></span> <span class='ocrx_word' id='word_1_183' title='bbox 1498 1945 1532 1983; x_wconf 89' lang='lat' dir='ltr'><strong>ac</strong></span> <span class='ocrx_word' id='word_1_184' title='bbox 1550 1930 1748 2003; x_wconf 73' lang='lat' dir='ltr'><strong>praestantiam</strong></span> <span class='ocrx_word' id='word_1_185' title='bbox 1762 1928 1869 2005; x_wconf 86' lang='lat' dir='ltr'><strong>patela-</strong></span> 
     </span>
     <span class='ocr_line' id='line_1_18' title="bbox 267 2012 1869 2099; baseline -0.003 -21"><span class='ocrx_word' id='word_1_186' title='bbox 267 2025 320 2080; x_wconf 90' lang='lat' dir='ltr'><strong>hos</strong></span> <span class='ocrx_word' id='word_1_187' title='bbox 332 2022 469 2099; x_wconf 85' lang='lat' dir='ltr'><strong>physicos</strong></span> <span class='ocrx_word' id='word_1_188' title='bbox 485 2020 680 2087; x_wconf 84' lang='lat' dir='ltr'><strong>intercesserit</strong></span> <span class='ocrx_word' id='word_1_189' title='bbox 695 2016 782 2092; x_wconf 87' lang='lat' dir='ltr'><strong>idque</strong></span> <span class='ocrx_word' id='word_1_190' title='bbox 800 2014 957 2071; x_wconf 90' lang='lat' dir='ltr'><strong>discrimen</strong></span> <span class='ocrx_word' id='word_1_191' title='bbox 978 2012 1044 2072; x_wconf 84' lang='lat' dir='ltr'><strong>Plu·</strong></span> <span class='ocrx_word' id='word_1_192' title='bbox 1089 2025 1173 2070; x_wconf 90' lang='lat' dir='ltr'><strong>ceret.</strong></span> <span class='ocrx_word' id='word_1_193' title='bbox 1191 2012 1332 2072; x_wconf 86' lang='lat' dir='ltr'><strong>Caeterum</strong></span> <span class='ocrx_word' id='word_1_194' title='bbox 1351 2013 1406 2069; x_wconf 92' lang='lat' dir='ltr'><strong>hoc</strong></span> <span class='ocrx_word' id='word_1_195' title='bbox 1428 2015 1515 2071; x_wconf 89' lang='lat' dir='ltr'><strong>etiam</strong></span> <span class='ocrx_word' id='word_1_196' title='bbox 1530 2014 1648 2072; x_wconf 90' lang='lat' dir='ltr'><strong>nomine</strong></span> <span class='ocrx_word' id='word_1_197' title='bbox 1662 2034 1679 2071; x_wconf 90' lang='lat' dir='ltr'><strong>a</strong></span> <span class='ocrx_word' id='word_1_198' title='bbox 1692 2026 1802 2071; x_wconf 85' lang='lat' dir='ltr'><strong>naturae</strong></span> <span class='ocrx_word' id='word_1_199' title='bbox 1822 2016 1869 2073; x_wconf 91' lang='lat' dir='ltr'><strong>in-</strong></span> 
     </span>
     <span class='ocr_line' id='line_1_19' title="bbox 268 2099 1870 2185; baseline -0.005 -17"><span class='ocrx_word' id='word_1_200' title='bbox 268 2110 367 2169; x_wconf 90' lang='lat' dir='ltr'><strong>tarcho</strong></span> <span class='ocrx_word' id='word_1_201' title='bbox 383 2121 499 2167; x_wconf 90' lang='lat' dir='ltr'><strong>auctore</strong></span> <span class='ocrx_word' id='word_1_202' title='bbox 519 2105 695 2185; x_wconf 85' lang='lat' dir='ltr'><strong>explicemus</strong></span> <span class='ocrx_word' id='word_1_203' title='bbox 709 2103 759 2180; x_wconf 90' lang='lat' dir='ltr'><strong>qui</strong></span> <span class='ocrx_word' id='word_1_204' title='bbox 774 2103 805 2159; x_wconf 92' lang='lat' dir='ltr'><strong>in</strong></span> <span class='ocrx_word' id='word_1_205' title='bbox 825 2100 902 2159; x_wconf 93' lang='lat' dir='ltr'><strong>libro</strong></span> <span class='ocrx_word' id='word_1_206' title='bbox 923 2100 959 2158; x_wconf 91' lang='lat' dir='ltr'><strong>de</strong></span> <span class='ocrx_word' id='word_1_207' title='bbox 979 2122 1043 2159; x_wconf 91' lang='lat' dir='ltr'><strong>ora·</strong></span> <span class='ocrx_word' id='word_1_208' title='bbox 1070 2099 1267 2179; x_wconf 24' lang='lat' dir='ltr'><strong>‚terpretibus</strong></span> <span class='ocrx_word' id='word_1_209' title='bbox 1296 2100 1431 2159; x_wconf 89' lang='lat' dir='ltr'><strong>diversus</strong></span> <span class='ocrx_word' id='word_1_210' title='bbox 1460 2101 1530 2172; x_wconf 84' lang='lat' dir='ltr'><strong>luit,</strong></span> <span class='ocrx_word' id='word_1_211' title='bbox 1557 2102 1635 2177; x_wconf 90' lang='lat' dir='ltr'><strong>quod</strong></span> <span class='ocrx_word' id='word_1_212' title='bbox 1661 2121 1750 2178; x_wconf 89' lang='lat' dir='ltr'><strong>quum</strong></span> <span class='ocrx_word' id='word_1_213' title='bbox 1775 2103 1819 2159; x_wconf 92' lang='lat' dir='ltr'><strong>illi</strong></span> <span class='ocrx_word' id='word_1_214' title='bbox 1839 2108 1870 2162; x_wconf 87' lang='lat' dir='ltr'><strong>in</strong></span> 
     </span>
     <span class='ocr_line' id='line_1_20' title="bbox 268 2188 1871 2272; baseline -0.003 -17"><span class='ocrx_word' id='word_1_215' title='bbox 268 2198 399 2255; x_wconf 88' lang='lat' dir='ltr'><strong>culorum</strong></span> <span class='ocrx_word' id='word_1_216' title='bbox 413 2196 523 2253; x_wconf 89' lang='lat' dir='ltr'><strong>delectu</strong></span> <span class='ocrx_word' id='word_1_217' title='bbox 533 2213 596 2272; x_wconf 89' lang='lat' dir='ltr'><strong>cap.</strong></span> <span class='ocrx_word' id='word_1_218' title='bbox 610 2196 646 2263; x_wconf 76' lang='lat'><strong>48</strong></span> <span class='ocrx_word' id='word_1_219' title='bbox 659 2192 718 2250; x_wconf 86' lang='lat' dir='ltr'><strong>vol.</strong></span> <span class='ocrx_word' id='word_1_220' title='bbox 731 2188 771 2247; x_wconf 84' lang='lat' dir='ltr'><strong>lx</strong></span> <span class='ocrx_word' id='word_1_221' title='bbox 793 2210 824 2267; x_wconf 89' lang='lat' dir='ltr'><strong>p.</strong></span> <span class='ocrx_word' id='word_1_222' title='bbox 838 2190 894 2266; x_wconf 86' lang='lat'><strong>379</strong></span> <span class='ocrx_word' id='word_1_223' title='bbox 906 2189 953 2251; x_wconf 89' lang='lat' dir='ltr'><strong>ed.</strong></span> <span class='ocrx_word' id='word_1_224' title='bbox 969 2190 1043 2247; x_wconf 91' lang='lat' dir='ltr'><strong>Hut-</strong></span> <span class='ocrx_word' id='word_1_225' title='bbox 1089 2205 1184 2243; x_wconf 87' lang='lat' dir='ltr'><strong>rerum</strong></span> <span class='ocrx_word' id='word_1_226' title='bbox 1193 2206 1398 2265; x_wconf 89' lang='lat' dir='ltr'><strong>corporearum</strong></span> <span class='ocrx_word' id='word_1_227' title='bbox 1409 2208 1442 2246; x_wconf 91' lang='lat' dir='ltr'><strong>ac</strong></span> <span class='ocrx_word' id='word_1_228' title='bbox 1449 2188 1638 2263; x_wconf 88' lang='lat' dir='ltr'><strong>singularium</strong></span> <span class='ocrx_word' id='word_1_229' title='bbox 1649 2190 1871 2265; x_wconf 84' lang='lat' dir='ltr'><strong>investigatione</strong></span> 
     </span>
     <span class='ocr_line' id='line_1_21' title="bbox 268 2274 1869 2358; baseline -0.003 -17"><span class='ocrx_word' id='word_1_230' title='bbox 268 2297 326 2345; x_wconf 92' lang='lat' dir='ltr'><strong>ten.</strong></span> <span class='ocrx_word' id='word_1_231' title='bbox 339 2288 378 2343; x_wconf 89' lang='lat' dir='ltr'><strong>ita</strong></span> <span class='ocrx_word' id='word_1_232' title='bbox 393 2285 451 2343; x_wconf 87' lang='lat' dir='ltr'><strong>scre</strong></span> <span class='ocrx_word' id='word_1_233' title='bbox 465 2283 581 2341; x_wconf 88' lang='lat' dir='ltr'><strong>disserit</strong></span> <span class='ocrx_word' id='word_1_234' title='bbox 595 2281 672 2358; x_wconf 71' lang='grc' dir='ltr'>(ηρλι</span> <span class='ocrx_word' id='word_1_235' title='bbox 692 2306 705 2332; x_wconf 77' lang='grc' dir='ltr'>ο</span> <span class='ocrx_word' id='word_1_236' title='bbox 722 2279 847 2336; x_wconf 90' lang='lat' dir='ltr'><strong>Omnino</strong></span> <span class='ocrx_word' id='word_1_237' title='bbox 870 2297 958 2354; x_wconf 87' lang='lat' dir='ltr'><strong>quum</strong></span> <span class='ocrx_word' id='word_1_238' title='bbox 979 2278 1044 2337; x_wconf 89' lang='lat' dir='ltr'><strong>duae</strong></span> <span class='ocrx_word' id='word_1_239' title='bbox 1089 2288 1281 2343; x_wconf 88' lang='lat' dir='ltr'><strong>versarentur,</strong></span> <span class='ocrx_word' id='word_1_240' title='bbox 1302 2276 1365 2353; x_wconf 90' lang='lat' dir='ltr'><strong>ipse</strong></span> <span class='ocrx_word' id='word_1_241' title='bbox 1381 2274 1418 2333; x_wconf 92' lang='lat' dir='ltr'><strong>ab</strong></span> <span class='ocrx_word' id='word_1_242' title='bbox 1435 2276 1530 2333; x_wconf 89' lang='lat' dir='ltr'><strong>initiis</strong></span> <span class='ocrx_word' id='word_1_243' title='bbox 1543 2276 1683 2335; x_wconf 84' lang='lat' dir='ltr'><strong>latissime</strong></span> <span class='ocrx_word' id='word_1_244' title='bbox 1703 2278 1869 2354; x_wconf 88' lang='lat' dir='ltr'><strong>patentibus</strong></span> 
     </span>
     <span class='ocr_line' id='line_1_22' title="bbox 267 2362 1869 2443; baseline -0.004 -13"><span class='ocrx_word' id='word_1_245' title='bbox 267 2373 325 2431; x_wconf 86' lang='lat' dir='ltr'><strong>sint</strong></span> <span class='ocrx_word' id='word_1_246' title='bbox 347 2373 442 2431; x_wconf 89' lang='lat' dir='ltr'><strong>omnis</strong></span> <span class='ocrx_word' id='word_1_247' title='bbox 463 2372 544 2428; x_wconf 84' lang='lat' dir='ltr'><strong>ortas</strong></span> <span class='ocrx_word' id='word_1_248' title='bbox 567 2377 676 2440; x_wconf 77' lang='lat' dir='ltr'><strong>causae,</strong></span> <span class='ocrx_word' id='word_1_249' title='bbox 698 2368 728 2425; x_wconf 92' lang='lat' dir='ltr'><strong>id</strong></span> <span class='ocrx_word' id='word_1_250' title='bbox 748 2380 791 2425; x_wconf 90' lang='lat' dir='ltr'><strong>cst</strong></span> <span class='ocrx_word' id='word_1_251' title='bbox 813 2384 893 2423; x_wconf 89' lang='lat' dir='ltr'><strong>mens</strong></span> <span class='ocrx_word' id='word_1_252' title='bbox 916 2383 1002 2440; x_wconf 89' lang='lat' dir='ltr'><strong>agens</strong></span> <span class='ocrx_word' id='word_1_253' title='bbox 1016 2380 1045 2425; x_wconf 88' lang='lat' dir='ltr'><strong>et</strong></span> <span class='ocrx_word' id='word_1_254' title='bbox 1088 2373 1116 2417; x_wconf 83' lang='lat' dir='ltr'><strong>et</strong></span> <span class='ocrx_word' id='word_1_255' title='bbox 1136 2362 1255 2420; x_wconf 86' lang='lat' dir='ltr'><strong>remotis</strong></span> <span class='ocrx_word' id='word_1_256' title='bbox 1274 2381 1292 2419; x_wconf 89' lang='lat' dir='ltr'><strong>a</strong></span> <span class='ocrx_word' id='word_1_257' title='bbox 1311 2381 1453 2440; x_wconf 85' lang='lat' dir='ltr'><strong>corporea</strong></span> <span class='ocrx_word' id='word_1_258' title='bbox 1466 2382 1605 2440; x_wconf 84' lang='lat' dir='ltr'><strong>compage</strong></span> <span class='ocrx_word' id='word_1_259' title='bbox 1618 2363 1787 2422; x_wconf 86' lang='lat' dir='ltr'><strong>notionibus</strong></span> <span class='ocrx_word' id='word_1_260' title='bbox 1799 2385 1869 2443; x_wconf 90' lang='lat' dir='ltr'><strong>pro·</strong></span> 
     </span>
     <span class='ocr_line' id='line_1_23' title="bbox 268 2447 1869 2539; baseline -0.005 -21"><span class='ocrx_word' id='word_1_261' title='bbox 268 2461 389 2519; x_wconf 88' lang='lat' dir='ltr'><strong>materia</strong></span> <span class='ocrx_word' id='word_1_262' title='bbox 421 2460 550 2539; x_wconf 91' lang='lat' dir='ltr'><strong>patiens,</strong></span> <span class='ocrx_word' id='word_1_263' title='bbox 575 2456 770 2534; x_wconf 88' lang='lat' dir='ltr'><strong>antiquissimi</strong></span> <span class='ocrx_word' id='word_1_264' title='bbox 801 2453 945 2529; x_wconf 86' lang='lat' dir='ltr'><strong>theologi,</strong></span> <span class='ocrx_word' id='word_1_265' title='bbox 973 2474 1044 2531; x_wconf 85' lang='lat' dir='ltr'><strong>quos</strong></span> <span class='ocrx_word' id='word_1_266' title='bbox 1090 2447 1180 2507; x_wconf 86' lang='lat' dir='ltr'><strong>lectus</strong></span> <span class='ocrx_word' id='word_1_267' title='bbox 1200 2448 1237 2506; x_wconf 94' lang='lat' dir='ltr'><strong>ad</strong></span> <span class='ocrx_word' id='word_1_268' title='bbox 1257 2450 1424 2508; x_wconf 90' lang='lat' dir='ltr'><strong>interiorem</strong></span> <span class='ocrx_word' id='word_1_269' title='bbox 1449 2464 1560 2509; x_wconf 79' lang='lat' dir='ltr'><strong>naturae</strong></span> <span class='ocrx_word' id='word_1_270' title='bbox 1583 2452 1777 2527; x_wconf 89' lang='lat' dir='ltr'><strong>cognitionem</strong></span> <span class='ocrx_word' id='word_1_271' title='bbox 1803 2472 1869 2529; x_wconf 91' lang='lat' dir='ltr'><strong>per-</strong></span> 
     </span>
     <span class='ocr_line' id='line_1_24' title="bbox 266 2535 1868 2627; baseline -0.007 -23"><span class='ocrx_word' id='word_1_272' title='bbox 266 2547 410 2627; x_wconf 90' lang='lat' dir='ltr'><strong>0rphicos</strong></span> <span class='ocrx_word' id='word_1_273' title='bbox 424 2558 606 2624; x_wconf 87' lang='lat' dir='ltr'><strong>nuncupant,</strong></span> <span class='ocrx_word' id='word_1_274' title='bbox 619 2556 647 2601; x_wconf 92' lang='lat' dir='ltr'><strong>et</strong></span> <span class='ocrx_word' id='word_1_275' title='bbox 668 2556 757 2620; x_wconf 86' lang='lat' dir='ltr'><strong>poetae</strong></span> <span class='ocrx_word' id='word_1_276' title='bbox 772 2541 827 2599; x_wconf 87' lang='lat' dir='ltr'><strong>soli</strong></span> <span class='ocrx_word' id='word_1_277' title='bbox 848 2542 1044 2619; x_wconf 76' lang='lat' dir='ltr'><strong>praestantiori</strong></span> <span class='ocrx_word' id='word_1_278' title='bbox 1088 2549 1308 2613; x_wconf 76' lang='lat' dir='ltr'><strong>spectatumque</strong></span> <span class='ocrx_word' id='word_1_279' title='bbox 1320 2535 1384 2613; x_wconf 78' lang='lat' dir='ltr'><strong>ejus</strong></span> <span class='ocrx_word' id='word_1_280' title='bbox 1398 2536 1572 2600; x_wconf 78' lang='lat' dir='ltr'><strong>latebrarum</strong></span> <span class='ocrx_word' id='word_1_281' title='bbox 1585 2537 1699 2598; x_wconf 87' lang='lat' dir='ltr'><strong>laudem</strong></span> <span class='ocrx_word' id='word_1_282' title='bbox 1712 2540 1868 2615; x_wconf 80' lang='lat' dir='ltr'><strong>pervenire</strong></span> 
     </span>
    </p>
   </div>
   <div class='ocr_carea' id='block_1_5' title="bbox 267 2620 1961 2706">
    <p class='ocr_par' dir='ltr' id='par_1_5' title="bbox 267 2620 1961 2706">
     <span class='ocr_line' id='line_1_25' title="bbox 267 2620 1961 2706; baseline -0.005 -14"><span class='ocrx_word' id='word_1_283' title='bbox 267 2636 395 2695; x_wconf 91' lang='lat' dir='ltr'><strong>animum</strong></span> <span class='ocrx_word' id='word_1_284' title='bbox 410 2635 589 2693; x_wconf 88' lang='lat' dir='ltr'><strong>advertentes</strong></span> <span class='ocrx_word' id='word_1_285' title='bbox 602 2630 738 2689; x_wconf 90' lang='lat' dir='ltr'><strong>omnibus</strong></span> <span class='ocrx_word' id='word_1_286' title='bbox 752 2629 840 2687; x_wconf 90' lang='lat' dir='ltr'><strong>rebus</strong></span> <span class='ocrx_word' id='word_1_287' title='bbox 853 2630 1044 2706; x_wconf 87' lang='lat' dir='ltr'><strong>explanandis</strong></span> <span class='ocrx_word' id='word_1_288' title='bbox 1088 2621 1226 2681; x_wconf 88' lang='lat' dir='ltr'><strong>tentabat.</strong></span> <span class='ocrx_word' id='word_1_289' title='bbox 1250 2623 1495 2683; x_wconf 89' lang='lat' dir='ltr'><strong>lmmortalitatem</strong></span> <span class='ocrx_word' id='word_1_290' title='bbox 1519 2626 1636 2703; x_wconf 91' lang='lat' dir='ltr'><strong>quidem</strong></span> <span class='ocrx_word' id='word_1_291' title='bbox 1661 2627 1869 2684; x_wconf 86' lang='lat' dir='ltr'><strong>animoruma</strong></span> <span class='ocrx_word' id='word_1_292' title='bbox 1957 2620 1961 2632; x_wconf 87' lang='grc'><strong>’</strong></span> 
     </span>
    </p>
   </div>
   <div class='ocr_carea' id='block_1_6' title="bbox 267 2707 1871 2887">
    <p class='ocr_par' dir='ltr' id='par_1_6' title="bbox 267 2707 1871 2887">
     <span class='ocr_line' id='line_1_26' title="bbox 267 2707 1869 2801; baseline -0.007 -19"><span class='ocrx_word' id='word_1_293' title='bbox 267 2721 323 2781; x_wconf 90' lang='lat' dir='ltr'><strong>hoc</strong></span> <span class='ocrx_word' id='word_1_294' title='bbox 348 2724 546 2801; x_wconf 85' lang='lat' dir='ltr'><strong>pervulgatum</strong></span> <span class='ocrx_word' id='word_1_295' title='bbox 566 2720 675 2777; x_wconf 90' lang='lat' dir='ltr'><strong>dictum</strong></span> <span class='ocrx_word' id='word_1_296' title='bbox 697 2717 912 2775; x_wconf 89' lang='lat' dir='ltr'><strong>adhibuerunt:</strong></span> <span class='ocrx_word' id='word_1_297' title='bbox 934 2718 1045 2792; x_wconf 69' lang='lat' dir='ltr'><strong>Jupiter</strong></span> <span class='ocrx_word' id='word_1_298' title='bbox 1087 2707 1254 2785; x_wconf 85' lang='lat' dir='ltr'><strong>Pherecyde</strong></span> <span class='ocrx_word' id='word_1_299' title='bbox 1279 2709 1450 2767; x_wconf 87' lang='lat' dir='ltr'><strong>celebratam</strong></span> <span class='ocrx_word' id='word_1_300' title='bbox 1472 2709 1640 2769; x_wconf 91' lang='lat' dir='ltr'><strong>lonicorum</strong></span> <span class='ocrx_word' id='word_1_301' title='bbox 1664 2712 1800 2770; x_wconf 73' lang='lat' dir='ltr'><strong>doctrina</strong></span> <span class='ocrx_word' id='word_1_302' title='bbox 1822 2734 1869 2771; x_wconf 90' lang='lat' dir='ltr'><strong>ac-</strong></span> 
     </span>
     <span class='ocr_line' id='line_1_27' title="bbox 267 2796 1871 2887; baseline -0.005 -18"><span class='ocrx_word' id='word_1_303' title='bbox 267 2826 361 2887; x_wconf 84' lang='lat' dir='ltr'><strong>caput,</strong></span> <span class='ocrx_word' id='word_1_304' title='bbox 380 2813 489 2886; x_wconf 85' lang='lat' dir='ltr'><strong>Jupiter</strong></span> <span class='ocrx_word' id='word_1_305' title='bbox 502 2814 632 2867; x_wconf 83' lang='lat' dir='ltr'><strong>medium.</strong></span> <span class='ocrx_word' id='word_1_306' title='bbox 649 2810 674 2863; x_wconf 88' lang='lat' dir='ltr'><em>E</em></span> <span class='ocrx_word' id='word_1_307' title='bbox 688 2810 754 2863; x_wconf 78' lang='lat' dir='ltr'><strong>loce</strong></span> <span class='ocrx_word' id='word_1_308' title='bbox 768 2819 864 2861; x_wconf 81' lang='lat' dir='ltr'><strong>cuncta</strong></span> <span class='ocrx_word' id='word_1_309' title='bbox 883 2820 948 2873; x_wconf 77' lang='lat' dir='ltr'><strong>sant</strong></span> <span class='ocrx_word' id='word_1_310' title='bbox 966 2804 1041 2877; x_wconf 84' lang='lat' dir='ltr'><strong>(Vid.</strong></span> <span class='ocrx_word' id='word_1_311' title='bbox 1090 2796 1286 2854; x_wconf 81' lang='lat' dir='ltr'><strong>commodarit</strong></span> <span class='ocrx_word' id='word_1_312' title='bbox 1296 2798 1448 2875; x_wconf 87' lang='lat' dir='ltr'><strong>allatisque</strong></span> <span class='ocrx_word' id='word_1_313' title='bbox 1460 2802 1638 2875; x_wconf 87' lang='lat' dir='ltr'><strong>argumentis</strong></span> <span class='ocrx_word' id='word_1_314' title='bbox 1648 2802 1793 2878; x_wconf 88' lang='lat' dir='ltr'><strong>probavit.</strong></span> <span class='ocrx_word' id='word_1_315' title='bbox 1806 2803 1871 2872; x_wconf 86' lang='lat' dir='ltr'><strong>Qua</strong></span> 
     </span>
    </p>
   </div>
   <div class='ocr_carea' id='block_1_7' title="bbox 267 2882 1868 3056">
    <p class='ocr_par' dir='ltr' id='par_1_7' title="bbox 267 2882 1868 3056">
     <span class='ocr_line' id='line_1_28' title="bbox 267 2882 1868 2971; baseline -0.004 -16"><span class='ocrx_word' id='word_1_316' title='bbox 267 2898 377 2958; x_wconf 87' lang='lat' dir='ltr'><strong>Philos.</strong></span> <span class='ocrx_word' id='word_1_317' title='bbox 394 2898 446 2955; x_wconf 88' lang='lat' dir='ltr'><strong>Gr.</strong></span> <span class='ocrx_word' id='word_1_318' title='bbox 468 2897 570 2971; x_wconf 84' lang='lat' dir='ltr'><strong>fragm.</strong></span> <span class='ocrx_word' id='word_1_319' title='bbox 591 2895 651 2951; x_wconf 91' lang='lat' dir='ltr'><strong>vol.</strong></span> <span class='ocrx_word' id='word_1_320' title='bbox 669 2892 693 2965; x_wconf 95' lang='lat' dir='ltr'><strong>l,</strong></span> <span class='ocrx_word' id='word_1_321' title='bbox 709 2894 810 2968; x_wconf 87' lang='lat' dir='ltr'><strong>lragm.</strong></span> <span class='ocrx_word' id='word_1_322' title='bbox 827 2891 918 2970; x_wconf 89' lang='lat' dir='ltr'><strong>Orph.</strong></span> <span class='ocrx_word' id='word_1_323' title='bbox 937 2891 976 2947; x_wconf 87' lang='lat' dir='ltr'><strong>vl</strong></span> <span class='ocrx_word' id='word_1_324' title='bbox 998 2911 1041 2950; x_wconf 90' lang='lat' dir='ltr'><strong>vs.</strong></span> <span class='ocrx_word' id='word_1_325' title='bbox 1088 2882 1124 2939; x_wconf 71' lang='lat' dir='ltr'><strong>de</strong></span> <span class='ocrx_word' id='word_1_326' title='bbox 1134 2902 1165 2940; x_wconf 74' lang='lat' dir='ltr'><strong>ru</strong></span> <span class='ocrx_word' id='word_1_327' title='bbox 1177 2884 1280 2941; x_wconf 72' lang='lat' dir='ltr'><strong>Cicero</strong></span> <span class='ocrx_word' id='word_1_328' title='bbox 1289 2882 1406 2942; x_wconf 81' lang='lat' dir='ltr'><strong>Tuscul.</strong></span> <span class='ocrx_word' id='word_1_329' title='bbox 1419 2885 1443 2957; x_wconf 83' lang='lat' dir='ltr'><strong>l,</strong></span> <span class='ocrx_word' id='word_1_330' title='bbox 1460 2888 1514 2943; x_wconf 83' lang='lat'><strong>16:</strong></span> <span class='ocrx_word' id='word_1_331' title='bbox 1531 2912 1544 2938; x_wconf 74' lang='grc' dir='ltr'><strong>ν</strong></span> <span class='ocrx_word' id='word_1_332' title='bbox 1556 2886 1641 2957; x_wconf 81' lang='lat' dir='ltr'><strong>Quod</strong></span> <span class='ocrx_word' id='word_1_333' title='bbox 1654 2889 1868 2964; x_wconf 85' lang='lat' dir='ltr'><strong>litterisexstet,</strong></span> 
     </span>
     <span class='ocr_line' id='line_1_29' title="bbox 269 2971 1868 3056; baseline 0.002 -21"><span class='ocrx_word' id='word_1_334' title='bbox 269 2999 301 3035; x_wconf 87' lang='grc' dir='ltr'><strong>ιι</strong></span> <span class='ocrx_word' id='word_1_335' title='bbox 321 2997 386 3056; x_wconf 91' lang='lat' dir='ltr'><strong>pag.</strong></span> <span class='ocrx_word' id='word_1_336' title='bbox 405 2974 483 3053; x_wconf 78' lang='lat'><strong>169),</strong></span> <span class='ocrx_word' id='word_1_337' title='bbox 495 2977 530 3033; x_wconf 88' lang='lat' dir='ltr'><strong>ad</strong></span> <span class='ocrx_word' id='word_1_338' title='bbox 545 2975 688 3032; x_wconf 88' lang='lat' dir='ltr'><strong>naturales</strong></span> <span class='ocrx_word' id='word_1_339' title='bbox 699 2984 794 3042; x_wconf 83' lang='lat' dir='ltr'><strong>autem</strong></span> <span class='ocrx_word' id='word_1_340' title='bbox 814 2991 847 3029; x_wconf 91' lang='lat' dir='ltr'><strong>ac</strong></span> <span class='ocrx_word' id='word_1_341' title='bbox 862 2973 1044 3038; x_wconf 81' lang='lat' dir='ltr'><strong>¹necessarias</strong></span> <span class='ocrx_word' id='word_1_342' title='bbox 1089 2971 1203 3046; x_wconf 86' lang='lat' dir='ltr'><strong>inquit,</strong></span> <span class='ocrx_word' id='word_1_343' title='bbox 1218 2971 1399 3048; x_wconf 79' lang='lat' dir='ltr'><strong>Pherecydes</strong></span> <span class='ocrx_word' id='word_1_344' title='bbox 1409 2972 1514 3050; x_wconf 85' lang='lat' dir='ltr'><strong>Syrius</strong></span> <span class='ocrx_word' id='word_1_345' title='bbox 1528 2976 1640 3052; x_wconf 89' lang='lat' dir='ltr'><strong>primus</strong></span> <span class='ocrx_word' id='word_1_346' title='bbox 1660 2977 1735 3036; x_wconf 86' lang='lat' dir='ltr'><strong>dixit</strong></span> <span class='ocrx_word' id='word_1_347' title='bbox 1755 2980 1868 3038; x_wconf 88' lang='lat' dir='ltr'><strong>animos</strong></span> 
     </span>
    </p>
   </div>
   <div class='ocr_carea' id='block_1_8' title="bbox 268 3058 1962 3141">
    <p class='ocr_par' dir='ltr' id='par_1_8' title="bbox 268 3058 1962 3141">
     <span class='ocr_line' id='line_1_30' title="bbox 268 3058 1962 3141; baseline 0.001 -19"><span class='ocrx_word' id='word_1_348' title='bbox 268 3083 367 3122; x_wconf 88' lang='lat' dir='ltr'><strong>causas</strong></span> <span class='ocrx_word' id='word_1_349' title='bbox 391 3081 539 3138; x_wconf 86' lang='lat' dir='ltr'><strong>nunquam</strong></span> <span class='ocrx_word' id='word_1_350' title='bbox 559 3071 749 3120; x_wconf 87' lang='lat' dir='ltr'><strong>accesserunt.</strong></span> <span class='ocrx_word' id='word_1_351' title='bbox 772 3058 829 3126; x_wconf 83' lang='lat' dir='ltr'><strong>Qui</strong></span> <span class='ocrx_word' id='word_1_352' title='bbox 851 3076 921 3116; x_wconf 89' lang='lat' dir='ltr'><strong>vero</strong></span> <span class='ocrx_word' id='word_1_353' title='bbox 945 3071 1045 3134; x_wconf 92' lang='lat' dir='ltr'><strong>postea</strong></span> <span class='ocrx_word' id='word_1_354' title='bbox 1089 3077 1151 3116; x_wconf 86' lang='lat' dir='ltr'><strong>esse</strong></span> <span class='ocrx_word' id='word_1_355' title='bbox 1181 3058 1332 3118; x_wconf 91' lang='lat' dir='ltr'><strong>hominum</strong></span> <span class='ocrx_word' id='word_1_356' title='bbox 1362 3060 1562 3138; x_wconf 83' lang='lat' dir='ltr'><strong>sempitelnos.</strong></span> <span class='ocrx_word' id='word_1_357' title='bbox 1590 3063 1672 3121; x_wconf 88' lang='lat' dir='ltr'><strong>llanc</strong></span> <span class='ocrx_word' id='word_1_358' title='bbox 1699 3067 1869 3141; x_wconf 89' lang='lat' dir='ltr'><strong>opinionem</strong></span> <span class='ocrx_word' id='word_1_359' title='bbox 1961 3088 1962 3091; x_wconf 44' lang='lat'>¹</span> 
     </span>
    </p>
   </div>
   <div class='ocr_carea' id='block_1_9' title="bbox 247 3224 1962 3292">
    <p class='ocr_par' dir='ltr' id='par_1_9' title="bbox 247 3224 1962 3292">
     <span class='ocr_line' id='line_1_31' title="bbox 247 3224 1962 3292; baseline 0 -12"><span class='ocrx_word' id='word_1_360' title='bbox 247 3235 307 3280; x_wconf 80' lang='grc' dir='ltr'>’τοῦ</span> <span class='ocrx_word' id='word_1_361' title='bbox 319 3228 407 3292; x_wconf 85' lang='grc' dir='ltr'>Σαμίου</span> <span class='ocrx_word' id='word_1_362' title='bbox 419 3229 520 3285; x_wconf 80' lang='grc' dir='ltr'>ζηλωτὰς</span> <span class='ocrx_word' id='word_1_363' title='bbox 530 3232 577 3275; x_wconf 91' lang='grc' dir='ltr'><strong>τῶν</strong></span> <span class='ocrx_word' id='word_1_364' title='bbox 586 3227 729 3288; x_wconf 78' lang='grc' dir='ltr'>ζητουμένων</span> <span class='ocrx_word' id='word_1_365' title='bbox 738 3226 779 3282; x_wconf 87' lang='grc' dir='ltr'>τάς</span> <span class='ocrx_word' id='word_1_366' title='bbox 788 3226 911 3281; x_wconf 80' lang='grc' dir='ltr'>ἀποδείξεις</span> <span class='ocrx_word' id='word_1_367' title='bbox 920 3243 1044 3288; x_wconf 82' lang='grc' dir='ltr'>παραιτιυ-</span> <span class='ocrx_word' id='word_1_368' title='bbox 1091 3225 1164 3280; x_wconf 81' lang='grc' dir='ltr'>Αὐτὸς</span> <span class='ocrx_word' id='word_1_369' title='bbox 1182 3224 1239 3286; x_wconf 75' lang='grc' dir='ltr'>ἔφα,</span> <span class='ocrx_word' id='word_1_370' title='bbox 1255 3225 1305 3273; x_wconf 81' lang='grc' dir='ltr'>ἀντὶ</span> <span class='ocrx_word' id='word_1_371' title='bbox 1323 3226 1396 3284; x_wconf 82' lang='grc' dir='ltr'>εἶπεν,</span> <span class='ocrx_word' id='word_1_372' title='bbox 1407 3225 1450 3274; x_wconf 83' lang='grc' dir='ltr'><strong>οὐκ</strong></span> <span class='ocrx_word' id='word_1_373' title='bbox 1467 3227 1605 3287; x_wconf 80' lang='grc' dir='ltr'>ἑμός,ἆλλά</span> <span class='ocrx_word' id='word_1_374' title='bbox 1618 3229 1670 3276; x_wconf 82' lang='grc' dir='ltr'>θεοῦ</span> <span class='ocrx_word' id='word_1_375' title='bbox 1681 3229 1748 3289; x_wconf 83' lang='grc' dir='ltr'>λόγος</span> <span class='ocrx_word' id='word_1_376' title='bbox 1760 3231 1871 3283; x_wconf 63' lang='grc' dir='ltr'>ἐστίν·</span> <span class='ocrx_word' id='word_1_377' title='bbox 1912 3232 1916 3237; x_wconf 72' lang='grc'><strong>’</strong></span> <span class='ocrx_word' id='word_1_378' title='bbox 1961 3234 1962 3249; x_wconf 94' lang='lat'>¹</span> 
     </span>
    </p>
   </div>
   <div class='ocr_carea' id='block_1_10' title="bbox 266 3295 1962 3505">
    <p class='ocr_par' dir='ltr' id='par_1_10' title="bbox 266 3282 1962 3505">
     <span class='ocr_line' id='line_1_32' title="bbox 267 3295 1869 3364; baseline 0 -15"><span class='ocrx_word' id='word_1_379' title='bbox 267 3301 401 3364; x_wconf 83' lang='grc' dir='ltr'>μένους,τθ</span> <span class='ocrx_word' id='word_1_380' title='bbox 413 3299 565 3360; x_wconf 79' lang='grc' dir='ltr'>Αύτδςέφα</span> <span class='ocrx_word' id='word_1_381' title='bbox 577 3297 654 3348; x_wconf 85' lang='grc' dir='ltr'>πίστιν</span> <span class='ocrx_word' id='word_1_382' title='bbox 666 3297 832 3358; x_wconf 76' lang='grc' dir='ltr'>ἡγεῖσθαι,καλ</span> <span class='ocrx_word' id='word_1_383' title='bbox 840 3296 912 3357; x_wconf 78' lang='grc' dir='ltr'>ταύτῃ</span> <span class='ocrx_word' id='word_1_384' title='bbox 925 3296 1042 3358; x_wconf 80' lang='grc' dir='ltr'>ἀρκεῖσθαι</span> <span class='ocrx_word' id='word_1_385' title='bbox 1089 3296 1138 3356; x_wconf 82' lang='lat' dir='ltr'><strong>(ts)</strong></span> <span class='ocrx_word' id='word_1_386' title='bbox 1152 3299 1292 3355; x_wconf 68' lang='lat' dir='ltr'><strong>anonymus</strong></span> <span class='ocrx_word' id='word_1_387' title='bbox 1304 3295 1405 3356; x_wconf 79' lang='lat' dir='ltr'><strong>scripldr</strong></span> <span class='ocrx_word' id='word_1_388' title='bbox 1421 3296 1478 3344; x_wconf 82' lang='lat' dir='ltr'><strong>vilae</strong></span> <span class='ocrx_word' id='word_1_389' title='bbox 1495 3296 1634 3356; x_wconf 78' lang='lat' dir='ltr'><strong>Pythagorae</strong></span> <span class='ocrx_word' id='word_1_390' title='bbox 1650 3298 1714 3358; x_wconf 86' lang='lat' dir='ltr'><strong>apud</strong></span> <span class='ocrx_word' id='word_1_391' title='bbox 1729 3299 1842 3350; x_wconf 87' lang='lat' dir='ltr'><strong>Pltolittm</strong></span> <span class='ocrx_word' id='word_1_392' title='bbox 1862 3323 1869 3353; x_wconf 78' lang='grc' dir='ltr'><strong>ι</strong></span> 
     </span>
     <span class='ocr_line' id='line_1_33' title="bbox 267 3364 1962 3434; baseline -0.009 -15"><span class='ocrx_word' id='word_1_393' title='bbox 267 3371 324 3434; x_wconf 79' lang='grc' dir='ltr'>μόνῃ</span> <span class='ocrx_word' id='word_1_394' title='bbox 336 3375 365 3434; x_wconf 77' lang='grc' dir='ltr'><strong>τῇ</strong></span> <span class='ocrx_word' id='word_1_395' title='bbox 376 3375 439 3432; x_wconf 78' lang='grc' dir='ltr'>φωνῇ</span> <span class='ocrx_word' id='word_1_396' title='bbox 450 3369 506 3432; x_wconf 87' lang='grc' dir='ltr'>πρὸς</span> <span class='ocrx_word' id='word_1_397' title='bbox 519 3367 644 3430; x_wconf 76' lang='grc' dir='ltr'>βεόαίωσιν</span> <span class='ocrx_word' id='word_1_398' title='bbox 656 3366 689 3414; x_wconf 84' lang='grc' dir='ltr'><strong>ὧν</strong></span> <span class='ocrx_word' id='word_1_399' title='bbox 702 3365 832 3428; x_wconf 76' lang='grc' dir='ltr'>ἀκηκόασι.</span> <span class='ocrx_word' id='word_1_400' title='bbox 842 3365 895 3420; x_wconf 85' lang='grc' dir='ltr'>τοὺς</span> <span class='ocrx_word' id='word_1_401' title='bbox 905 3365 929 3413; x_wconf 82' lang='grc' dir='ltr'><strong>δὲ</strong></span> <span class='ocrx_word' id='word_1_402' title='bbox 941 3370 980 3423; x_wconf 82' lang='grc' dir='ltr'><strong>τῆς</strong></span> <span class='ocrx_word' id='word_1_403' title='bbox 989 3365 1043 3424; x_wconf 83' lang='grc' dir='ltr'>ἀλη·</span> <span class='ocrx_word' id='word_1_404' title='bbox 1088 3367 1127 3414; x_wconf 85' lang='grc' dir='ltr'><strong>καί</strong></span> <span class='ocrx_word' id='word_1_405' title='bbox 1141 3369 1162 3414; x_wconf 91' lang='lat' dir='ltr'><strong>ol</strong></span> <span class='ocrx_word' id='word_1_406' title='bbox 1174 3365 1239 3428; x_wconf 83' lang='grc' dir='ltr'>αύτῷ</span> <span class='ocrx_word' id='word_1_407' title='bbox 1250 3370 1284 3427; x_wconf 85' lang='grc' dir='ltr'><strong>τῷ</strong></span> <span class='ocrx_word' id='word_1_408' title='bbox 1301 3365 1426 3427; x_wconf 75' lang='grc' dir='ltr'>Πυθαγόρᾳ</span> <span class='ocrx_word' id='word_1_409' title='bbox 1443 3364 1606 3426; x_wconf 73' lang='grc' dir='ltr'><strong>συγγενόμενοι</strong></span> <span class='ocrx_word' id='word_1_410' title='bbox 1618 3366 1741 3415; x_wconf 64' lang='grc' dir='ltr'>ἐκαλοῦντο</span> <span class='ocrx_word' id='word_1_411' title='bbox 1758 3371 1870 3431; x_wconf 56' lang='lat' dir='ltr'><strong>nvom.</strong></span> <span class='ocrx_word' id='word_1_412' title='bbox 1961 3406 1962 3409; x_wconf 56' lang='grc'>,</span> 
     </span>
     <span class='ocr_line' id='line_1_34' title="bbox 266 3433 1962 3505; baseline -0.002 -16"><span class='ocrx_word' id='word_1_413' title='bbox 266 3441 326 3496; x_wconf 86' lang='grc' dir='ltr'>θείας</span> <span class='ocrx_word' id='word_1_414' title='bbox 338 3439 503 3501; x_wconf 77' lang='grc' dir='ltr'>φιλοθεάμονας</span> <span class='ocrx_word' id='word_1_415' title='bbox 515 3437 620 3486; x_wconf 81' lang='grc' dir='ltr'>ἀπιστεῖν</span> <span class='ocrx_word' id='word_1_416' title='bbox 636 3437 805 3500; x_wconf 70' lang='grc' dir='ltr'><strong>ἐπιχειροῦντας</strong></span> <span class='ocrx_word' id='word_1_417' title='bbox 817 3433 943 3497; x_wconf 72' lang='grc' dir='ltr'><strong>ἀξιοπίστῳ</strong></span> <span class='ocrx_word' id='word_1_418' title='bbox 962 3439 997 3497; x_wconf 78' lang='grc' dir='ltr'><strong>τῷ</strong></span> <span class='ocrx_word' id='word_1_419' title='bbox 1008 3437 1043 3483; x_wconf 85' lang='grc' dir='ltr'><strong>δ.-</strong></span> <span class='ocrx_word' id='word_1_420' title='bbox 1089 3437 1162 3500; x_wconf 87' lang='grc' dir='ltr'>ρικοί,</span> <span class='ocrx_word' id='word_1_421' title='bbox 1177 3439 1199 3484; x_wconf 86' lang='lat' dir='ltr'><strong>ol</strong></span> <span class='ocrx_word' id='word_1_422' title='bbox 1212 3437 1238 3484; x_wconf 81' lang='grc' dir='ltr'><strong>δὲ</strong></span> <span class='ocrx_word' id='word_1_423' title='bbox 1247 3438 1336 3485; x_wconf 87' lang='grc' dir='ltr'>τούτων</span> <span class='ocrx_word' id='word_1_424' title='bbox 1348 3437 1447 3498; x_wconf 86' lang='grc' dir='ltr'>μαθηταὶ</span> <span class='ocrx_word' id='word_1_425' title='bbox 1464 3435 1631 3498; x_wconf 87' lang='grc' dir='ltr'>Πυθαγόρειοι,</span> <span class='ocrx_word' id='word_1_426' title='bbox 1644 3440 1667 3486; x_wconf 89' lang='lat' dir='ltr'><strong>ol</strong></span> <span class='ocrx_word' id='word_1_427' title='bbox 1681 3438 1705 3486; x_wconf 79' lang='lat' dir='ltr'><strong>dl</strong></span> <span class='ocrx_word' id='word_1_428' title='bbox 1716 3439 1790 3495; x_wconf 79' lang='grc' dir='ltr'>ἄλλως</span> <span class='ocrx_word' id='word_1_429' title='bbox 1807 3440 1868 3496; x_wconf 77' lang='grc' dir='ltr'>ἔξω·</span> <span class='ocrx_word' id='word_1_430' title='bbox 1961 3488 1962 3505; x_wconf 54' lang='lat'><strong>,</strong></span> 
     </span>
    </p>
   </div>
   <div class='ocr_carea' id='block_1_11' title="bbox 265 3503 1869 3784">
    <p class='ocr_par' dir='ltr' id='par_1_11' title="bbox 265 3503 1869 3784">
     <span class='ocr_line' id='line_1_35' title="bbox 265 3503 1869 3573; baseline 0.001 -15"><span class='ocrx_word' id='word_1_431' title='bbox 265 3509 383 3573; x_wconf 83' lang='grc' dir='ltr'>δασκὰλιρ,</span> <span class='ocrx_word' id='word_1_432' title='bbox 396 3515 429 3572; x_wconf 85' lang='grc' dir='ltr'><strong>τῷ</strong></span> <span class='ocrx_word' id='word_1_433' title='bbox 451 3506 514 3570; x_wconf 85' lang='grc' dir='ltr'>μόνῳ</span> <span class='ocrx_word' id='word_1_434' title='bbox 537 3511 623 3569; x_wconf 89' lang='grc' dir='ltr'>σωτῆρι</span> <span class='ocrx_word' id='word_1_435' title='bbox 644 3507 702 3570; x_wconf 85' lang='grc' dir='ltr'>θεῷ,</span> <span class='ocrx_word' id='word_1_436' title='bbox 718 3503 833 3568; x_wconf 85' lang='grc' dir='ltr'>βασάνους</span> <span class='ocrx_word' id='word_1_437' title='bbox 845 3509 891 3552; x_wconf 83' lang='grc' dir='ltr'><strong>τῶν</strong></span> <span class='ocrx_word' id='word_1_438' title='bbox 912 3505 1043 3564; x_wconf 84' lang='grc' dir='ltr'>λεγομένων</span> <span class='ocrx_word' id='word_1_439' title='bbox 1089 3509 1126 3555; x_wconf 90' lang='grc' dir='ltr'><strong>θεν</strong></span> <span class='ocrx_word' id='word_1_440' title='bbox 1145 3508 1243 3563; x_wconf 78' lang='grc' dir='ltr'>ζηλωταὶ</span> <span class='ocrx_word' id='word_1_441' title='bbox 1268 3507 1448 3570; x_wconf 81' lang='grc' dir='ltr'>Πνθκγορισταί.</span> <span class='ocrx_word' id='word_1_442' title='bbox 1469 3506 1557 3554; x_wconf 73' lang='lat' dir='ltr'><strong>radam</strong></span> <span class='ocrx_word' id='word_1_443' title='bbox 1581 3507 1653 3556; x_wconf 71' lang='lat' dir='ltr'><strong>verba</strong></span> <span class='ocrx_word' id='word_1_444' title='bbox 1680 3511 1776 3558; x_wconf 79' lang='lat' dir='ltr'><strong>exslanl</strong></span> <span class='ocrx_word' id='word_1_445' title='bbox 1802 3513 1869 3573; x_wconf 83' lang='lat' dir='ltr'><strong>apud</strong></span> 
     </span>
     <span class='ocr_line' id='line_1_36' title="bbox 266 3574 1867 3642; baseline -0.002 -11"><span class='ocrx_word' id='word_1_446' title='bbox 266 3581 370 3630; x_wconf 79' lang='grc' dir='ltr'>ἀπαιτεῖν</span> <span class='ocrx_word' id='word_1_447' title='bbox 387 3577 439 3642; x_wconf 85' lang='grc' dir='ltr'>παρ’</span> <span class='ocrx_word' id='word_1_448' title='bbox 455 3578 533 3626; x_wconf 80' lang='grc' dir='ltr'>αὐτοῦ.</span> <span class='ocrx_word' id='word_1_449' title='bbox 546 3576 676 3636; x_wconf 72' lang='lat' dir='ltr'><strong>Gregorius</strong></span> <span class='ocrx_word' id='word_1_450' title='bbox 689 3577 850 3626; x_wconf 81' lang='lat' dir='ltr'><strong>Nazianzenus</strong></span> <span class='ocrx_word' id='word_1_451' title='bbox 864 3577 925 3624; x_wconf 87' lang='lat' dir='ltr'><strong>urat.</strong></span> <span class='ocrx_word' id='word_1_452' title='bbox 940 3575 1042 3624; x_wconf 84' lang='lat' dir='ltr'><strong>liniu-</strong></span> <span class='ocrx_word' id='word_1_453' title='bbox 1090 3576 1188 3624; x_wconf 87' lang='lat' dir='ltr'><strong>Suidam</strong></span> <span class='ocrx_word' id='word_1_454' title='bbox 1203 3589 1226 3623; x_wconf 89' lang='grc' dir='ltr'><strong>ν.</strong></span> <span class='ocrx_word' id='word_1_455' title='bbox 1238 3574 1375 3640; x_wconf 86' lang='grc' dir='ltr'>Πυθαγόρας</span> <span class='ocrx_word' id='word_1_456' title='bbox 1388 3581 1413 3623; x_wconf 87' lang='lat' dir='ltr'><strong>et</strong></span> <span class='ocrx_word' id='word_1_457' title='bbox 1423 3575 1487 3635; x_wconf 84' lang='lat' dir='ltr'><strong>apud</strong></span> <span class='ocrx_word' id='word_1_458' title='bbox 1500 3588 1603 3635; x_wconf 72' lang='lat' dir='ltr'><strong>gracum</strong></span> <span class='ocrx_word' id='word_1_459' title='bbox 1618 3577 1737 3626; x_wconf 81' lang='lat' dir='ltr'><strong>Theocriti</strong></span> <span class='ocrx_word' id='word_1_460' title='bbox 1752 3578 1867 3640; x_wconf 79' lang='lat' dir='ltr'><strong>interpre-</strong></span> 
     </span>
     <span class='ocr_line' id='line_1_37' title="bbox 266 3645 1868 3713; baseline 0.001 -15"><span class='ocrx_word' id='word_1_461' title='bbox 266 3651 321 3700; x_wconf 83' lang='lat' dir='ltr'><strong>lian.</strong></span> <span class='ocrx_word' id='word_1_462' title='bbox 338 3664 361 3712; x_wconf 84' lang='lat' dir='ltr'><strong>p.</strong></span> <span class='ocrx_word' id='word_1_463' title='bbox 374 3655 420 3698; x_wconf 77' lang='grc'><strong>296</strong></span> <span class='ocrx_word' id='word_1_464' title='bbox 433 3668 439 3698; x_wconf 90' lang='lat'>:</span> <span class='ocrx_word' id='word_1_465' title='bbox 454 3649 559 3712; x_wconf 73' lang='grc' dir='ltr'>ἡμέτεροι</span> <span class='ocrx_word' id='word_1_466' title='bbox 571 3650 593 3696; x_wconf 90' lang='lat' dir='ltr'><strong>cl</strong></span> <span class='ocrx_word' id='word_1_467' title='bbox 606 3646 670 3709; x_wconf 88' lang='grc' dir='ltr'>λόγοι</span> <span class='ocrx_word' id='word_1_468' title='bbox 682 3649 721 3696; x_wconf 88' lang='grc' dir='ltr'><strong>καί</strong></span> <span class='ocrx_word' id='word_1_469' title='bbox 732 3647 759 3695; x_wconf 81' lang='grc' dir='ltr'><strong>τό</strong></span> <span class='ocrx_word' id='word_1_470' title='bbox 771 3646 900 3706; x_wconf 77' lang='grc' dir='ltr'>ἑλληνίζειν,</span> <span class='ocrx_word' id='word_1_471' title='bbox 912 3646 944 3696; x_wconf 84' lang='grc' dir='ltr'><strong>ὧν</strong></span> <span class='ocrx_word' id='word_1_472' title='bbox 958 3647 998 3694; x_wconf 87' lang='grc' dir='ltr'><strong>καὶ</strong></span> <span class='ocrx_word' id='word_1_473' title='bbox 1016 3647 1043 3695; x_wconf 89' lang='grc' dir='ltr'><strong>τὸ</strong></span> <span class='ocrx_word' id='word_1_474' title='bbox 1089 3649 1138 3695; x_wconf 85' lang='lat' dir='ltr'><strong>lem</strong></span> <span class='ocrx_word' id='word_1_475' title='bbox 1147 3645 1176 3693; x_wconf 88' lang='lat' dir='ltr'><strong>ad</strong></span> <span class='ocrx_word' id='word_1_476' title='bbox 1187 3645 1256 3706; x_wconf 75' lang='lat' dir='ltr'><strong>Idyll.</strong></span> <span class='ocrx_word' id='word_1_477' title='bbox 1265 3647 1321 3695; x_wconf 85' lang='lat' dir='ltr'><strong>xtv</strong></span> <span class='ocrx_word' id='word_1_478' title='bbox 1331 3659 1365 3693; x_wconf 83' lang='lat' dir='ltr'><strong>ts.</strong></span> <span class='ocrx_word' id='word_1_479' title='bbox 1378 3645 1441 3706; x_wconf 87' lang='lat' dir='ltr'><strong>5qui</strong></span> <span class='ocrx_word' id='word_1_480' title='bbox 1449 3645 1529 3694; x_wconf 79' lang='lat' dir='ltr'><strong>addit:</strong></span> <span class='ocrx_word' id='word_1_481' title='bbox 1538 3647 1669 3708; x_wconf 71' lang='grc' dir='ltr'>διαφέρουσι</span> <span class='ocrx_word' id='word_1_482' title='bbox 1678 3648 1703 3695; x_wconf 79' lang='grc' dir='ltr'><strong>δὲ</strong></span> <span class='ocrx_word' id='word_1_483' title='bbox 1711 3649 1868 3713; x_wconf 85' lang='grc' dir='ltr'>Πυθαγορικοὶ</span> 
     </span>
     <span class='ocr_line' id='line_1_38' title="bbox 266 3715 1869 3784; baseline -0.001 -14"><span class='ocrx_word' id='word_1_484' title='bbox 266 3723 341 3770; x_wconf 82' lang='grc' dir='ltr'>σε’όειν</span> <span class='ocrx_word' id='word_1_485' title='bbox 353 3721 405 3776; x_wconf 87' lang='grc' dir='ltr'>τοὺς</span> <span class='ocrx_word' id='word_1_486' title='bbox 418 3718 494 3774; x_wconf 83' lang='grc' dir='ltr'>θεούς’</span> <span class='ocrx_word' id='word_1_487' title='bbox 507 3720 572 3782; x_wconf 85' lang='grc' dir='ltr'>ὑμῶν</span> <span class='ocrx_word' id='word_1_488' title='bbox 586 3717 611 3765; x_wconf 83' lang='grc' dir='ltr'><strong>δὲ</strong></span> <span class='ocrx_word' id='word_1_489' title='bbox 624 3717 707 3778; x_wconf 79' lang='grc' dir='ltr'>ἀλογία</span> <span class='ocrx_word' id='word_1_490' title='bbox 721 3719 760 3766; x_wconf 86' lang='grc' dir='ltr'><strong>καὶ</strong></span> <span class='ocrx_word' id='word_1_491' title='bbox 773 3720 788 3775; x_wconf 84' lang='grc' dir='ltr'><strong>ἡ</strong></span> <span class='ocrx_word' id='word_1_492' title='bbox 803 3717 910 3779; x_wconf 80' lang='grc' dir='ltr'>ἀγροικία</span> <span class='ocrx_word' id='word_1_493' title='bbox 924 3717 963 3765; x_wconf 84' lang='grc' dir='ltr'><strong>καὶ</strong></span> <span class='ocrx_word' id='word_1_494' title='bbox 978 3717 1043 3765; x_wconf 80' lang='grc' dir='ltr'>οὐδὲν</span> <span class='ocrx_word' id='word_1_495' title='bbox 1088 3722 1134 3765; x_wconf 88' lang='grc' dir='ltr'><strong>τῶν</strong></span> <span class='ocrx_word' id='word_1_496' title='bbox 1146 3717 1336 3778; x_wconf 80' lang='grc' dir='ltr'>Πυθαγοριστῶν,</span> <span class='ocrx_word' id='word_1_497' title='bbox 1346 3716 1382 3764; x_wconf 87' lang='grc' dir='ltr'><strong>ὅτι</strong></span> <span class='ocrx_word' id='word_1_498' title='bbox 1398 3718 1420 3765; x_wconf 89' lang='lat' dir='ltr'><strong>ol</strong></span> <span class='ocrx_word' id='word_1_499' title='bbox 1439 3715 1480 3778; x_wconf 76' lang='grc' dir='ltr'><strong>μὲν</strong></span> <span class='ocrx_word' id='word_1_500' title='bbox 1491 3717 1648 3784; x_wconf 81' lang='grc' dir='ltr'>Πυθαγορικοὶ</span> <span class='ocrx_word' id='word_1_501' title='bbox 1666 3722 1743 3766; x_wconf 83' lang='grc' dir='ltr'>πᾶσαν</span> <span class='ocrx_word' id='word_1_502' title='bbox 1760 3721 1869 3782; x_wconf 73' lang='grc' dir='ltr'>φροντίδα</span> 
     </span>
    </p>
   </div>
   <div class='ocr_carea' id='block_1_12' title="bbox 171 3784 1867 3852">
    <p class='ocr_par' dir='ltr' id='par_1_12' title="bbox 171 3784 1867 3852">
     <span class='ocr_line' id='line_1_39' title="bbox 171 3784 1867 3852; baseline -0.001 -14"><span class='ocrx_word' id='word_1_503' title='bbox 171 3784 177 3800; x_wconf 83' lang='grc'>’</span> <span class='ocrx_word' id='word_1_504' title='bbox 265 3789 322 3850; x_wconf 80' lang='grc' dir='ltr'>ὑπὲρ</span> <span class='ocrx_word' id='word_1_505' title='bbox 342 3789 368 3837; x_wconf 89' lang='grc' dir='ltr'><strong>τδ</strong></span> <span class='ocrx_word' id='word_1_506' title='bbox 389 3787 518 3837; x_wconf 87' lang='grc' dir='ltr'>Πίστευσον</span> <span class='ocrx_word' id='word_1_507' title='bbox 539 3793 580 3846; x_wconf 85' lang='grc' dir='ltr'><strong>τῆς</strong></span> <span class='ocrx_word' id='word_1_508' title='bbox 598 3788 706 3850; x_wconf 81' lang='grc' dir='ltr'>ὑμετέρας</span> <span class='ocrx_word' id='word_1_509' title='bbox 720 3788 768 3836; x_wconf 83' lang='grc' dir='ltr'>ἐστὶ</span> <span class='ocrx_word' id='word_1_510' title='bbox 781 3787 870 3849; x_wconf 79' lang='grc' dir='ltr'>σοφίας.</span> <span class='ocrx_word' id='word_1_511' title='bbox 886 3788 936 3836; x_wconf 84' lang='grc' dir='ltr'>Οὐκ</span> <span class='ocrx_word' id='word_1_512' title='bbox 952 3789 979 3835; x_wconf 77' lang='lat' dir='ltr'><strong>cis</strong></span> <span class='ocrx_word' id='word_1_513' title='bbox 992 3793 1042 3849; x_wconf 87' lang='grc' dir='ltr'>με’ν,</span> <span class='ocrx_word' id='word_1_514' title='bbox 1088 3791 1209 3835; x_wconf 85' lang='grc' dir='ltr'>ποιοῦνται</span> <span class='ocrx_word' id='word_1_515' title='bbox 1227 3791 1270 3835; x_wconf 81' lang='grc' dir='ltr'><strong>τοῦ</strong></span> <span class='ocrx_word' id='word_1_516' title='bbox 1284 3788 1407 3848; x_wconf 83' lang='grc' dir='ltr'>σώματος,</span> <span class='ocrx_word' id='word_1_517' title='bbox 1420 3786 1484 3835; x_wconf 79' lang='lat' dir='ltr'><strong>ottt</strong></span> <span class='ocrx_word' id='word_1_518' title='bbox 1502 3787 1673 3849; x_wconf 86' lang='grc' dir='ltr'>Πνθαγορισταὶ</span> <span class='ocrx_word' id='word_1_519' title='bbox 1687 3791 1867 3852; x_wconf 80' lang='grc' dir='ltr'>περιεσταλμένῃ</span> 
     </span>
    </p>
   </div>
   <div class='ocr_carea' id='block_1_13' title="bbox 265 3853 1867 4134">
    <p class='ocr_par' dir='ltr' id='par_1_13' title="bbox 265 3853 1867 4134">
     <span class='ocr_line' id='line_1_40' title="bbox 266 3853 1867 3920; baseline 0 -13"><span class='ocrx_word' id='word_1_520' title='bbox 266 3853 344 3920; x_wconf 75' lang='grc' dir='ltr'>οἶμαι,</span> <span class='ocrx_word' id='word_1_521' title='bbox 354 3857 437 3905; x_wconf 81' lang='grc' dir='ltr'>τούτου</span> <span class='ocrx_word' id='word_1_522' title='bbox 448 3856 632 3916; x_wconf 81' lang='grc' dir='ltr'>καταγελάσαιεν</span> <span class='ocrx_word' id='word_1_523' title='bbox 648 3859 670 3905; x_wconf 86' lang='lat' dir='ltr'><strong>ol</strong></span> <span class='ocrx_word' id='word_1_524' title='bbox 685 3858 738 3918; x_wconf 81' lang='grc' dir='ltr'>παρ’</span> <span class='ocrx_word' id='word_1_525' title='bbox 747 3858 802 3918; x_wconf 78' lang='grc' dir='ltr'>ὑμῖν</span> <span class='ocrx_word' id='word_1_526' title='bbox 813 3857 843 3904; x_wconf 81' lang='grc' dir='ltr'><strong>τὰ</strong></span> <span class='ocrx_word' id='word_1_527' title='bbox 855 3857 993 3919; x_wconf 85' lang='grc' dir='ltr'>Πυθαγόρου</span> <span class='ocrx_word' id='word_1_528' title='bbox 1007 3874 1043 3918; x_wconf 88' lang='grc' dir='ltr'><strong>φι·</strong></span> <span class='ocrx_word' id='word_1_529' title='bbox 1088 3856 1129 3904; x_wconf 80' lang='grc' dir='ltr'><strong>καί</strong></span> <span class='ocrx_word' id='word_1_530' title='bbox 1142 3854 1251 3918; x_wconf 80' lang='grc' dir='ltr'>αὐχμηρᾷ</span> <span class='ocrx_word' id='word_1_531' title='bbox 1262 3856 1337 3917; x_wconf 85' lang='grc' dir='ltr'>διαίτη</span> <span class='ocrx_word' id='word_1_532' title='bbox 1347 3861 1455 3918; x_wconf 87' lang='grc' dir='ltr'>χρῶνται.</span> <span class='ocrx_word' id='word_1_533' title='bbox 1468 3856 1533 3911; x_wconf 73' lang='grc' dir='ltr'>Τινὲς</span> <span class='ocrx_word' id='word_1_534' title='bbox 1542 3856 1567 3904; x_wconf 81' lang='grc' dir='ltr'><strong>δὲ</strong></span> <span class='ocrx_word' id='word_1_535' title='bbox 1578 3859 1753 3920; x_wconf 78' lang='grc' dir='ltr'>Πυθαγοριστὰς</span> <span class='ocrx_word' id='word_1_536' title='bbox 1772 3862 1867 3919; x_wconf 87' lang='grc' dir='ltr'>λέγουσι</span> 
     </span>
     <span class='ocr_line' id='line_1_41' title="bbox 265 3925 1866 3989; baseline 0.001 -13"><span class='ocrx_word' id='word_1_537' title='bbox 265 3930 415 3986; x_wconf 78' lang='grc' dir='ltr'>λοσοφοθντες</span> <span class='ocrx_word' id='word_1_538' title='bbox 420 3961 429 3987; x_wconf 96' lang='grc'>,</span> <span class='ocrx_word' id='word_1_539' title='bbox 438 3925 472 3981; x_wconf 89' lang='grc' dir='ltr'><strong>οῐς</strong></span> <span class='ocrx_word' id='word_1_540' title='bbox 483 3926 510 3974; x_wconf 89' lang='grc' dir='ltr'><strong>τὸ</strong></span> <span class='ocrx_word' id='word_1_541' title='bbox 522 3925 613 3981; x_wconf 61' lang='lat' dir='ltr'><strong>Ababa</strong></span> <span class='ocrx_word' id='word_1_542' title='bbox 623 3925 676 3987; x_wconf 81' lang='grc' dir='ltr'><strong>ἔφα</strong></span> <span class='ocrx_word' id='word_1_543' title='bbox 686 3926 712 3974; x_wconf 88' lang='grc' dir='ltr'><strong>τδ</strong></span> <span class='ocrx_word' id='word_1_544' title='bbox 723 3931 813 3988; x_wconf 84' lang='grc' dir='ltr'>πρῶτον</span> <span class='ocrx_word' id='word_1_545' title='bbox 820 3927 859 3974; x_wconf 81' lang='grc' dir='ltr'><strong>καὶ</strong></span> <span class='ocrx_word' id='word_1_546' title='bbox 872 3925 981 3988; x_wconf 86' lang='grc' dir='ltr'>μέγιστόν</span> <span class='ocrx_word' id='word_1_547' title='bbox 995 3926 1043 3974; x_wconf 83' lang='grc' dir='ltr'>ἐστι</span> <span class='ocrx_word' id='word_1_548' title='bbox 1089 3926 1142 3981; x_wconf 85' lang='grc' dir='ltr'>τοὺς</span> <span class='ocrx_word' id='word_1_549' title='bbox 1157 3925 1342 3987; x_wconf 81' lang='grc' dir='ltr'>ἀποδεχομένους</span> <span class='ocrx_word' id='word_1_550' title='bbox 1356 3925 1385 3974; x_wconf 87' lang='grc' dir='ltr'><strong>τὰ</strong></span> <span class='ocrx_word' id='word_1_551' title='bbox 1398 3925 1594 3989; x_wconf 86' lang='grc' dir='ltr'>Πυθαγόρου,μή</span> <span class='ocrx_word' id='word_1_552' title='bbox 1607 3927 1675 3985; x_wconf 83' lang='grc' dir='ltr'>ὄντας</span> <span class='ocrx_word' id='word_1_553' title='bbox 1688 3929 1712 3977; x_wconf 79' lang='grc' dir='ltr'><strong>δὲ</strong></span> <span class='ocrx_word' id='word_1_554' title='bbox 1723 3935 1763 3988; x_wconf 82' lang='grc' dir='ltr'><strong>τῆς</strong></span> <span class='ocrx_word' id='word_1_555' title='bbox 1777 3931 1866 3980; x_wconf 84' lang='grc' dir='ltr'>ἐκείνου</span> 
     </span>
     <span class='ocr_line' id='line_1_42' title="bbox 265 3993 1866 4060; baseline 0.002 -15"><span class='ocrx_word' id='word_1_556' title='bbox 265 4001 311 4045; x_wconf 89' lang='grc' dir='ltr'><strong>τῶν</strong></span> <span class='ocrx_word' id='word_1_557' title='bbox 325 3995 445 4056; x_wconf 76' lang='grc' dir='ltr'>δογμάτων</span> <span class='ocrx_word' id='word_1_558' title='bbox 458 3995 496 4042; x_wconf 87' lang='grc' dir='ltr'><strong>καὶ</strong></span> <span class='ocrx_word' id='word_1_559' title='bbox 508 4000 554 4042; x_wconf 88' lang='grc' dir='ltr'><strong>τῶν</strong></span> <span class='ocrx_word' id='word_1_560' title='bbox 566 3999 658 4058; x_wconf 85' lang='grc' dir='ltr'>χρυσῶν</span> <span class='ocrx_word' id='word_1_561' title='bbox 674 3995 745 4053; x_wconf 82' lang='grc' dir='ltr'>ἐπῶν,</span> <span class='ocrx_word' id='word_1_562' title='bbox 755 3995 800 4042; x_wconf 74' lang='lat' dir='ltr'><strong>elac</strong></span> <span class='ocrx_word' id='word_1_563' title='bbox 812 3993 852 4042; x_wconf 84' lang='grc' dir='ltr'><strong>οὖν</strong></span> <span class='ocrx_word' id='word_1_564' title='bbox 865 3995 993 4056; x_wconf 81' lang='grc' dir='ltr'>μολνόδῶν,</span> <span class='ocrx_word' id='word_1_565' title='bbox 1006 3997 1043 4042; x_wconf 83' lang='lat' dir='ltr'><strong>ol·</strong></span> <span class='ocrx_word' id='word_1_566' title='bbox 1089 3996 1165 4054; x_wconf 81' lang='grc' dir='ltr'>δόξης,</span> <span class='ocrx_word' id='word_1_567' title='bbox 1179 3996 1350 4057; x_wconf 82' lang='grc' dir='ltr'>Πυθαγορικοὺς</span> <span class='ocrx_word' id='word_1_568' title='bbox 1361 3996 1386 4044; x_wconf 79' lang='grc' dir='ltr'><strong>δὲ</strong></span> <span class='ocrx_word' id='word_1_569' title='bbox 1396 3995 1450 4051; x_wconf 86' lang='grc' dir='ltr'>τοὺς</span> <span class='ocrx_word' id='word_1_570' title='bbox 1461 3996 1523 4044; x_wconf 77' lang='grc' dir='ltr'>οὕτω</span> <span class='ocrx_word' id='word_1_571' title='bbox 1535 4003 1671 4060; x_wconf 84' lang='grc' dir='ltr'>φρονοῦντας</span> <span class='ocrx_word' id='word_1_572' title='bbox 1685 4001 1716 4055; x_wconf 84' lang='grc' dir='ltr'>ὡς</span> <span class='ocrx_word' id='word_1_573' title='bbox 1729 4001 1814 4057; x_wconf 80' lang='grc' dir='ltr'>ἐκεῖνος</span> <span class='ocrx_word' id='word_1_574' title='bbox 1825 4005 1866 4050; x_wconf 87' lang='grc' dir='ltr'><strong>καὶ</strong></span> 
     </span>
     <span class='ocr_line' id='line_1_43' title="bbox 265 4064 1864 4134; baseline 0.003 -18"><span class='ocrx_word' id='word_1_575' title='bbox 265 4066 396 4131; x_wconf 87' lang='grc' dir='ltr'>ρετώιερον.</span> <span class='ocrx_word' id='word_1_576' title='bbox 413 4065 480 4113; x_wconf 86' lang='grc' dir='ltr'>Μετὰ</span> <span class='ocrx_word' id='word_1_577' title='bbox 494 4065 538 4127; x_wconf 83' lang='grc' dir='ltr'>γὰρ</span> <span class='ocrx_word' id='word_1_578' title='bbox 549 4065 590 4122; x_wconf 79' lang='grc' dir='ltr'><strong>την</strong></span> <span class='ocrx_word' id='word_1_579' title='bbox 605 4064 698 4125; x_wconf 80' lang='grc' dir='ltr'>πρώτην</span> <span class='ocrx_word' id='word_1_580' title='bbox 718 4065 757 4112; x_wconf 85' lang='grc' dir='ltr'><strong>καὶ</strong></span> <span class='ocrx_word' id='word_1_581' title='bbox 776 4065 935 4125; x_wconf 85' lang='grc' dir='ltr'>πολυύμνητον</span> <span class='ocrx_word' id='word_1_582' title='bbox 955 4071 1003 4120; x_wconf 89' lang='grc' dir='ltr'>τοῖς</span> <span class='ocrx_word' id='word_1_583' title='bbox 1013 4064 1043 4112; x_wconf 82' lang='grc' dir='ltr'><strong>τὰ</strong></span> <span class='ocrx_word' id='word_1_584' title='bbox 1088 4067 1149 4114; x_wconf 85' lang='grc' dir='ltr'>κατὰ</span> <span class='ocrx_word' id='word_1_585' title='bbox 1162 4064 1298 4128; x_wconf 87' lang='grc' dir='ltr'>Πυθαγόραν</span> <span class='ocrx_word' id='word_1_586' title='bbox 1313 4066 1484 4128; x_wconf 86' lang='grc' dir='ltr'>διαιτωμένους.</span> <span class='ocrx_word' id='word_1_587' title='bbox 1499 4067 1648 4117; x_wconf 75' lang='lat' dir='ltr'><strong>lamblichus</strong></span> <span class='ocrx_word' id='word_1_588' title='bbox 1669 4068 1713 4119; x_wconf 79' lang='lat' dir='ltr'><strong>til.</strong></span> <span class='ocrx_word' id='word_1_589' title='bbox 1728 4071 1799 4130; x_wconf 72' lang='lat' dir='ltr'><strong>esth.</strong></span> <span class='ocrx_word' id='word_1_590' title='bbox 1812 4085 1864 4134; x_wconf 84' lang='lat' dir='ltr'><strong>cap.</strong></span> 
     </span>
    </p>
   </div>
   <div class='ocr_carea' id='block_1_14' title="bbox 265 4133 1962 4427">
    <p class='ocr_par' dir='ltr' id='par_1_14' title="bbox 265 4133 1962 4427">
     <span class='ocr_line' id='line_1_44' title="bbox 265 4133 1962 4204; baseline 0 -17"><span class='ocrx_word' id='word_1_591' title='bbox 265 4137 354 4186; x_wconf 80' lang='grc' dir='ltr'>ἐκείνου</span> <span class='ocrx_word' id='word_1_592' title='bbox 367 4135 511 4198; x_wconf 82' lang='grc' dir='ltr'>τελουμένοις</span> <span class='ocrx_word' id='word_1_593' title='bbox 526 4133 659 4196; x_wconf 87' lang='grc' dir='ltr'>φιλοσοφίαν</span> <span class='ocrx_word' id='word_1_594' title='bbox 670 4139 710 4191; x_wconf 69' lang='grc' dir='ltr'><strong>τῆς</strong></span> <span class='ocrx_word' id='word_1_595' title='bbox 723 4139 826 4193; x_wconf 83' lang='grc' dir='ltr'>σιωπῆς,</span> <span class='ocrx_word' id='word_1_596' title='bbox 839 4135 877 4182; x_wconf 79' lang='lat' dir='ltr'><strong>lvo</strong></span> <span class='ocrx_word' id='word_1_597' title='bbox 890 4134 959 4194; x_wconf 88' lang='grc' dir='ltr'>λόγου</span> <span class='ocrx_word' id='word_1_598' title='bbox 973 4134 1043 4197; x_wconf 82' lang='grc' dir='ltr'>μέτρα</span> <span class='ocrx_word' id='word_1_599' title='bbox 1091 4138 1119 4183; x_wconf 83' lang='lat' dir='ltr'><strong>tt</strong></span> <span class='ocrx_word' id='word_1_600' title='bbox 1135 4150 1142 4183; x_wconf 80' lang='grc' dir='ltr'><strong>ε</strong></span> <span class='ocrx_word' id='word_1_601' title='bbox 1153 4135 1214 4184; x_wconf 81' lang='grc' dir='ltr'>κατὰ</span> <span class='ocrx_word' id='word_1_602' title='bbox 1229 4137 1255 4184; x_wconf 78' lang='grc' dir='ltr'><strong>δὲ</strong></span> <span class='ocrx_word' id='word_1_603' title='bbox 1268 4140 1349 4185; x_wconf 83' lang='grc' dir='ltr'>τοῦτον</span> <span class='ocrx_word' id='word_1_604' title='bbox 1362 4138 1402 4185; x_wconf 86' lang='grc' dir='ltr'><strong>τὸν</strong></span> <span class='ocrx_word' id='word_1_605' title='bbox 1416 4136 1484 4198; x_wconf 87' lang='grc' dir='ltr'>λόγον</span> <span class='ocrx_word' id='word_1_606' title='bbox 1498 4138 1550 4194; x_wconf 83' lang='grc' dir='ltr'>τοὺς</span> <span class='ocrx_word' id='word_1_607' title='bbox 1564 4139 1605 4201; x_wconf 81' lang='grc' dir='ltr'><strong>μὲν</strong></span> <span class='ocrx_word' id='word_1_608' title='bbox 1619 4141 1789 4204; x_wconf 81' lang='grc' dir='ltr'>Πυθαγορείους</span> <span class='ocrx_word' id='word_1_609' title='bbox 1800 4145 1866 4193; x_wconf 84' lang='grc' dir='ltr'>καλέ·</span> <span class='ocrx_word' id='word_1_610' title='bbox 1961 4184 1962 4187; x_wconf 75' lang='grc'>,</span> 
     </span>
     <span class='ocr_line' id='line_1_45' title="bbox 265 4203 1962 4277; baseline -0.001 -19"><span class='ocrx_word' id='word_1_611' title='bbox 265 4212 358 4270; x_wconf 82' lang='grc' dir='ltr'>σιωπᾷν</span> <span class='ocrx_word' id='word_1_612' title='bbox 370 4206 513 4265; x_wconf 80' lang='grc' dir='ltr'>ἀσκηθῶσιν,</span> <span class='ocrx_word' id='word_1_613' title='bbox 527 4203 630 4265; x_wconf 74' lang='grc' dir='ltr'>ἔννομον,</span> <span class='ocrx_word' id='word_1_614' title='bbox 641 4206 718 4266; x_wconf 84' lang='grc' dir='ltr'>φησίν,</span> <span class='ocrx_word' id='word_1_615' title='bbox 729 4204 756 4262; x_wconf 77' lang='grc' dir='ltr'><strong>ἦν</strong></span> <span class='ocrx_word' id='word_1_616' title='bbox 774 4205 851 4252; x_wconf 69' lang='grc' dir='ltr'>ὁτιοῦν</span> <span class='ocrx_word' id='word_1_617' title='bbox 863 4209 909 4254; x_wconf 89' lang='grc' dir='ltr'><strong>τῶν</strong></span> <span class='ocrx_word' id='word_1_618' title='bbox 921 4205 1043 4266; x_wconf 68' lang='grc' dir='ltr'>δογμάτων</span> <span class='ocrx_word' id='word_1_619' title='bbox 1089 4207 1206 4267; x_wconf 82' lang='grc' dir='ltr'>σοις,τοὺς</span> <span class='ocrx_word' id='word_1_620' title='bbox 1216 4206 1240 4254; x_wconf 77' lang='grc' dir='ltr'><strong>δὲ</strong></span> <span class='ocrx_word' id='word_1_621' title='bbox 1248 4207 1433 4270; x_wconf 82' lang='grc' dir='ltr'>Πνθαγοριστός,</span> <span class='ocrx_word' id='word_1_622' title='bbox 1443 4209 1521 4269; x_wconf 83' lang='grc' dir='ltr'>ῶσπερ</span> <span class='ocrx_word' id='word_1_623' title='bbox 1529 4209 1634 4265; x_wconf 79' lang='grc' dir='ltr'>ἀττικούς</span> <span class='ocrx_word' id='word_1_624' title='bbox 1643 4226 1704 4266; x_wconf 80' lang='grc' dir='ltr'>τινας</span> <span class='ocrx_word' id='word_1_625' title='bbox 1715 4211 1865 4277; x_wconf 76' lang='grc' dir='ltr'>ὀνομάζομεν,</span> <span class='ocrx_word' id='word_1_626' title='bbox 1961 4214 1962 4223; x_wconf 75' lang='grc'>’</span> 
     </span>
     <span class='ocr_line' id='line_1_46' title="bbox 265 4272 1962 4345; baseline 0.002 -18"><span class='ocrx_word' id='word_1_627' title='bbox 265 4277 422 4342; x_wconf 78' lang='grc' dir='ltr'>δρωτωμένοις</span> <span class='ocrx_word' id='word_1_628' title='bbox 434 4275 503 4324; x_wconf 79' lang='grc' dir='ltr'>ἔπειτ’</span> <span class='ocrx_word' id='word_1_629' title='bbox 516 4274 717 4336; x_wconf 78' lang='grc' dir='ltr'>ἀποφαινομένοις,</span> <span class='ocrx_word' id='word_1_630' title='bbox 731 4274 900 4335; x_wconf 82' lang='grc' dir='ltr'>ἀπαιτουμένον</span> <span class='ocrx_word' id='word_1_631' title='bbox 910 4275 949 4322; x_wconf 84' lang='grc' dir='ltr'><strong>καὶ</strong></span> <span class='ocrx_word' id='word_1_632' title='bbox 958 4274 1042 4336; x_wconf 88' lang='grc' dir='ltr'>λόγου,</span> <span class='ocrx_word' id='word_1_633' title='bbox 1089 4277 1178 4340; x_wconf 84' lang='grc' dir='ltr'>ἐτέρους</span> <span class='ocrx_word' id='word_1_634' title='bbox 1190 4276 1215 4324; x_wconf 78' lang='grc' dir='ltr'><strong>δὲ</strong></span> <span class='ocrx_word' id='word_1_635' title='bbox 1226 4276 1371 4330; x_wconf 80' lang='grc' dir='ltr'>ἀττικιστοίς·</span> <span class='ocrx_word' id='word_1_636' title='bbox 1386 4277 1467 4324; x_wconf 86' lang='grc' dir='ltr'>διελὼν</span> <span class='ocrx_word' id='word_1_637' title='bbox 1482 4277 1544 4325; x_wconf 80' lang='grc' dir='ltr'>οὕτω</span> <span class='ocrx_word' id='word_1_638' title='bbox 1557 4279 1690 4340; x_wconf 86' lang='grc' dir='ltr'>πρεπόντως</span> <span class='ocrx_word' id='word_1_639' title='bbox 1703 4281 1733 4330; x_wconf 84' lang='grc' dir='ltr'><strong>τάι</strong></span> <span class='ocrx_word' id='word_1_640' title='bbox 1746 4282 1864 4345; x_wconf 82' lang='grc' dir='ltr'>ὀνόματα,</span> <span class='ocrx_word' id='word_1_641' title='bbox 1961 4272 1962 4301; x_wconf 95' lang='lat'>¹</span> 
     </span>
     <span class='ocr_line' id='line_1_47' title="bbox 265 4344 1962 4427; baseline 0.002 -31"><span class='ocrx_word' id='word_1_642' title='bbox 265 4349 321 4398; x_wconf 80' lang='grc' dir='ltr'>ἄλλο</span> <span class='ocrx_word' id='word_1_643' title='bbox 335 4349 376 4410; x_wconf 74' lang='grc' dir='ltr'><strong>μὲν</strong></span> <span class='ocrx_word' id='word_1_644' title='bbox 390 4346 459 4408; x_wconf 72' lang='grc' dir='ltr'>μηδὲν</span> <span class='ocrx_word' id='word_1_645' title='bbox 472 4344 649 4408; x_wconf 84' lang='grc' dir='ltr'>ἀποκρίνεσθαι,</span> <span class='ocrx_word' id='word_1_646' title='bbox 659 4345 694 4392; x_wconf 83' lang='grc' dir='ltr'><strong>ὅτι</strong></span> <span class='ocrx_word' id='word_1_647' title='bbox 706 4344 730 4392; x_wconf 85' lang='grc' dir='ltr'><strong>δὲ</strong></span> <span class='ocrx_word' id='word_1_648' title='bbox 741 4344 866 4408; x_wconf 73' lang='grc' dir='ltr'>Πυθαγόρᾳ</span> <span class='ocrx_word' id='word_1_649' title='bbox 884 4344 947 4394; x_wconf 82' lang='grc' dir='ltr'>τοῦτ’</span> <span class='ocrx_word' id='word_1_650' title='bbox 956 4344 991 4401; x_wconf 84' lang='grc' dir='ltr'><strong>είη</strong></span> <span class='ocrx_word' id='word_1_651' title='bbox 1004 4345 1040 4392; x_wconf 87' lang='grc' dir='ltr'><strong>δε·</strong></span> <span class='ocrx_word' id='word_1_652' title='bbox 1088 4345 1141 4400; x_wconf 85' lang='grc' dir='ltr'>τοὺς</span> <span class='ocrx_word' id='word_1_653' title='bbox 1152 4345 1192 4405; x_wconf 84' lang='grc' dir='ltr'><strong>μὲν</strong></span> <span class='ocrx_word' id='word_1_654' title='bbox 1204 4345 1312 4406; x_wconf 87' lang='grc' dir='ltr'>γνησίους</span> <span class='ocrx_word' id='word_1_655' title='bbox 1323 4345 1382 4393; x_wconf 84' lang='grc' dir='ltr'>εἶναι</span> <span class='ocrx_word' id='word_1_656' title='bbox 1393 4345 1547 4406; x_wconf 72' lang='grc' dir='ltr'>ἐνεστήοατο,</span> <span class='ocrx_word' id='word_1_657' title='bbox 1559 4347 1611 4403; x_wconf 79' lang='grc' dir='ltr'>τοὺς</span> <span class='ocrx_word' id='word_1_658' title='bbox 1626 4349 1651 4396; x_wconf 82' lang='grc' dir='ltr'><strong>δὲ</strong></span> <span class='ocrx_word' id='word_1_659' title='bbox 1662 4351 1765 4407; x_wconf 80' lang='grc' dir='ltr'>ζηλωτὰς</span> <span class='ocrx_word' id='word_1_660' title='bbox 1778 4354 1864 4401; x_wconf 73' lang='grc' dir='ltr'>τούτων</span> <span class='ocrx_word' id='word_1_661' title='bbox 1961 4390 1962 4427; x_wconf 62' lang='lat' dir='ltr'><strong>y</strong></span> 
     </span>
    </p>
   </div>
   <div class='ocr_carea' id='block_1_15' title="bbox 265 4414 1866 4760">
    <p class='ocr_par' dir='ltr' id='par_1_15' title="bbox 265 4414 1387 4481">
     <span class='ocr_line' id='line_1_48' title="bbox 265 4414 1387 4481; baseline -0.006 -11"><span class='ocrx_word' id='word_1_662' title='bbox 265 4419 384 4481; x_wconf 83' lang='grc' dir='ltr'>δογμένον,</span> <span class='ocrx_word' id='word_1_663' title='bbox 394 4418 433 4466; x_wconf 83' lang='grc' dir='ltr'><strong>καί</strong></span> <span class='ocrx_word' id='word_1_664' title='bbox 443 4416 510 4478; x_wconf 82' lang='grc' dir='ltr'>λόγον</span> <span class='ocrx_word' id='word_1_665' title='bbox 520 4415 579 4464; x_wconf 84' lang='grc' dir='ltr'>εἶναι</span> <span class='ocrx_word' id='word_1_666' title='bbox 590 4419 631 4463; x_wconf 84' lang='grc' dir='ltr'><strong>τοῦ</strong></span> <span class='ocrx_word' id='word_1_667' title='bbox 642 4414 771 4476; x_wconf 85' lang='grc' dir='ltr'>δόγματος,</span> <span class='ocrx_word' id='word_1_668' title='bbox 783 4415 809 4462; x_wconf 87' lang='grc' dir='ltr'><strong>τὸ</strong></span> <span class='ocrx_word' id='word_1_669' title='bbox 824 4415 944 4478; x_wconf 84' lang='grc' dir='ltr'>παραστάν</span> <span class='ocrx_word' id='word_1_670' title='bbox 960 4415 1042 4477; x_wconf 78' lang='grc' dir='ltr'>ἐκείνῳ</span> <span class='ocrx_word' id='word_1_671' title='bbox 1089 4415 1214 4472; x_wconf 82' lang='grc' dir='ltr'>δηλοῦσθαι</span> <span class='ocrx_word' id='word_1_672' title='bbox 1227 4415 1387 4477; x_wconf 84' lang='grc' dir='ltr'>ἐνομοθέτησε.</span> 
     </span>
    </p>

    <p class='ocr_par' dir='ltr' id='par_1_16' title="bbox 266 4483 1866 4760">
     <span class='ocr_line' id='line_1_49' title="bbox 266 4483 1864 4552; baseline 0.004 -16"><span class='ocrx_word' id='word_1_673' title='bbox 266 4487 387 4537; x_wconf 72' lang='grc' dir='ltr'>ἀνεύθυνόν</span> <span class='ocrx_word' id='word_1_674' title='bbox 398 4503 423 4536; x_wconf 82' lang='grc' dir='ltr'><strong>τι</strong></span> <span class='ocrx_word' id='word_1_675' title='bbox 435 4487 474 4534; x_wconf 82' lang='grc' dir='ltr'><strong>καὶ</strong></span> <span class='ocrx_word' id='word_1_676' title='bbox 487 4483 652 4543; x_wconf 78' lang='grc' dir='ltr'>ὰθασάνιστον,</span> <span class='ocrx_word' id='word_1_677' title='bbox 663 4485 693 4539; x_wconf 80' lang='grc' dir='ltr'><strong>είς</strong></span> <span class='ocrx_word' id='word_1_678' title='bbox 714 4485 797 4533; x_wconf 79' lang='grc' dir='ltr'>ταυτὸν</span> <span class='ocrx_word' id='word_1_679' title='bbox 813 4485 910 4542; x_wconf 81' lang='grc' dir='ltr'>ἥκοντας</span> <span class='ocrx_word' id='word_1_680' title='bbox 931 4489 972 4533; x_wconf 83' lang='grc' dir='ltr'><strong>τοῦ</strong></span> <span class='ocrx_word' id='word_1_681' title='bbox 987 4485 1042 4532; x_wconf 75' lang='lat' dir='ltr'><strong>Ad·</strong></span> <span class='ocrx_word' id='word_1_682' title='bbox 1120 4483 1168 4545; x_wconf 81' lang='lat'>(49)</span> <span class='ocrx_word' id='word_1_683' title='bbox 1182 4483 1325 4533; x_wconf 85' lang='lat' dir='ltr'><strong>Plutarclms</strong></span> <span class='ocrx_word' id='word_1_684' title='bbox 1335 4485 1365 4534; x_wconf 88' lang='lat' dir='ltr'><strong>de</strong></span> <span class='ocrx_word' id='word_1_685' title='bbox 1377 4498 1440 4533; x_wconf 86' lang='lat' dir='ltr'><strong>orac.</strong></span> <span class='ocrx_word' id='word_1_686' title='bbox 1453 4484 1501 4534; x_wconf 87' lang='lat' dir='ltr'><strong>del.</strong></span> <span class='ocrx_word' id='word_1_687' title='bbox 1511 4499 1565 4548; x_wconf 85' lang='lat' dir='ltr'><strong>cap.</strong></span> <span class='ocrx_word' id='word_1_688' title='bbox 1580 4491 1610 4536; x_wconf 80' lang='lat' dir='ltr'><strong>ts</strong></span> <span class='ocrx_word' id='word_1_689' title='bbox 1620 4489 1668 4536; x_wconf 81' lang='lat' dir='ltr'><strong>rol.</strong></span> <span class='ocrx_word' id='word_1_690' title='bbox 1681 4491 1715 4538; x_wconf 81' lang='lat' dir='ltr'><strong>lx</strong></span> <span class='ocrx_word' id='word_1_691' title='bbox 1731 4504 1754 4552; x_wconf 87' lang='lat' dir='ltr'><strong>p.</strong></span> <span class='ocrx_word' id='word_1_692' title='bbox 1770 4495 1814 4541; x_wconf 82' lang='grc'><strong>379</strong></span> <span class='ocrx_word' id='word_1_693' title='bbox 1825 4493 1864 4543; x_wconf 86' lang='lat' dir='ltr'><strong>ed.</strong></span> 
     </span>
     <span class='ocr_line' id='line_1_50' title="bbox 266 4553 1866 4621; baseline 0.003 -15"><span class='ocrx_word' id='word_1_694' title='bbox 266 4559 313 4614; x_wconf 81' lang='grc' dir='ltr'><strong>τὸς</strong></span> <span class='ocrx_word' id='word_1_695' title='bbox 325 4559 377 4617; x_wconf 81' lang='grc' dir='ltr'><strong>ἔφα</strong></span> <span class='ocrx_word' id='word_1_696' title='bbox 389 4561 423 4620; x_wconf 86' lang='grc' dir='ltr'><strong>τῷ</strong></span> <span class='ocrx_word' id='word_1_697' title='bbox 435 4555 488 4619; x_wconf 86' lang='grc' dir='ltr'>παρ’</span> <span class='ocrx_word' id='word_1_698' title='bbox 498 4559 553 4616; x_wconf 74' lang='grc' dir='ltr'>ἡμῖν</span> <span class='ocrx_word' id='word_1_699' title='bbox 564 4553 736 4604; x_wconf 84' lang='grc' dir='ltr'>Πίστευσον</span> <span class='ocrx_word' id='word_1_700' title='bbox 748 4555 772 4603; x_wconf 79' lang='grc' dir='ltr'><strong>έν</strong></span> <span class='ocrx_word' id='word_1_701' title='bbox 785 4553 863 4611; x_wconf 81' lang='grc' dir='ltr'>ἄλλαις</span> <span class='ocrx_word' id='word_1_702' title='bbox 881 4556 1005 4611; x_wconf 81' lang='grc' dir='ltr'>συλλαόαῖς</span> <span class='ocrx_word' id='word_1_703' title='bbox 1019 4572 1043 4603; x_wconf 89' lang='grc' dir='ltr'><strong>τε</strong></span> <span class='ocrx_word' id='word_1_704' title='bbox 1089 4557 1190 4603; x_wconf 83' lang='lat' dir='ltr'><strong>llullen.</strong></span> <span class='ocrx_word' id='word_1_705' title='bbox 1204 4573 1210 4603; x_wconf 78' lang='grc' dir='ltr'><strong>ι</strong></span> <span class='ocrx_word' id='word_1_706' title='bbox 1223 4554 1322 4602; x_wconf 75' lang='grc' dir='ltr'>καθόλου</span> <span class='ocrx_word' id='word_1_707' title='bbox 1332 4554 1388 4618; x_wconf 77' lang='grc' dir='ltr'>γάρ,</span> <span class='ocrx_word' id='word_1_708' title='bbox 1401 4557 1432 4612; x_wconf 84' lang='grc' dir='ltr'>ὥς</span> <span class='ocrx_word' id='word_1_709' title='bbox 1445 4573 1515 4618; x_wconf 79' lang='grc' dir='ltr'>φημι,</span> <span class='ocrx_word' id='word_1_710' title='bbox 1524 4558 1565 4606; x_wconf 88' lang='grc' dir='ltr'>δύο</span> <span class='ocrx_word' id='word_1_711' title='bbox 1577 4557 1653 4616; x_wconf 79' lang='grc' dir='ltr'>πόσης</span> <span class='ocrx_word' id='word_1_712' title='bbox 1664 4561 1774 4621; x_wconf 88' lang='grc' dir='ltr'>γενέσεως</span> <span class='ocrx_word' id='word_1_713' title='bbox 1791 4563 1866 4620; x_wconf 89' lang='grc' dir='ltr'>αίτίας</span> 
     </span>
     <span class='ocr_line' id='line_1_51' title="bbox 267 4623 1865 4694; baseline 0.003 -17"><span class='ocrx_word' id='word_1_714' title='bbox 267 4630 307 4677; x_wconf 87' lang='grc' dir='ltr'><strong>καὶ</strong></span> <span class='ocrx_word' id='word_1_715' title='bbox 319 4629 418 4691; x_wconf 79' lang='grc' dir='ltr'>ρήμαοι,</span> <span class='ocrx_word' id='word_1_716' title='bbox 431 4627 475 4676; x_wconf 75' lang='grc' dir='ltr'><strong>κᾶν</strong></span> <span class='ocrx_word' id='word_1_717' title='bbox 487 4627 507 4674; x_wconf 89' lang='grc' dir='ltr'><strong>εί</strong></span> <span class='ocrx_word' id='word_1_718' title='bbox 518 4627 550 4688; x_wconf 79' lang='grc' dir='ltr'><strong>μὴ</strong></span> <span class='ocrx_word' id='word_1_719' title='bbox 560 4625 677 4674; x_wconf 84' lang='grc' dir='ltr'>παύσεσθε</span> <span class='ocrx_word' id='word_1_720' title='bbox 689 4625 853 4687; x_wconf 80' lang='grc' dir='ltr'>κωμῳδοῦντες</span> <span class='ocrx_word' id='word_1_721' title='bbox 866 4629 935 4673; x_wconf 79' lang='grc' dir='ltr'>τοῦτο</span> <span class='ocrx_word' id='word_1_722' title='bbox 947 4625 987 4673; x_wconf 84' lang='grc' dir='ltr'><strong>καὶ</strong></span> <span class='ocrx_word' id='word_1_723' title='bbox 997 4625 1043 4673; x_wconf 86' lang='grc' dir='ltr'>δια·</span> <span class='ocrx_word' id='word_1_724' title='bbox 1089 4623 1202 4686; x_wconf 81' lang='grc' dir='ltr'>ἐχούσης,</span> <span class='ocrx_word' id='word_1_725' title='bbox 1223 4627 1245 4673; x_wconf 88' lang='lat' dir='ltr'><strong>ol</strong></span> <span class='ocrx_word' id='word_1_726' title='bbox 1263 4626 1304 4687; x_wconf 70' lang='grc' dir='ltr'><strong>μέν</strong></span> <span class='ocrx_word' id='word_1_727' title='bbox 1323 4625 1414 4687; x_wconf 81' lang='grc' dir='ltr'>σφόδρα</span> <span class='ocrx_word' id='word_1_728' title='bbox 1435 4627 1529 4674; x_wconf 82' lang='grc' dir='ltr'>παλαιοὶ</span> <span class='ocrx_word' id='word_1_729' title='bbox 1544 4628 1647 4691; x_wconf 82' lang='grc' dir='ltr'>θεολόγοι</span> <span class='ocrx_word' id='word_1_730' title='bbox 1668 4632 1708 4679; x_wconf 83' lang='grc' dir='ltr'><strong>καὶ</strong></span> <span class='ocrx_word' id='word_1_731' title='bbox 1729 4635 1823 4689; x_wconf 80' lang='grc' dir='ltr'>ποιηταί</span> <span class='ocrx_word' id='word_1_732' title='bbox 1837 4640 1865 4694; x_wconf 84' lang='grc' dir='ltr'><strong>τῇ</strong></span> 
     </span>
     <span class='ocr_line' id='line_1_52' title="bbox 268 4692 1865 4760; baseline 0.003 -14"><span class='ocrx_word' id='word_1_733' title='bbox 268 4697 502 4760; x_wconf 60' lang='lat' dir='ltr'><strong>associationem</strong></span> <span class='ocrx_word' id='word_1_734' title='bbox 518 4695 562 4758; x_wconf 82' lang='grc' dir='ltr'>γὰρ</span> <span class='ocrx_word' id='word_1_735' title='bbox 580 4697 635 4756; x_wconf 74' lang='grc' dir='ltr'>ἡμῖν</span> <span class='ocrx_word' id='word_1_736' title='bbox 652 4695 665 4742; x_wconf 85' lang='grc' dir='ltr'><strong><em>ὁ</em></strong></span> <span class='ocrx_word' id='word_1_737' title='bbox 684 4692 806 4755; x_wconf 85' lang='grc' dir='ltr'>λόγος,μὴ</span> <span class='ocrx_word' id='word_1_738' title='bbox 819 4695 898 4750; x_wconf 76' lang='grc' dir='ltr'>ἐξεῖναι</span> <span class='ocrx_word' id='word_1_739' title='bbox 915 4695 1043 4742; x_wconf 83' lang='grc' dir='ltr'>διαπιστεῖν</span> <span class='ocrx_word' id='word_1_740' title='bbox 1090 4693 1200 4756; x_wconf 90' lang='grc' dir='ltr'>κρείττονι</span> <span class='ocrx_word' id='word_1_741' title='bbox 1214 4694 1271 4755; x_wconf 77' lang='grc' dir='ltr'>μόνῃ</span> <span class='ocrx_word' id='word_1_742' title='bbox 1284 4695 1323 4742; x_wconf 83' lang='grc' dir='ltr'><strong>τὸν</strong></span> <span class='ocrx_word' id='word_1_743' title='bbox 1334 4699 1387 4742; x_wconf 81' lang='grc' dir='ltr'>νοῦν</span> <span class='ocrx_word' id='word_1_744' title='bbox 1398 4695 1520 4757; x_wconf 86' lang='grc' dir='ltr'>προσέχειν</span> <span class='ocrx_word' id='word_1_745' title='bbox 1529 4696 1629 4758; x_wconf 82' lang='grc' dir='ltr'>εἴλοντο,</span> <span class='ocrx_word' id='word_1_746' title='bbox 1640 4704 1707 4748; x_wconf 84' lang='grc' dir='ltr'>τοῦτο</span> <span class='ocrx_word' id='word_1_747' title='bbox 1716 4701 1744 4759; x_wconf 76' lang='grc' dir='ltr'><strong>δὴ</strong></span> <span class='ocrx_word' id='word_1_748' title='bbox 1752 4702 1778 4750; x_wconf 85' lang='grc' dir='ltr'><strong>τὸ</strong></span> <span class='ocrx_word' id='word_1_749' title='bbox 1788 4704 1865 4752; x_wconf 85' lang='grc' dir='ltr'>κοινὸν</span> 
     </span>
    </p>
   </div>
   <div class='ocr_carea' id='block_1_16' title="bbox 266 4759 1962 4899">
    <p class='ocr_par' dir='ltr' id='par_1_17' title="bbox 266 4759 1962 4899">
     <span class='ocr_line' id='line_1_53' title="bbox 266 4759 1962 4830; baseline 0.004 -17"><span class='ocrx_word' id='word_1_750' title='bbox 266 4770 315 4822; x_wconf 84' lang='grc' dir='ltr'>τοῖς</span> <span class='ocrx_word' id='word_1_751' title='bbox 333 4765 378 4814; x_wconf 81' lang='grc' dir='ltr'><strong>ὑπὸ</strong></span> <span class='ocrx_word' id='word_1_752' title='bbox 398 4770 444 4812; x_wconf 90' lang='grc' dir='ltr'><strong>τῶν</strong></span> <span class='ocrx_word' id='word_1_753' title='bbox 463 4764 575 4827; x_wconf 75' lang='grc' dir='ltr'>θεοφόρων</span> <span class='ocrx_word' id='word_1_754' title='bbox 593 4765 692 4827; x_wconf 82' lang='grc' dir='ltr'>ἀνδρῶν.</span> <span class='ocrx_word' id='word_1_755' title='bbox 703 4763 840 4828; x_wconf 77' lang='grc' dir='ltr'>εἰρημένοις,</span> <span class='ocrx_word' id='word_1_756' title='bbox 859 4763 908 4812; x_wconf 80' lang='grc' dir='ltr'>ἀλλ’</span> <span class='ocrx_word' id='word_1_757' title='bbox 929 4764 1044 4820; x_wconf 75' lang='grc' dir='ltr'>ἀπόδειξιν</span> <span class='ocrx_word' id='word_1_758' title='bbox 1089 4762 1275 4824; x_wconf 77' lang='grc' dir='ltr'>ἐπιφθεγγόμενοι</span> <span class='ocrx_word' id='word_1_759' title='bbox 1285 4759 1679 4830; x_wconf 64' lang='grc' dir='ltr'>πᾶσιπροίγμασι·ΖεὺςάρχόζΖεὺς</span> <span class='ocrx_word' id='word_1_760' title='bbox 1685 4770 1865 4830; x_wconf 79' lang='grc' dir='ltr'>μέσσα,Διὸςδ’</span> <span class='ocrx_word' id='word_1_761' title='bbox 1961 4766 1962 4823; x_wconf 69' lang='lat' dir='ltr'><strong>l</strong></span> 
     </span>
     <span class='ocr_line' id='line_1_54' title="bbox 267 4831 1962 4899; baseline 0.003 -16"><span class='ocrx_word' id='word_1_762' title='bbox 267 4837 326 4884; x_wconf 83' lang='grc' dir='ltr'>εἶναι</span> <span class='ocrx_word' id='word_1_763' title='bbox 340 4838 382 4882; x_wconf 83' lang='grc' dir='ltr'><strong>τοῦ</strong></span> <span class='ocrx_word' id='word_1_764' title='bbox 395 4834 465 4894; x_wconf 83' lang='grc' dir='ltr'>λόγου</span> <span class='ocrx_word' id='word_1_765' title='bbox 478 4835 505 4883; x_wconf 79' lang='grc' dir='ltr'><strong>τὸ</strong></span> <span class='ocrx_word' id='word_1_766' title='bbox 520 4834 612 4883; x_wconf 80' lang='grc' dir='ltr'>ἐκείνων</span> <span class='ocrx_word' id='word_1_767' title='bbox 630 4833 760 4890; x_wconf 77' lang='grc' dir='ltr'>ἀξιόπιστον</span> <span class='ocrx_word' id='word_1_768' title='bbox 781 4832 856 4890; x_wconf 74' lang='grc' dir='ltr'>πόσης</span> <span class='ocrx_word' id='word_1_769' title='bbox 877 4831 995 4896; x_wconf 81' lang='grc' dir='ltr'>δυνάμεως</span> <span class='ocrx_word' id='word_1_770' title='bbox 1006 4836 1043 4883; x_wconf 87' lang='lat' dir='ltr'><strong>lo·</strong></span> <span class='ocrx_word' id='word_1_771' title='bbox 1089 4837 1116 4884; x_wconf 82' lang='grc' dir='ltr'>ἐκ</span> <span class='ocrx_word' id='word_1_772' title='bbox 1130 4832 1206 4883; x_wconf 76' lang='grc' dir='ltr'>πάντα</span> <span class='ocrx_word' id='word_1_773' title='bbox 1221 4835 1343 4882; x_wconf 86' lang='grc' dir='ltr'>πέλονται·</span> <span class='ocrx_word' id='word_1_774' title='bbox 1354 4837 1403 4890; x_wconf 84' lang='grc' dir='ltr'>ταῖς</span> <span class='ocrx_word' id='word_1_775' title='bbox 1416 4834 1436 4882; x_wconf 86' lang='grc' dir='ltr'><strong>δ’</strong></span> <span class='ocrx_word' id='word_1_776' title='bbox 1446 4834 1581 4895; x_wconf 76' lang='grc' dir='ltr'>ἀναγκαίαις</span> <span class='ocrx_word' id='word_1_777' title='bbox 1601 4837 1641 4884; x_wconf 86' lang='grc' dir='ltr'><strong>καί</strong></span> <span class='ocrx_word' id='word_1_778' title='bbox 1661 4844 1767 4899; x_wconf 78' lang='grc' dir='ltr'>φυσικαῖς</span> <span class='ocrx_word' id='word_1_779' title='bbox 1787 4840 1864 4888; x_wconf 82' lang='grc' dir='ltr'>οὐκέτι</span> <span class='ocrx_word' id='word_1_780' title='bbox 1961 4834 1962 4873; x_wconf 72' lang='lat' dir='ltr'><strong>l</strong></span> 
     </span>
    </p>
   </div>
   <div class='ocr_carea' id='block_1_17' title="bbox 268 4903 1865 5036">
    <p class='ocr_par' dir='ltr' id='par_1_18' title="bbox 268 4903 1865 5036">
     <span class='ocr_line' id='line_1_55' title="bbox 268 4903 1863 4973; baseline 0.003 -19"><span class='ocrx_word' id='word_1_781' title='bbox 268 4911 335 4966; x_wconf 86' lang='grc' dir='ltr'>γικῆς</span> <span class='ocrx_word' id='word_1_782' title='bbox 355 4905 395 4953; x_wconf 83' lang='grc' dir='ltr'><strong>κτλ</strong></span> <span class='ocrx_word' id='word_1_783' title='bbox 419 4905 562 4965; x_wconf 79' lang='grc' dir='ltr'>ἀντιλογικῆς</span> <span class='ocrx_word' id='word_1_784' title='bbox 584 4904 740 4968; x_wconf 83' lang='grc' dir='ltr'>ἰσχυρότερον.</span> <span class='ocrx_word' id='word_1_785' title='bbox 760 4904 797 4954; x_wconf 87' lang='lat' dir='ltr'><strong>Cl.</strong></span> <span class='ocrx_word' id='word_1_786' title='bbox 821 4903 924 4966; x_wconf 77' lang='lat' dir='ltr'><strong>cyrillus</strong></span> <span class='ocrx_word' id='word_1_787' title='bbox 948 4904 988 4954; x_wconf 90' lang='lat' dir='ltr'><strong>lib.</strong></span> <span class='ocrx_word' id='word_1_788' title='bbox 1007 4907 1044 4954; x_wconf 95' lang='lat' dir='ltr'><strong>lll</strong></span> <span class='ocrx_word' id='word_1_789' title='bbox 1089 4903 1220 4966; x_wconf 69' lang='grc' dir='ltr'>προσῄεσαν</span> <span class='ocrx_word' id='word_1_790' title='bbox 1231 4903 1322 4957; x_wconf 74' lang='grc' dir='ltr'>αἰτίαις.</span> <span class='ocrx_word' id='word_1_791' title='bbox 1333 4903 1511 4968; x_wconf 83' lang='grc' dir='ltr'>θίδὲνεὼτεροι</span> <span class='ocrx_word' id='word_1_792' title='bbox 1523 4906 1611 4954; x_wconf 88' lang='grc' dir='ltr'>τούτων</span> <span class='ocrx_word' id='word_1_793' title='bbox 1623 4908 1661 4954; x_wconf 84' lang='grc' dir='ltr'><strong>καὶ</strong></span> <span class='ocrx_word' id='word_1_794' title='bbox 1672 4913 1765 4970; x_wconf 83' lang='grc' dir='ltr'>φυσικοί</span> <span class='ocrx_word' id='word_1_795' title='bbox 1777 4927 1863 4973; x_wconf 82' lang='grc' dir='ltr'>προσα·</span> 
     </span>
     <span class='ocr_line' id='line_1_56' title="bbox 269 4973 1865 5036; baseline 0.003 -10"><span class='ocrx_word' id='word_1_796' title='bbox 269 4976 405 5026; x_wconf 78' lang='lat' dir='ltr'><strong>Commeat.</strong></span> <span class='ocrx_word' id='word_1_797' title='bbox 420 4975 444 5022; x_wconf 90' lang='lat' dir='ltr'><strong>in</strong></span> <span class='ocrx_word' id='word_1_798' title='bbox 456 4975 540 5023; x_wconf 81' lang='lat' dir='ltr'><strong>isaiam</strong></span> <span class='ocrx_word' id='word_1_799' title='bbox 555 4986 609 5036; x_wconf 85' lang='lat' dir='ltr'><strong>cap.</strong></span> <span class='ocrx_word' id='word_1_800' title='bbox 623 4979 662 5034; x_wconf 80' lang='lat'><strong>32,</strong></span> <span class='ocrx_word' id='word_1_801' title='bbox 674 4981 698 5023; x_wconf 89' lang='lat' dir='ltr'><strong>et</strong></span> <span class='ocrx_word' id='word_1_802' title='bbox 709 4975 819 5024; x_wconf 82' lang='lat' dir='ltr'><strong>Hermiae</strong></span> <span class='ocrx_word' id='word_1_803' title='bbox 831 4974 855 5023; x_wconf 90' lang='lat' dir='ltr'><strong>in</strong></span> <span class='ocrx_word' id='word_1_804' title='bbox 870 4975 979 5024; x_wconf 80' lang='lat' dir='ltr'><strong>irrisione</strong></span> <span class='ocrx_word' id='word_1_805' title='bbox 989 4987 1044 5035; x_wconf 82' lang='lat' dir='ltr'><strong>gen·</strong></span> <span class='ocrx_word' id='word_1_806' title='bbox 1089 4973 1233 5036; x_wconf 80' lang='grc' dir='ltr'>γορενόμενοι</span> <span class='ocrx_word' id='word_1_807' title='bbox 1248 4973 1380 5023; x_wconf 80' lang='grc' dir='ltr'>τοθναντίιν</span> <span class='ocrx_word' id='word_1_808' title='bbox 1395 4975 1488 5033; x_wconf 84' lang='grc' dir='ltr'>ἐκείνοις</span> <span class='ocrx_word' id='word_1_809' title='bbox 1497 4982 1537 5036; x_wconf 87' lang='grc' dir='ltr'><strong>τῆς</strong></span> <span class='ocrx_word' id='word_1_810' title='bbox 1547 4980 1619 5035; x_wconf 79' lang='grc' dir='ltr'>καλῆς</span> <span class='ocrx_word' id='word_1_811' title='bbox 1633 4979 1673 5026; x_wconf 82' lang='grc' dir='ltr'><strong>καὶ</strong></span> <span class='ocrx_word' id='word_1_812' title='bbox 1686 4980 1746 5035; x_wconf 78' lang='grc' dir='ltr'>θείας</span> <span class='ocrx_word' id='word_1_813' title='bbox 1760 4981 1865 5030; x_wconf 68' lang='lat' dir='ltr'><strong>&amp;acala-</strong></span> 
     </span>
    </p>
   </div>
   <div class='ocr_carea' id='block_1_18' title="bbox 271 5044 1962 5114">
    <p class='ocr_par' dir='ltr' id='par_1_19' title="bbox 271 5044 1962 5114">
     <span class='ocr_line' id='line_1_57' title="bbox 271 5044 1962 5114; baseline 0.003 -20"><span class='ocrx_word' id='word_1_814' title='bbox 271 5047 305 5096; x_wconf 79' lang='lat' dir='ltr'><strong>tit.</strong></span> <span class='ocrx_word' id='word_1_815' title='bbox 327 5044 385 5106; x_wconf 81' lang='lat' dir='ltr'><strong>pltll.</strong></span> <span class='ocrx_word' id='word_1_816' title='bbox 406 5046 489 5106; x_wconf 73' lang='grc' dir='ltr'>Πιερία</span> <span class='ocrx_word' id='word_1_817' title='bbox 503 5044 586 5093; x_wconf 72' lang='lat' dir='ltr'><strong>Stridet</strong></span> <span class='ocrx_word' id='word_1_818' title='bbox 610 5045 655 5106; x_wconf 84' lang='lat' dir='ltr'><strong>ipsi</strong></span> <span class='ocrx_word' id='word_1_819' title='bbox 684 5046 823 5107; x_wconf 75' lang='lat' dir='ltr'><strong>Pylhagotoe</strong></span> <span class='ocrx_word' id='word_1_820' title='bbox 845 5045 891 5094; x_wconf 83' lang='lat' dir='ltr'><strong>ltoc</strong></span> <span class='ocrx_word' id='word_1_821' title='bbox 912 5045 979 5100; x_wconf 79' lang='grc' dir='ltr'>αύιθς</span> <span class='ocrx_word' id='word_1_822' title='bbox 1002 5045 1045 5106; x_wconf 78' lang='grc' dir='ltr'><strong>ἔφα</strong></span> <span class='ocrx_word' id='word_1_823' title='bbox 1089 5045 1237 5106; x_wconf 74' lang='grc' dir='ltr'>νηθὲντες,ὶν</span> <span class='ocrx_word' id='word_1_824' title='bbox 1248 5045 1342 5106; x_wconf 82' lang='grc' dir='ltr'>σώμασι</span> <span class='ocrx_word' id='word_1_825' title='bbox 1353 5047 1392 5094; x_wconf 84' lang='grc' dir='ltr'><strong>καὶ</strong></span> <span class='ocrx_word' id='word_1_826' title='bbox 1404 5047 1487 5097; x_wconf 83' lang='grc' dir='ltr'>πάθεσι</span> <span class='ocrx_word' id='word_1_827' title='bbox 1498 5050 1614 5110; x_wconf 81' lang='grc' dir='ltr'>σωμάτων</span> <span class='ocrx_word' id='word_1_828' title='bbox 1626 5049 1812 5110; x_wconf 83' lang='grc' dir='ltr'>πληγτῑςτεκαὶ</span> <span class='ocrx_word' id='word_1_829' title='bbox 1824 5068 1863 5114; x_wconf 86' lang='grc' dir='ltr'><strong>με·</strong></span> <span class='ocrx_word' id='word_1_830' title='bbox 1961 5070 1962 5105; x_wconf 77' lang='lat'>3</span> 
     </span>
    </p>
   </div>
   <div class='ocr_carea' id='block_1_19' title="bbox 271 5114 1865 5324">
    <p class='ocr_par' dir='ltr' id='par_1_20' title="bbox 271 5114 1865 5324">
     <span class='ocr_line' id='line_1_58' title="bbox 271 5114 1865 5184; baseline 0.004 -20"><span class='ocrx_word' id='word_1_831' title='bbox 271 5115 375 5164; x_wconf 82' lang='lat' dir='ltr'><strong>ascribit.</strong></span> <span class='ocrx_word' id='word_1_832' title='bbox 390 5114 430 5163; x_wconf 80' lang='lat' dir='ltr'><strong>sit</strong></span> <span class='ocrx_word' id='word_1_833' title='bbox 448 5115 513 5163; x_wconf 85' lang='lat' dir='ltr'><strong>enim</strong></span> <span class='ocrx_word' id='word_1_834' title='bbox 526 5128 531 5161; x_wconf 93' lang='lat'><strong>:</strong></span> <span class='ocrx_word' id='word_1_835' title='bbox 544 5115 612 5169; x_wconf 78' lang='grc' dir='ltr'>αὐτὸς</span> <span class='ocrx_word' id='word_1_836' title='bbox 628 5115 685 5176; x_wconf 77' lang='grc' dir='ltr'>ἔφα·</span> <span class='ocrx_word' id='word_1_837' title='bbox 698 5121 766 5164; x_wconf 85' lang='grc' dir='ltr'>τοῦτο</span> <span class='ocrx_word' id='word_1_838' title='bbox 781 5116 935 5178; x_wconf 84' lang='grc' dir='ltr'>παροιμιακὸν</span> <span class='ocrx_word' id='word_1_839' title='bbox 946 5116 983 5164; x_wconf 81' lang='grc' dir='ltr'><strong>ἐπὶ</strong></span> <span class='ocrx_word' id='word_1_840' title='bbox 997 5118 1044 5164; x_wconf 82' lang='lat' dir='ltr'><strong>llu-</strong></span> <span class='ocrx_word' id='word_1_841' title='bbox 1088 5115 1196 5171; x_wconf 79' lang='grc' dir='ltr'>ταόολαῑς</span> <span class='ocrx_word' id='word_1_842' title='bbox 1208 5115 1248 5164; x_wconf 89' lang='grc' dir='ltr'><strong>καὶ</strong></span> <span class='ocrx_word' id='word_1_843' title='bbox 1259 5115 1356 5178; x_wconf 83' lang='grc' dir='ltr'>κράσεσι</span> <span class='ocrx_word' id='word_1_844' title='bbox 1368 5117 1466 5167; x_wconf 87' lang='grc' dir='ltr'>τίθενται</span> <span class='ocrx_word' id='word_1_845' title='bbox 1475 5120 1502 5167; x_wconf 85' lang='grc' dir='ltr'><strong>τὸ</strong></span> <span class='ocrx_word' id='word_1_846' title='bbox 1512 5119 1615 5179; x_wconf 88' lang='grc' dir='ltr'>σύμπαν.</span> <span class='ocrx_word' id='word_1_847' title='bbox 1625 5119 1696 5168; x_wconf 72' lang='lat' dir='ltr'><strong>&#39;ota</strong></span> <span class='ocrx_word' id='word_1_848' title='bbox 1706 5121 1840 5184; x_wconf 81' lang='grc' dir='ltr'>ἀμφοτέροις</span> <span class='ocrx_word' id='word_1_849' title='bbox 1851 5124 1865 5171; x_wconf 84' lang='grc' dir='ltr'>δ</span> 
     </span>
     <span class='ocr_line' id='line_1_59' title="bbox 272 5184 1865 5253; baseline 0.003 -17"><span class='ocrx_word' id='word_1_850' title='bbox 272 5185 369 5248; x_wconf 87' lang='grc' dir='ltr'>θαγόρον</span> <span class='ocrx_word' id='word_1_851' title='bbox 380 5189 422 5234; x_wconf 82' lang='grc' dir='ltr'><strong>τοῦ</strong></span> <span class='ocrx_word' id='word_1_852' title='bbox 431 5184 554 5247; x_wconf 54' lang='grc' dir='ltr'>φιλοσῷον</span> <span class='ocrx_word' id='word_1_853' title='bbox 565 5186 668 5242; x_wconf 80' lang='grc' dir='ltr'>εἰσῆλθεν</span> <span class='ocrx_word' id='word_1_854' title='bbox 682 5187 712 5241; x_wconf 80' lang='grc' dir='ltr'><strong>είς</strong></span> <span class='ocrx_word' id='word_1_855' title='bbox 721 5186 761 5235; x_wconf 85' lang='grc' dir='ltr'><strong>τὸν</strong></span> <span class='ocrx_word' id='word_1_856' title='bbox 777 5185 835 5246; x_wconf 88' lang='grc' dir='ltr'>βίον·</span> <span class='ocrx_word' id='word_1_857' title='bbox 848 5185 914 5241; x_wconf 82' lang='grc' dir='ltr'>οὗτος</span> <span class='ocrx_word' id='word_1_858' title='bbox 925 5185 969 5247; x_wconf 81' lang='grc' dir='ltr'>γὰρ</span> <span class='ocrx_word' id='word_1_859' title='bbox 983 5185 1041 5233; x_wconf 84' lang='grc' dir='ltr'>ἀπο·</span> <span class='ocrx_word' id='word_1_860' title='bbox 1089 5185 1156 5247; x_wconf 89' lang='grc' dir='ltr'>λόγος</span> <span class='ocrx_word' id='word_1_861' title='bbox 1169 5186 1245 5244; x_wconf 78' lang='grc' dir='ltr'>ἐνδεὴς</span> <span class='ocrx_word' id='word_1_862' title='bbox 1254 5188 1457 5253; x_wconf 75' lang='grc' dir='ltr'>τοῦπροσηγρντός</span> <span class='ocrx_word' id='word_1_863' title='bbox 1467 5189 1529 5246; x_wconf 79' lang='grc' dir='ltr'>ἐστι,</span> <span class='ocrx_word' id='word_1_864' title='bbox 1543 5193 1591 5244; x_wconf 85' lang='grc' dir='ltr'>τοῖς</span> <span class='ocrx_word' id='word_1_865' title='bbox 1606 5190 1647 5252; x_wconf 73' lang='grc' dir='ltr'><strong>μὲν</strong></span> <span class='ocrx_word' id='word_1_866' title='bbox 1656 5192 1684 5238; x_wconf 85' lang='grc' dir='ltr'><strong>τὸ</strong></span> <span class='ocrx_word' id='word_1_867' title='bbox 1697 5191 1727 5239; x_wconf 85' lang='grc' dir='ltr'><strong>δι’</strong></span> <span class='ocrx_word' id='word_1_868' title='bbox 1738 5191 1765 5240; x_wconf 83' lang='grc' dir='ltr'>ού</span> <span class='ocrx_word' id='word_1_869' title='bbox 1776 5193 1816 5240; x_wconf 84' lang='grc' dir='ltr'><strong>καὶ</strong></span> <span class='ocrx_word' id='word_1_870' title='bbox 1827 5192 1865 5252; x_wconf 80' lang='grc' dir='ltr'><strong>ὑφ’</strong></span> 
     </span>
     <span class='ocr_line' id='line_1_60' title="bbox 272 5253 1862 5324; baseline 0.001 -18"><span class='ocrx_word' id='word_1_871' title='bbox 272 5255 390 5319; x_wconf 79' lang='grc' dir='ltr'>σεμνύνων</span> <span class='ocrx_word' id='word_1_872' title='bbox 402 5255 442 5304; x_wconf 85' lang='grc' dir='ltr'><strong>τὸν</strong></span> <span class='ocrx_word' id='word_1_873' title='bbox 461 5256 544 5304; x_wconf 74' lang='grc' dir='ltr'>ἑαυτοῦ</span> <span class='ocrx_word' id='word_1_874' title='bbox 557 5253 675 5312; x_wconf 88' lang='grc' dir='ltr'>λόγονκαὶ</span> <span class='ocrx_word' id='word_1_875' title='bbox 689 5255 739 5316; x_wconf 90' lang='grc' dir='ltr'>βίον</span> <span class='ocrx_word' id='word_1_876' title='bbox 750 5255 773 5304; x_wconf 74' lang='grc' dir='ltr'><strong>ἐν</strong></span> <span class='ocrx_word' id='word_1_877' title='bbox 786 5261 835 5313; x_wconf 88' lang='grc' dir='ltr'>ταῖς</span> <span class='ocrx_word' id='word_1_878' title='bbox 849 5256 947 5318; x_wconf 82' lang='grc' dir='ltr'>ὁμιλίαις</span> <span class='ocrx_word' id='word_1_879' title='bbox 959 5256 1043 5318; x_wconf 77' lang='grc' dir='ltr'>ἔλεγεν·</span> <span class='ocrx_word' id='word_1_880' title='bbox 1089 5254 1130 5316; x_wconf 77' lang='grc' dir='ltr'><strong>οὗ,</strong></span> <span class='ocrx_word' id='word_1_881' title='bbox 1139 5260 1186 5312; x_wconf 87' lang='grc' dir='ltr'>τοῖς</span> <span class='ocrx_word' id='word_1_882' title='bbox 1202 5257 1226 5305; x_wconf 79' lang='grc' dir='ltr'><strong>δὲ</strong></span> <span class='ocrx_word' id='word_1_883' title='bbox 1239 5258 1265 5306; x_wconf 85' lang='grc' dir='ltr'><strong>τὸ</strong></span> <span class='ocrx_word' id='word_1_884' title='bbox 1276 5258 1298 5313; x_wconf 77' lang='grc' dir='ltr'><strong>ἐξ</strong></span> <span class='ocrx_word' id='word_1_885' title='bbox 1312 5258 1344 5305; x_wconf 83' lang='grc' dir='ltr'><strong>ὧν</strong></span> <span class='ocrx_word' id='word_1_886' title='bbox 1357 5257 1397 5306; x_wconf 82' lang='grc' dir='ltr'><strong>καὶ</strong></span> <span class='ocrx_word' id='word_1_887' title='bbox 1412 5258 1441 5306; x_wconf 88' lang='grc' dir='ltr'><strong>δι’</strong></span> <span class='ocrx_word' id='word_1_888' title='bbox 1455 5257 1488 5305; x_wconf 84' lang='grc' dir='ltr'><strong>ὧν</strong></span> <span class='ocrx_word' id='word_1_889' title='bbox 1502 5259 1627 5314; x_wconf 77' lang='grc' dir='ltr'>ἀγνοοῦσιν</span> <span class='ocrx_word' id='word_1_890' title='bbox 1642 5261 1657 5318; x_wconf 80' lang='grc' dir='ltr'>ἢ</span> <span class='ocrx_word' id='word_1_891' title='bbox 1671 5260 1862 5324; x_wconf 78' lang='grc' dir='ltr'>παραλείπουσιν.</span> 
     </span>
    </p>
   </div>
   <div class='ocr_carea' id='block_1_20' title="bbox 0 0 1984 5925">
    <p class='ocr_par' dir='ltr' id='par_1_21' title="bbox 0 0 1984 5925">
     <span class='ocr_line' id='line_1_61' title="bbox 0 0 1984 5925; baseline 0 0"><span class='ocrx_word' id='word_1_892' title='bbox 0 0 1984 5925; x_wconf 95' lang='lat' dir='ltr'><strong> </strong></span> 
     </span>
    </p>
   </div>
  </div>
 </body>
</html>
