3959 5925
251 411 321 455 κιιι
887 382 938 441 DE
960 381 1196 442 PYTflteottA

249 524 351 583 eodem
362 520 507 599 prooemio
519 516 608 574 verba
620 488 753 591 (luridam
767 513 802 570 ‹le
814 516 935 569 deorum
948 512 1028 568 cultu
1048 519 1052 548 l
1072 531 1126 568 suo
1136 510 1218 587 prius
1227 553 1235 581 ‚
1244 509 1349 568 deinde
1363 510 1417 569 lilii
1427 510 1511 569 oculo
1522 523 1604 569 eruto
1616 530 1716 584 ,usum
1726 513 1851 571 ,ridendi

249 610 362 689 prolert
370 610 500 683 aliasque
510 606 587 678 leges
602 624 618 660 e
632 602 748 659 Zaleuci
761 620 847 679 opere
857 600 960 677 petitas
977 599 1028 655 ad·
1073 597 1191 673 utrique
1210 597 1338 673 reliquit.
1358 597 1401 655 lta
1422 596 1549 655 debitum
1569 598 1707 675 supplicii
1730 601 1852 659 modum
1872 617 1877 622 ⁴

247 696 323 772 jicit
338 696 430 752 Porro
452 679 593 749 dialectos
612 690 743 747 etlorica
766 692 795 745 in
811 705 1029 744 communema
1073 682 1130 757 legi
1158 682 1303 755 reddidit,
1334 685 1477 760 aequitatis
1510 683 1677 751 admirabili
1710 699 1853 764 tempera-

251 783 380 843 librariis
406 793 532 849 mutata,
548 780 599 855 qui
626 782 795 835 innumeros
818 773 925 832 Stobaei
948 774 1028 832 locos
1073 782 1186 845 mento,
1202 790 1233 828 se
1249 772 1325 829 inter
1343 771 1561 833 misericordem
1576 784 1685 849 patrem
1697 786 1726 831 et
1739 774 1851 849 justum

250 882 461 948 corruperunt,
473 866 546 925 nilril
558 865 672 945 probat.
687 864 781 934 Quare
795 882 853 919 non
865 860 1029 918 audiendus
1074 857 1146 933 legis
1158 858 1277 917 latorem
1291 860 1423 936 partitus.
1437 859 1510 917 Sunt
1520 860 1570 936 qui
1580 879 1640 920 non
1651 860 1790 940 adulteris
1800 865 1854 921 sed

251 970 294 1015 est
313 955 461 1031 Bentlejus
484 954 542 1031 (5ο)
559 955 610 1029 qui
630 966 685 1009 tam
702 950 740 1008 ob
759 951 949 1007 recentiorem
967 948 1027 1004 dia·
1076 946 1191 1006 furibus
1218 949 1279 1025 (55)
1301 968 1363 1006 eam
1386 967 1500 1026 poenam
1527 947 1680 1006 aZaleuco
1695 950 1854 1024 irrogatam

180 1064 181 1067 ¹
252 1046 318 1103 lecti
334 1044 454 1102 sormam
469 1060 555 1119 quam
571 1040 609 1097 ob
625 1022 918 1113 rerumquarundarri
928 1079 936 1107 ,
948 1036 1030 1093 velut
1049 1081 1052 1126 ρ
1074 1054 1134 1093 esse
1148 1035 1291 1112 prodant,
1307 1035 1338 1093 id
1354 1022 1433 1113 quod
1448 1034 1735 1095 averisimilitudine
1747 1037 1854 1099 abhor-

250 1132 351 1206 κόσμου
368 1144 397 1189 ει
416 1126 561 1211 τραγῳδίας
581 1126 900 1194 commemorationem,
922 1142 1029 1199 corpus
1049 1151 1052 1202 3
1075 1136 1129 1179 ret.
1147 1121 1272 1200 lnsnper
1286 1123 1348 1197 lege
1364 1124 1460 1180 sanxit
1474 1124 1521 1179 vir
1539 1124 1634 1181 omnis
1649 1123 1743 1181 divini
1767 1138 1857 1203 atque

248 1219 324 1296 juris
333 1220 485 1279 Locrensis
498 1216 648 1285 Ciceroni,
663 1213 792 1271 Diodoro
805 1226 835 1269 et
847 1213 913 1269 aliis
929 1212 1030 1287 cogni·
1050 1209 1052 1228 '
1074 1210 1194 1267 humani
1201 1209 1279 1286 juris
1290 1210 1521 1269 consultissimus
1536 1208 1608 1290 (56),
1620 1223 1725 1269 utrem
1740 1227 1856 1273 contro·

203 1300 207 1305 ’
238 1320 311 1365 ‘tum
331 1320 398 1384 post
414 1304 439 1361 Τ
440 1302 518 1362 imaei
536 1301 667 1360 historici
683 1314 813 1377 tempora
828 1300 946 1357 insertis
960 1299 1030 1373 qui·
1075 1298 1346 1375 versampendente
1360 1298 1454 1356 adbuc
1468 1299 1518 1355 lite
1532 1296 1694 1375 possideret
1705 1300 1748 1371 is,
1763 1322 1856 1379 penes

252 1393 374 1452 busdam
392 1390 506 1467 legibus
525 1409 595 1447 vere
611 1389 738 1466 antiquis
754 1386 878 1445 Zaleuco
894 1387 1030 1463 supposi·
1075 1402 1162 1459 quem
1177 1398 1239 1442 erat
1254 1405 1343 1462 quum
1358 1405 1444 1443 eausa
1457 1385 1488 1442 in
1500 1384 1647 1461 judicium
1662 1387 1784 1446 deducta
1797 1404 1852 1449 est.

252 1493 310 1538 tum
326 1498 388 1539 esse
408 1475 717 1551 contenditaNamque
734 1473 848 1532 etiamsi
865 1475 915 1530 ille
938 1474 1030 1531 codex
1050 1529 1052 1546 Ι
1075 1468 1154 1525 Idem
1170 1470 1230 1546 (57)
1246 1471 1403 1529 dissolutos
1420 1472 1593 1545 feminarum
1612 1492 1710 1531 mores
1724 1494 1783 1532 non
1798 1496 1855 1534 su-

251 1568 344 1642 legum
361 1564 552 1642 interpolatus
565 1546 670 1638 luerit,
687 1548 842 1639 plerasque
856 1573 950 1619 tamen
965 1560 1030 1637 ejus
1050 1553 1053 1646 ἰ
1075 1558 1138 1617 bita
1151 1560 1181 1617 vi
1202 1579 1400 1638 compescere,
1411 1560 1460 1617 sed
1472 1561 1611 1637 paulatim
1626 1561 1779 1621 emendare
1792 1577 1854 1621 stu·

250 1666 346 1730 partes
363 1654 491 1711 sinceras
506 1663 534 1708 et
547 1649 662 1728 probas
682 1649 769 1707 luisse
790 1667 876 1706 nemo
899 1645 1027 1721 negabit.
1050 1665 1053 1710 l
1075 1645 1149 1718 duit,
1161 1661 1306 1705 matronas
1316 1648 1466 1723 dignitatis
1475 1666 1534 1705 suae
1545 1648 1855 1727 oblitasnonpecunia

289 1740 358 1798 Erat
370 1732 463 1815 igilur
476 1741 507 1796 in
516 1738 631 1797 Zaleuci
643 1734 755 1810 legibus
769 1748 902 1808 cautum,
916 1752 952 1790 ne
963 1734 1030 1809 quis
1050 1717 1053 1829 (
1076 1735 1258 1806 multandas,
1279 1736 1329 1793 sed
1349 1737 1511 1810 ignominia
1530 1736 1854 1805 notandasarbitratus.
1891 1746 1894 1750 ’

250 1840 376 1901 aegrotus
401 1814 517 1902 injussu
534 1823 640 1881 medici
662 1841 773 1879 merum
797 1820 921 1879 biberet.
943 1812 1030 1903 Quod
1050 1833 1052 1853 ¹
1074 1822 1258 1901 Quapropter
1284 1822 1500 1882 ambulantibus
1520 1824 1692 1883 mulieribus
1715 1828 1852 1901 ingenuis

250 1915 301 1990 qui
318 1914 446 1983 lecisset,
461 1913 488 1971 ei
505 1912 552 1970 vel
567 1910 838 1969 emorborecreato
854 1928 933 1966 mors
942 1928 1030 1986 poena
1076 1910 1205 1983 singulas
1232 1923 1343 1969 tantum
1363 1912 1485 1969 ancillas
1508 1912 1628 1971 comites
1653 1912 1720 1971 addi
1740 1915 1852 1985 voluit,

250 1997 479 2055 constituebatur
500 1996 568 2077 (53).
598 1996 741 2055 Praeterea
763 1995 908 2053 adulteros
937 1995 1030 2052 oculis
1075 1997 1132 2055 nisi
1158 1998 1231 2055 forte
1251 1997 1341 2057 ebriae
1356 2013 1462 2059 essent.
1486 2000 1630 2058 Nimirum
1654 2001 1817 2060 temulentae
1839 2024 1867 2060 at

251 2085 411 2163 privandos
424 2104 487 2144 esse
502 2084 625 2143 censuit.
646 2084 742 2152 Quum
763 2082 824 2161 (54)
842 2084 932 2158 igitur
952 2084 1030 2141 lilius
1075 2084 1211 2161 pluribus
1225 2084 1330 2143 deduci
1344 2098 1372 2142 et
1382 2098 1516 2163 poterant
1525 2099 1553 2143 et
1567 2086 1721 2146 debebant.
1738 2088 1783 2146 td
1794 2088 1855 2145 haec

251 2173 314 2250 ejus
336 2171 472 2231 adulterii
486 2172 608 2230 crimine
626 2173 785 2248 damnatusv
801 2172 958 2229 seeundum
979 2170 1031 2246 jus
1075 2174 1169 2231 vetuit
1183 2186 1269 2230 noctu
1281 2193 1317 2231 ex
1325 2173 1403 2231 urbe
1415 2176 1498 2231 exire
1511 2173 1646 2235 mulieres
1658 2189 1763 2253 praeter
1775 2177 1856 2235 adul-

251 2259 288 2319 ab
307 2256 372 2338 ipso
386 2260 574 2318 constitutum
590 2272 714 2336 utroque
728 2260 813 2317 oculo
829 2278 926 2316 carere
943 2256 1030 2316 debe·
1077 2274 1159 2319 teras.
1182 2261 1300 2319 Accedit
1314 2261 1395 2337 quod
1418 2261 1535 2318 feminis
1555 2250 1641 2321 castis
1666 2277 1694 2320 et
1715 2265 1856 2323 modestis

197 2344 207 2351 ’
250 2361 354 2421 ret,ac
367 2362 425 2406 tota
439 2349 542 2406 civitas
557 2348 589 2405 in
605 2347 745 2406 honorem
760 2347 852 2425 patris
876 2366 1031 2424 poenaeue·
1076 2369 1157 2406 usum
1178 2350 1301 2421 vestium
1316 2354 1447 2426 purpura
1465 2341 1668 2428 praetextatum
1686 2352 1856 2411 monilium·

254 2435 413 2494 cessitatem
428 2433 646 2493 adolescentulo
661 2438 836 2505 remitteret,
849 2434 1030 2510 aliquamdiu
1051 2467 1053 2476 ι
1079 2458 1136 2513 que
1152 2445 1181 2496 et
1197 2449 1436 2495 ornamentorum
1451 2457 1488 2495 ex
1509 2458 1580 2497 auro
1599 2440 1768 2515 interdixit,
1784 2442 1855 2500 solis

251 2524 433 2599 repugnavit.
447 2522 489 2605 bd
499 2522 632 2579 ultimum
645 2521 780 2599 precibus
792 2522 894 2599 populi
905 2522 1028 2596 evictus,
1079 2524 1280 2583 meretricibus
1308 2525 1392 2582 talia·
1410 2546 1565 2605 corporum
1594 2527 1741 2585 lenocinia
1766 2530 1855 2587 relin-

1077 2630 1179 2687 quens.
1202 2611 1333 2688 Denique
1347 2615 1502 2690 praecepit,
1519 2632 1556 2670 ne
1570 2615 1637 2690 quis
1656 2615 1703 2672 vir
1715 2614 1855 2673 annulum

251 2678 274 2725 g,
284 2680 318 2737 τῷ
327 2676 443 2753 '‘mimi''
453 2682 492 2735 τῆς
505 2678 559 2734 ‘3³³³‘
568 2676 704 2761 enucleatae
717 2675 759 2733 ἔφη
772 2676 821 2761 ⁸³³⁹.
834 2674 887 2729 τοὺς
896 2678 1033 2759 ‘ww'
1077 2698 1263 2756 suham-atum
1287 2700 1318 2756 in
1337 2700 1429 2775 digito
1443 2701 1563 2759 haberet
1576 2721 1650 2760 neve
1664 2702 1755 2779 pallio
1771 2702 1856 2763 Mile-

250 2764 289 2803 τας
309 2746 333 2795 la
347 2752 376 2809 τῇ
397 2746 463 2795 πόλει
485 2746 578 2795 πάντων
597 2762 689 2807 πρωταν
710 2746 833 2795 θιτολαόειν
850 2746 890 2793 καί
904 2745 1029 2793 πεπεισθαι
1096 2789 1102 2798 ,
1483 2773 1487 2779 ·

250 2816 314 2870 ,pm-,4
329 2816 403 2875 dm,
419 2818 459 2864 καὶ
479 2822 531 2871 „33
544 2815 655 2869 διανοίαις
676 2816 859 2871 ,mmmm-m„
877 2815 917 2862 τὸν
935 2814 1031 2875 „·,„„,=„
1051 2817 1053 2828 =
1078 2787 1131 2844 sris
1142 2788 1232 2844 simili
1246 2799 1389 2860 uteretur,
1400 2789 1458 2850 nisi
1479 2789 1610 2849 mercede
1622 2809 1652 2848 se
1666 2790 1856 2867 prostitueret
1911 2859 1913 2862 ¹

250 2887 290 2933 καί
301 2886 342 2945 τὴν
359 2886 516 2949 διακόσμησιν
533 2887 573 2933 καί
586 2886 648 2941 τάξιν
661 2886 745 2947 κρίνειν
764 2886 792 2933 οὐ
803 2886 874 2948 τύχης
889 2884 1033 2945 οὖδάνθρυί-
1078 2874 1294 2951 impudicitiam
1312 2889 1519 2953 prosterneret.
1535 2877 1630 2946 Quum
1646 2878 1737 2953 igitur
1753 2878 1854 2937 Zaleu-

250 2972 301 3002 πων
311 2954 369 3004 είναι
379 2961 452 3004 ταῦτα
463 2954 493 3004 τά
503 2954 854 3014 κατασκευάσματα,σε’ὅισθαί
865 2971 890 3002 τε
902 2954 956 3009 τοὺς
966 2952 1032 3015 θεοιλς
1079 2982 1130 3020 cus
1151 2983 1246 3020 acrem
1269 2983 1300 3022 ὅθ
1318 2966 1458 3024 vitiorum
1469 2967 1598 3042 judicem
1615 2966 1772 3044 ppaebeffl,
1792 2971 1856 3046 ipsa

250 3023 386 3141 ξ’ξῖπῖζωί
402 3029 449 3073 anu
463 3025 533 3142 ἐντῷ
541 3023 591 3142 ἕῳ
606 3024 685 3141 {Q
699 3023 845 3108 καλάἵαθῶν
855 3023 947 3106 ,αῑτῐῳς
964 3022 1031 3078 ὄντας
1078 3051 1229 3127 illaquam
1244 3051 1414 3110 bominibus
1429 3051 1596 3130 imponebat
1612 3053 1774 3128 ignmninia
1785 3057 1855 3112 elle-

287 3111 455 3157 ςνρωποις,
478 3110 527 3156 χειν
581 3109 613 3141 κα
631 3095 672 3150 τήν
686 3094 763 3155 ψυχην
776 3094 879 3154 καθαραν
894 3109 971 3150 πασης
985 3110 1031 3141 οια-
1094 3137 1101 3149 ,

250 3161 301 3217 ,ρας
317 3165 404 3218 madi
414 3164 472 3212 pff„
485 3163 989 3225 „mm„13„;„„„„,3,0„5„4
1005 3180 1032 3212 „
1077 3151 1133 3214 crt,
1149 3151 1180 3196 ut
1193 3158 1210 3195 a
1224 3138 1305 3196 vitiis
1319 3138 1497 3197 abstinerent
1510 3139 1585 3197 etad
1598 3141 1749 3198 colendam
1762 3143 1855 3199 virtu·

251 3233 291 3278 καί
308 3232 421 3287 δαπάναις
432 3232 491 3280 ἀλλὰ
499 3238 549 3288 ταῖς
564 3238 611 3280 τῶν
624 3231 718 3293 ἀγαθῶν
737 3231 823 3293 ἀνδρῶν
837 3231 936 3288 δικαίαις
947 3249 972 3280 τε
989 3235 1030 3281 καὶ
1077 3236 1131 3281 tem
1155 3225 1356 3283 incitarentur.
1392 3226 1491 3303 Neque
1519 3228 1597 3285 enim
1627 3229 1778 3306 quisquam
1804 3231 1854 3286 tali

251 3303 332 3386 ἰἦλαῖι
348 3302 519 3382 ίῖιξιηῦιύῦεσι·
537 3303 582 3350 Διὰ
596 3303 621 3351 δὲ
637 3308 678 3350 τοῦ
695 3302 817 3386 πθξιθῑθῖῠυ
827 3302 1031 3387 ιξθθθαίῑῦάθῑζιθι
1078 3331 1165 3387 poena
1179 3313 1328 3389 proposita
1342 3313 1460 3371 irrideri
1475 3333 1492 3371 a
1505 3312 1622 3373 civibus
1633 3314 1759 3374 uolebat.
1774 3317 1856 3374 Adde
1877 3362 1880 3364 ,

250 3388 302 3427 τους
312 3374 406 3428 πολιτας
417 3373 448 3427 είς
456 3373 574 3422 εὐσίότιαν
581 3374 621 3422 καὶ
631 3373 779 3430 δικαιοσυνην
785 3409 792 3431 ,
804 3373 906 3429 ίπεζευίε
915 3389 1031 3436 προστατ-

250 3459 297 3490 τιυν
316 3443 403 3502 μηδίνα
413 3447 461 3491 τῶν
479 3444 580 3492 πολιτῶν
598 3443 679 3506 ἐχθρόν
702 3443 876 3500 όιιιατάλλακτον
890 3443 967 3505 ἔχειν,
982 3443 1033 3492 ἀλλ’

253 3513 313 3560 οὕτω
326 3514 363 3568 τὴν
379 3513 461 3576 ίχθραν
470 3513 639 3574 άναλαμόάνειυ
650 3515 681 3580 ὣς
690 3513 775 3570 ἡξοντα
788 3505 855 3560 πάλιν
866 3513 897 3567 είς
912 3513 1023 3563 σύλλυσιν
1075 3512 1115 3560 τόν
1129 3512 1228 3572 ἑαυτοῦ,
1243 3513 1282 3561 ίνα
1292 3514 1324 3572 μὴ
1334 3513 1475 3568 όνεαυίσκος
1489 3515 1596 3577 τυρλιυθῄ
1604 3515 1735 3570 celime-
1747 3516 1798 3577 (55)
1812 3519 1846 3566 11ιὲ

252 3585 291 3631 καί
302 3583 390 3646 φιλίαν·
403 3585 480 3634 τουδί
494 3585 550 3648 παρ’
564 3584 623 3633 αὐτὰ
636 3587 748 3633 ποιοῦντα
759 3583 955 3645 διαλαμθάνεσθαι
967 3586 1031 3649 παρὰ
1076 3579 1179 3630 ταεΙίιίεα·
1188 3581 1211 3630 in
1223 3582 1323 3632 Politiis.
1333 3585 1425 3644 --lttll
1443 3582 1558 3644 Polybius
1574 3582 1615 3632 lib.
1629 3585 1684 3642 xit,
1697 3588 1725 3633 θθ
1738 3585 1854 3633 τκελειίειν

252 3657 298 3708 τοῖς
316 3652 421 3722 πολίταις
435 3654 549 3717 ἀνήμερον
561 3655 601 3717 καί
616 3655 694 3716 ἄγριον
712 3655 754 3712 τὴν
766 3654 853 3716 ψυχήν.
871 3654 930 3709 Τοὺς
945 3655 969 3702 δὲ
988 3656 1031 3719 tp-
1075 3654 1120 3715 γάρ
1132 3654 1172 3701 τόν
1182 3646 1299 3702 Ζαλεύκου
1308 3653 1379 3716 νόμον
1391 3657 1473 3701 τοῦτον
1481 3653 1527 3700 δεῖν
1536 3657 1627 3716 κρατεῖν
1639 3659 1686 3702 τῶν
1697 3653 1853 3716 ἀμφισόητου·

251 3737 336 3784 χουτας
349 3725 515 3786 παρεκελεύετο
535 3724 567 3785 μή
582 3725 642 3772 εἶναι
661 3723 765 3778 αὐθάδεις
786 3724 843 3783 μηδὲ
857 3723 1029 3786 ὑπερηφάνους,
1076 3728 1150 3784 μεύων
1165 3727 1232 3788 μέχρι
1242 3731 1282 3785 τῆς
1294 3727 1392 3788 κρίσεως
1402 3726 1457 3787 παρ’
1470 3725 1506 3784 οιλΙ
1515 3726 1557 3784 την
1569 3725 1665 3786 ἀγωγὴν
1679 3725 1802 3786 συμθαίνει
1819 3727 1852 3785 γί-

251 3793 309 3850 μηθδ
321 3792 404 3854 κρίνειν
421 3797 478 3857 πρὸς
494 3795 607 3857 ίχθρανῆ
628 3795 714 3855 φιλίαν,
728 3794 767 3844 Ἐν
779 3796 804 3843 δὲ
819 3798 867 3848 τοῖς
887 3795 947 3842 κατὰ
964 3795 1032 3857 μέρος
1075 3797 1274 3858 γνεοθαι..ι.παράι
1288 3800 1378 3845 τούτων
1395 3797 1419 3844 δὲ
1438 3797 1479 3854 τὴν
1490 3796 1587 3858 ἀγωγην
1604 3796 1640 3845 ἀεὶ
1656 3796 1853 3860 γίγνεσθαι,παρ’

250 3863 422 3925 νυμοθετήμασι
435 3865 509 3913 πολλά
518 3864 572 3925 παρ’
587 3866 670 3914 ἑαυτοῦ
681 3866 817 3926 προσεξεῦρε
830 3864 892 3925 μάλα
901 3870 978 3926 σοριῖις
990 3868 1030 3914 καὶ
1076 3865 1109 3920 οἷς
1118 3867 1145 3913 δν
1159 3866 1259 3929 ἔσχατον
1268 3867 1376 3930 ἀδήριτον
1386 3865 1405 3928 ᾖ
1423 3867 1507 3930 χρόνον
1522 3868 1574 3916 τινὰ
1589 3868 1684 3927 γεγονός
1700 3869 1728 3918 τὸ
1739 3869 1854 3930 άμρισόη-

252 3937 373 3995 περιττῶς.
402 3953 433 3966 ···
459 3935 508 3996 (θλ)
534 3934 657 3996 Bentlejus
676 3935 700 3982 itt
728 3935 858 3997 opusculis
884 3936 1032 3998 philologieis
1075 3936 1199 3998 τοιίμενον·
1223 3938 1263 3985 ἐάν
1276 3938 1301 3986 δέ
1321 3955 1354 3993 τις
1368 3938 1506 3999 ἀφελόμενος
1522 3937 1564 4000 βίᾳ
1579 3937 1643 3999 παρά
1662 3954 1723 3993 τινος
1742 3938 1854 4001 άπαγάγη

251 4015 304 4065 pag.
315 4007 428 4054 ,ato-351.
905 4037 907 4042 ·
1076 4009 1133 4069 πρός
1142 4005 1239 4075 ἑαυτὸν,
1256 4008 1356 4056 κᾶπειτα
1366 4007 1430 4070 παρά
1442 4011 1524 4056 τοῦτον
1539 4009 1582 4064 τὴν
1597 3998 1693 4067 όιγιόγήν
1708 4010 1722 4056 ό
1737 4009 1853 4071 προϋπάρ-

282 4075 330 4135 (53)
342 4074 447 4123 AElitnus
456 4087 509 4123 ver.
521 4075 576 4124 ltisl.
588 4075 629 4124 lib.
639 4078 672 4133 ΙΙ,
682 4089 734 4137 τερ.
746 4077 920 4124 diffinientem
929 4083 971 4126 τοῦ
983 4080 1031 4126 do·
1076 4094 1125 4139 χιον
1147 4083 1243 4135 ποιῆται
1268 4078 1396 4134 δεσπότης,
1416 4079 1460 4127 οὐκ
1476 4079 1535 4126 εἶναι
1549 4078 1635 4133 ταύτην
1651 4080 1739 4140 κυρίαν.
1754 4104 1785 4115 -
1803 4081 1853 4140 (57)

171 4143 176 4155 “
250 4149 307 4206 apen
318 4145 399 4192 πολλοὶ
418 4145 459 4204 μίν
474 4145 520 4192 slot
534 4147 575 4193 καὶ
593 4145 658 4193 ἄλλοι
669 4145 737 4207 νόμοι
753 4147 865 4194 κάλλιστα
877 4148 916 4194 καί
934 4149 966 4203 είς
979 4147 1047 4207 δέον,
1076 4146 1244 4195 Diodotuslib.
1259 4149 1314 4206 Xll,
1325 4160 1378 4208 cap.
1389 4153 1417 4196 at
1431 4160 1437 4193 :
1449 4153 1496 4195 τῶν
1508 4147 1553 4209 γὰρ
1564 4148 1640 4195 σίλλων
1653 4148 1762 4196 ἁπάντων
1777 4151 1852 4210 αμαρ-

250 4215 365 4277 κείμκνοι,
377 4215 417 4263 καὶ
431 4213 499 4269 οὗτος
508 4214 588 4277 δὲόὺχ
597 4217 692 4273 ἥκιστα.
709 4216 736 4263 tt
746 4233 780 4272 τις
795 4219 892 4277 Λοκρῶν
906 4221 953 4266 τῶν
965 4216 1031 4266 ’Eue
1074 4221 1195 4264 τανουσῶν
1204 4223 1320 4277 γυναικῶν
1332 4217 1456 4279 ἀργυρικὰς
1468 4216 1551 4279 ζημίας
1564 4216 1695 4279 τεταχότιυυ
1709 4216 1774 4272 οὗτος
1788 4220 1851 4279 τριλο-

251 4283 359 4348 ζιρυρίυιν
374 4287 450 4332 νοσῶν
470 4283 533 4332 ἔπιεν
550 4285 612 4332 οἶνον
628 4284 741 4347 ἄκρατον,
756 4287 788 4348 μή
805 4285 975 4347 προστάξαντος
988 4292 1031 4335 τοῦ
1075 4285 1150 4346 τέχνῳ
1165 4286 1287 4355 προστίμῳ
1301 4287 1342 4343 τάς
1359 4287 1487 4340 ἀκολασίας
1499 4288 1575 4334 αὐτῶν
1591 4286 1755 4347 διωρθώσατο·
1768 4287 1853 4349 ἔγραψε

234 4409 238 4420 ,
251 4360 428 4421 θεραπεύοντος,
442 4359 463 4406 εί
482 4360 523 4406 καί
541 4360 684 4422 περιεσώθη,
696 4359 816 4418 θάνατοςη
831 4361 902 4422 ζημία
912 4360 940 4420 ἦν
951 4361 1030 4423 αὐτῷ,
1075 4356 1119 4418 γάρ
1136 4356 1211 4416 οὕτω,
1222 4357 1315 4416 γυναικὶ
1325 4357 1431 4420 ἐλευθέρᾳ
1443 4357 1475 4417 (ιλ
1485 4358 1566 4404 πλεῖοι
1576 4355 1711 4404 &tvl-00⁰&
1727 4362 1781 4418 ιιιᾶς
1791 4359 1852 4419 θῖνα·

251 4427 300 4491 δτι,
315 4430 347 4492 μὴ
356 4429 501 4492 προσταχθλν
515 4427 595 4491 αὐτῷ,
606 4428 645 4477 ὅδε
654 4429 726 4478 ἔπιεν.
737 4431 811 4477 Paulo
821 4430 890 4478 aliter
898 4431 1030 4480 Athenaeus
1076 4426 1180 4482 παινίδοτ
1191 4427 1232 4475 ἐιὶι
1251 4429 1284 4489 μὴ
1299 4427 1386 4489 mlle,
1403 4428 1461 4488 μηδὲ
1472 4428 1560 4484 ,ἐξιέναι
1578 4429 1660 4482 νυκτὸς
1672 4427 1699 4475 ἐκ
1710 4433 1751 4485 τῆς
1764 4428 1853 4484 πόλεως

251 4499 292 4548 Ιίί).
302 4501 334 4560 ll,
347 4514 370 4561 p.
385 4503 431 4549 θθθ
443 4504 463 4549 Α
478 4499 557 4562 ιπθιρὰ
569 4500 594 4548 δί
606 4502 705 4563 Λοκροῖς
716 4503 766 4554 τοῖς
778 4499 955 4562 Ἐπιζεφυρίοις,
966 4499 987 4550 τί
997 4516 1030 4554 τις
1076 4498 1096 4546 τί
1112 4498 1144 4558 μὴ
1157 4499 1326 4560 μοιχευομένην
1331 4533 1339 4556 ,
1351 4499 1409 4560 μηδὲ
1420 4498 1576 4559 περιτίθεσθαι
1591 4498 1678 4560 χρυσία
1694 4498 1752 4560 μηδὲ
1768 4499 1854 4557 ἐσθῆτα

251 4570 350 4631 ἄκρατον
360 4569 410 4619 ἔπιε
424 4570 456 4631 μὴ
464 4569 633 4632 προστάξαντος
643 4571 723 4633 ἰατροῦ
735 4570 856 4633 θεραπείας
864 4571 945 4629 ἕνεκα,
962 4569 1029 4618 θάνα·
1076 4570 1256 4630 παρυρασμένην
1269 4568 1311 4616 ἐὰν
1326 4567 1387 4628 μήῇ
1402 4567 1495 4630 ἑταίρα.
1510 4568 1568 4628 μηδὲ
1584 4570 1624 4616 τὸν
1640 4569 1711 4630 ἄνδρα
1726 4575 1803 4629 φορεῖν
1814 4571 1855 4617 δα-

250 4653 289 4694 τος
300 4638 329 4699 ἦν
338 4641 353 4697 ἡ
361 4639 446 4700 ζημία,
457 4640 574 4688 Ζαλεύκου
582 4641 623 4689 τόν
636 4640 707 4700 νόμον
721 4640 803 4696 θίντος.
815 4665 847 4678 -
858 4640 908 4702 (54)
917 4641 1030 4689 Valerius
1076 4638 1166 4683 κτυλιον
1175 4637 1317 4702 ,θπόχρυσον
1332 4638 1389 4699 μηδὲ
1402 4636 1495 4698 ίμάτιου
1513 4639 1676 4698 ίσομιλησιον,
1691 4638 1731 4687 ίάν
1745 4639 1777 4699 με)
1789 4643 1853 4687 ἑται-

251 4709 373 4758 Maximus
382 4709 425 4758 lib.
439 4713 479 4768 Vl,
495 4724 547 4773 cap.
561 4717 583 4759 5.
601 4710 716 4760 Similiter
732 4712 838 4760 AEllanns
852 4723 902 4760 νει.
915 4711 971 4759 bist.
987 4709 1028 4759 lib.
1076 4704 1196 4768 ριύηιιιιῆ
1212 4706 1358 4769 perpremat.
1379 4705 1421 4753 Διὸ
1437 4706 1477 4753 ιιιιὶ
1492 4705 1576 4768 ῥηιδίως
1593 4711 1642 4762 ταῖς
1655 4710 1702 4754 τῶι
1718 4708 1853 4770 melleet

251 4780 320 4840 Xlll,
331 4791 384 4840 etp·
398 4783 444 4829 at:
459 4781 703 4842 ΖάλευκοςόΔοκρῶν
715 4781 838 4842 νομοθέτης
850 4781 975 4843 προσέταξε
990 4782 1031 4829 τόν
1075 4777 1182 4837 clupei<
1205 4777 1377 4841 tactatpterau
1399 4777 1512 4839 ἆπὲϊρθίῑ
1529 4783 1571 4835 τῆς
1586 4778 1699 4841 MEO&
1712 4784 1796 4841 ttulit
1813 4778 1854 4825 ml

205 4851 206 4854 ’
251 4849 334 4912 μοιχόν
349 4849 434 4898 etta-:a
449 4849 603 4906 ἐκκόπτεσθαι
624 4852 677 4906 τοὺς
689 4849 827 4912 ὀφθαλμούς.
840 4849 865 4898 Ἃ
882 4849 959 4898 τοίνυν
972 4850 1046 4910 μηδὲ,
1075 4845 1200 4901 ἀκολασίας
1219 4851 1265 4894 τῶν
1287 4846 1489 4908 ἐπιτηδευμάτων·
1514 4849 1587 4903 οὐδείς
1615 4851 1659 4912 γάρ
1680 4849 1787 4897 ἐθούλετο
1812 4850 1854 4907 τὴν

251 4917 425 4980 προσεδόκησε,
436 4924 510 4968 ταῦτα
523 4921 536 4968 ό
548 4919 638 4981 δαίμων
654 4920 718 4980 αὐτῷ
729 4920 793 4980 παρά
802 4920 844 4976 τὴν
858 4919 975 4975 δόξανκαὶ
988 4922 1030 4976 τὴν
1075 4916 1175 4979 αἰσχράν
1189 4916 1288 4966 κόλασιν
1298 4918 1446 4979 ὁμολογήσας
1458 4921 1632 4980 καταγελαοτος
1649 4921 1672 4968 ἐν
1687 4924 1735 4975 τοῖς
1749 4919 1853 4974 πολίταις

252 4987 334 5037 ἐλπίδα
348 4989 472 5051 ἐπήγαγεν.
486 4991 515 5040 ‘0
532 4991 576 5053 γάρ
592 5007 628 5040 τοι
649 4995 704 5045 παῖς
719 4989 787 5044 ἁλοὺς
806 4990 844 5038 ἐπί
861 4991 968 5053 μοιχεία,
979 4989 1031 5037 εἶτα
1075 4986 1142 5034 εἶναι.
1164 4988 1246 5036 Πολλά
1263 4989 1287 5036 δὲ
1305 4990 1345 5037 καί
1357 4989 1416 5038 ἄλλα
1435 4996 1482 5038 τῶν
1495 4992 1646 5052 συμόολαίων
1662 4993 1702 5039 καί
1717 4996 1765 5039 τῶν
1779 4992 1853 5038 ἀλλων

250 5059 329 5120 tuelle
339 5059 459 5109 πείσεσθαι
468 5061 498 5109 τά
509 5062 535 5109 ἔκ
544 5067 586 5109 τοῦ
596 5061 706 5124 πατρῴου
715 5058 797 5120 νόμου.
808 5059 983 5120 Ἐυταῦθα,.ίνα
994 5062 1042 5121 μὴ,
1075 5063 1121 5104 τῶν
1139 5059 1200 5106 κατά
1218 5059 1257 5107 τόν
1275 5059 1326 5122 βίον
1343 5059 1568 5124 όιμρισθητουμένων
1588 5063 1666 5118 καλῶς
1687 5062 1852 5124 ἐνομιθὲῐησιν

250 5131 362 5193 διαφθαρῇ
372 5133 398 5180 τὸ
408 5131 471 5188 ἅπαξ
478 5131 655 5196 κεκυρωμένον,
665 5130 785 5191 ὑπέμεινεν
795 5131 863 5186 αὐτὸς
878 5133 890 5179 δ
901 5129 1030 5189 είσηγησά·
1074 5129 1125 5190 περί
1133 5129 1167 5178 ὧν
1177 5134 1232 5190 ἡμῖν
1246 5133 1333 5195 μακρὸν
1342 5133 1370 5180 διν
1380 5133 1417 5191 είη
1428 5133 1521 5197 γράρειν
1528 5136 1568 5182 καί
1578 5141 1618 5194 τῆς
1628 5137 1780 5199 ίπτοκειμένης
1792 5137 1854 5183 loro·

250 5201 382 5264 μιιῠιῦιῐὶρ
392 5205 435 5250 τοῦ
451 5201 531 5263 &lew
544 5206 592 5249 τῶν
603 5204 645 5249 ἰιῦ
660 5201 743 5256 παιδὸς
762 5200 886 5264 ὀφθαλμῶν
899 5202 1030 5250 ἀντιδοῦναι
1061 5200 1125 5263 ‚piet
1137 5201 1262 5253 ἀνοίκειον·
1276 5202 1356 5268 διόπερ
1365 5204 1403 5252 tut
1414 5205 1445 5253 τὰ
1456 5209 1544 5267 συνεχῆ
1554 5210 1603 5261 τοῖς
1614 5208 1786 5271 προειρημὲιοις
1799 5206 1845 5253 άνα
