3959 5925
720 384 760 442 m
785 379 956 440 TlMAEUM
980 377 1177 438 PLATONIS.
1592 381 1598 398 ¹
1695 381 1749 430 249
1780 389 1782 394 ·

146 522 266 580 senerata
275 519 367 581 species
378 517 522 577 llorescuui,
536 520 562 565 ιιι
577 519 663 577 putant
677 514 766 574 Stoici,
778 512 822 562 scd
832 512 923 561 extrin·
969 509 1098 558 currslrlclu
1110 510 1218 556 mutatur
1227 507 1251 554 in
1266 517 1366 563 sarram,
1380 502 1444 565 quod
1462 502 1586 564 crystallus
1607 503 1707 550 roratur
1722 501 1752 550 ab

143 621 215 657 secus
232 605 381 666 obveniunt,
404 605 432 652 ut
450 604 476 651 ιιι
492 616 575 651 ceram
597 601 729 663 signacula.
773 599 924 649 Nulrlculam
970 597 1061 660 Alpinis
1075 597 1186 659 gentibus
1208 594 1326 643 montium
1347 591 1522 642 lilraeticorum.
1553 592 1597 640 list
1617 603 1714 652 quoque
1728 589 1752 638 iu

145 708 201 744 reru
212 693 266 743 ideo
275 691 339 754 quod
348 691 439 741 alienos
448 691 520 740 leetus
530 691 596 738 velut
609 688 711 751 propriis
724 687 832 736 busseris
842 686 924 734 selsel.
971 687 1026 736 Asia
1037 684 1140 748 Tripolis
1150 683 1244 742 civitas,
1255 681 1324 744 aquis
1335 681 1480 730 immensum
1492 678 1623 728 calentibus
1630 679 1753 740 reputata,

144 782 240 844 Quippe
250 778 310 828 nibil
323 779 361 827 bis
373 776 463 840 praebet
474 777 579 838 amplius
593 778 680 838 prester
695 774 875 834 subjectionem.
970 787 1025 836 quac
1038 786 1093 822 eum
1109 772 1181 822 misse
1193 771 1217 832 ιἰι
1234 771 1349 820 lornnrlas
1362 769 1468 819 diversas
1481 767 1624 847 obriguerit,
1638 767 1754 815 lormalur

174 870 271 931 Ειρηται
287 867 328 929 μὲν
344 864 385 914 oli-r
401 865 511 924 τάληθές,
528 867 565 913 δεῖ
576 864 596 912 δ’
613 865 775 927 ἐναργέστερον
788 863 862 911 εἰπεῖν
874 861 925 922 cepi
971 863 996 910 ln
1008 874 1125 923 uvarum,
1136 873 1262 923 pomorum
1276 859 1426 919 aliorumque
1437 857 1533 918 figuras.
1544 854 1622 916 idem,
1634 853 1755 916 quomodo

144 955 225 1003 αὐτοῦ.
972 949 1024 1000 inec
1039 949 1110 1010 irent,
1127 948 1239 1010 deinceps
1251 947 1360 997 dicturus
1369 947 1423 996 erit.

175 1042 290 1090 cccxli.
308 1037 400 1088 Deinde
424 1037 583 1100 progreditur.
616 1040 698 1099 tique
722 1035 783 1090 boe,
804 1033 874 1098 puori
895 1035 927 1083 de
1003 1038 1136 1089 occxxll.
1153 1039 1224 1086 Nunc
1236 1035 1378 1097 exsequitur
1389 1033 1587 1096 qoooegqressus
1601 1034 1650 1091 esi,
1661 1031 1684 1080 ei
1698 1029 1756 1092 quia

144 1143 175 1178 en
191 1129 299 1185 dicitur,
312 1138 402 1176 omum
421 1129 460 1175 est
477 1125 597 1188 quidem,
615 1127 639 1174 et
656 1123 797 1174 dicendum
820 1123 927 1173 ridetur
971 1139 1112 1176 conversam
1126 1137 1213 1187 aquam
1229 1125 1278 1174 lieri
1296 1129 1383 1173 terram
1397 1122 1500 1170 dixerat.

144 1218 271 1280 apertius.
1004 1213 1138 1276 Τηκὸμενον
1151 1213 1175 1261 d'e
1187 1213 1227 1261 καὶ
1242 1211 1414 1274 διακρινόμενον
1425 1209 1509 1257 ταύτὸν
1523 1211 1593 1256 τοῦτο
1607 1211 1698 1267 πνεῦμα
1716 1206 1756 1253 καὶ

176 1303 238 1361 Quia
250 1314 299 1350 uon
317 1302 475 1363 statimque
490 1313 546 1350 rere
556 1300 679 1359 dicuutur,
688 1301 771 1362 aperte
785 1299 856 1349 eliam
871 1311 923 1348 ma·
972 1303 1044 1365 ιιέμα,
1060 1301 1214 1362 tornutium
1226 1301 1250 1348 ii
1262 1299 1318 1362 ἀέρα
1327 1303 1383 1360 πῦρ.

145 1390 412 1453 nilestequedicuutur.
444 1389 529 1438 lllullae
545 1389 635 1451 quippe
653 1391 710 1438 sunt
727 1389 848 1437 orationes
865 1401 929 1437 verae
1005 1393 1082 1438 Hono
1093 1387 1202 1437 eandem
1214 1398 1320 1449 aquom,
1332 1384 1436 1434 <ternum
1446 1385 1584 1433 tenuatam
1600 1383 1756 1440 increpares,

144 1481 257 1544 quidem,
277 1479 318 1528 sed
344 1477 465 1529 obscure.
496 1477 605 1528 Nascitur
622 1476 712 1539 quippe
731 1476 865 1525 obscuritas
889 1477 928 1526 rel
972 1489 1056 1528 cerere
1065 1477 1167 1525 nuisceri
1179 1473 1324 1523 subtilitati
1336 1473 1416 1522 docel.
1436 1475 1597 1533 liarsnmqne
1609 1467 1757 1517 unsbrrstnm

145 1567 248 1616 dicentis
270 1577 444 1627 nonnunquam
461 1564 599 1624 voluntate,
612 1563 652 1612 rel
670 1562 788 1613 audientis
807 1562 878 1622 rilio,
889 1563 928 1613 sel
974 1567 1162 1616 aeraconnerti
1175 1565 1203 1612 in
1215 1563 1308 1624 ipnem.

145 1669 174 1704 ιιι
145 1656 273 1704 ιιιιιιιιιιι
282 1654 328 1716 ιιι,
339 1651 370 1703 de
380 1666 428 1715 qua
437 1654 561 1702 tractatur.
593 1653 668 1703 iuxta
677 1651 796 1702 dicentem
807 1651 927 1700 lrtobscu·
1006 1652 1097 1702 Deinde
1115 1651 1179 1713 gyris
1192 1663 1235 1698 seu
1247 1647 1392 1698 anfractibus
1405 1647 1537 1709 geniturum
1558 1657 1641 1694 eurum
1660 1656 1757 1693 cunser-

145 1743 212 1801 ritas,
192 1755 279 1791 cum
299 1741 340 1791 rel
361 1741 441 1790 studio
458 1740 561 1802 dataque
577 1752 651 1803 opera
668 1739 755 1802 dogma
772 1753 845 1788 suurn
865 1738 929 1788 relat
974 1737 1251 1800 sionemqucprucederc
1262 1737 1395 1784 admonet·

145 1835 238 1890 auclor,
248 1830 277 1879 ut
297 1821 404 1879 lecerunt
423 1827 562 1877 Aristoteles
586 1832 611 1876 et
634 1826 785 1888 Heraclitus,
799 1826 927 1876 relimbe-
1006 1829 1128 1880 Ἀνάπαλιν
1141 1827 1165 1876 δὲ
1178 1831 1223 1889 cop
1241 1825 1362 1888 συγκραθὲν
1377 1826 1416 1872 καὶ
1430 1791 1590 1873 καταοὸεσιὲν
1608 1825 1640 1876 εἰς
1630 1822 1717 1869 ἰδέαν
1733 1837 1758 1869 τε

147 1917 247 1966 oiltltate
259 1916 384 1966 sermonis
416 1918 491 1964 iusta
500 1915 636 1964 andreatem
652 1927 724 1976 vero,
734 1915 773 1964 ιιι
788 1927 844 1963 oum
860 1914 928 1962 ineu·
974 1918 1044 1967 ἀπιὸν
1058 1915 1123 1971 ανθις
1136 1916 1216 1978 ᾰὲ,ρος
1228 1931 1268 1962 και
1260 1913 1375 1962 ἱ·τιοί).ιν“
1365 1929 1420 1974 αερα
1433 1910 1537 1967 ξυνιοντα
1549 1926 1590 1958 και
1601 1924 1758 1970 πνκνοομενοι

146 2004 196 2052 dila
215 2008 239 2053 et
251 2002 347 2052 insolite
365 2003 477 2051 dicunlur
488 2017 494 2050 :
506 2003 544 2051 nel
560 2015 616 2052 cum
634 2002 665 2062 is,
675 2002 718 2062 qul
738 2001 816 2063 audit,
827 2001 931 2065 pigriore
974 2006 1040 2067 νέφος
1058 2006 1098 2052 καὶ
1120 2002 1267 2065 ὁμιχλην,ἐα
1282 2001 1408 2049 birsicus
1427 1999 1460 2048 ἔτι
1473 1999 1559 2060 μᾶλλον
1572 1997 1758 2058 ξυμπιλονμένιον

146 2091 240 2153 ingenio
253 2096 289 2139 esi
302 2090 333 2139 ad
348 2089 539 2153 intelligendum.
572 2091 647 2140 iusta
655 2103 706 2139 rem
718 2103 800 2153 porro,
809 2103 867 2139 cum
876 2090 930 2138 lalis
976 2095 1027 2157 pios
1036 2093 1108 2153 ὕδωρ,
1121 2091 1144 2145 ἐξ
1157 2091 1240 2145 ὓδατος
1253 2088 1278 2136 ei
1292 2093 1334 2150 γῆν
1343 2088 1388 2165 ,καὶ
1399 2087 1476 2141 libone
1489 2084 1563 2142 αὖθις.

145 2179 203 2237 erit,
216 2176 296 2239 qualis
306 2177 359 2225 baec
377 2176 428 2238 ipsa
446 2179 483 2226 est
492 2177 524 2226 de
534 2190 583 2238 qua
593 2189 674 2227 sermo
684 2189 750 2226 nunc
762 2177 833 2225 nubis
843 2180 889 2236 est,
903 2182 931 2225 ut
1007 2182 1072 2228 aunt
1082 2181 1163 2240 ionis,
1174 2191 1191 2226 a
1199 2179 1309 2239 proprio
1318 2174 1465 2224 srrbtititute
1478 2173 1623 2234 discedens,
1634 2170 1759 2222 conditio·

147 2276 225 2325 neque
237 2263 287 2312 ullo
308 2276 380 2312 sensu
393 2263 514 2325 contingi,
531 2277 610 2327 neque
621 2264 745 2314 intellectu
759 2263 931 2326 comprehendi
975 2279 1034 2318 nem
1044 2269 1113 2316 aeris
1125 2267 1217 2328 accipit
1230 2278 1239 2313 :
1250 2267 1297 2327 qui
1305 2262 1430 2312 densatus
1438 2265 1526 2324 primo
1537 2259 1642 2325 quidem
1653 2260 1759 2310 neoniae

146 2353 232 2412 ‘lumi
242 2352 326 2412 utl¹⁰tt
341 2363 426 2400 wells
436 2352 530 2411 torma,
539 2351 590 2401 illio
602 2351 730 2413 quottidie.
740 2351 791 2401 sine
803 2351 857 2401 fine.
883 2351 930 2400 Sed
976 2355 1105 2418 nubesque
1120 2355 1254 2416 operatur,
1267 2355 1324 2414 post
1337 2351 1424 2400 solnta
1435 2352 1461 2399 et
1473 2348 1616 2412 ttqnetocro
1628 2351 1719 2410 rapina
1731 2350 1758 2396 in

146 2436 309 2499 quidinequc
328 2437 447 2499 Timreus,
465 2439 507 2500 qui
524 2439 762 2500 disserit,inslabilis
780 2444 870 2499 orator,
886 2451 931 2488 nec
974 2443 1078 2504 pluvius
1093 2440 1205 2504 diffluit.
1241 2443 1284 2490 Be
1297 2451 1368 2502 aqna
1382 2450 1490 2488 rursum
1506 2437 1627 2487 soliditas
1647 2441 1673 2486 et
1692 2449 1759 2486 saxa

147 2523 272 2573 audientes
284 2525 356 2574 lardi.
389 2528 474 2575 liestel
486 2528 514 2575 ul
534 2538 573 2575 res
588 2526 640 2589 ipsa
659 2525 762 2575 difficilis
784 2529 809 2576 et
826 2512 931 2574 obscura
975 2529 1131 2580 subsistunt.

147 2610 188 2663 sit.
220 2614 269 2661 Nec
278 2612 339 2661 silra
347 2613 477 2675 quidquam
486 2613 607 2663 dillicilius
618 2613 649 2662 ad
662 2613 849 2676 explanandum.
868 2617 931 2675 Ergo
1007 2617 1084 2680 igitur
1095 2615 1228 2666 secundum
1239 2615 1301 2664 lianc
1310 2613 1422 2676 orbitam,
1432 2613 1596 2674 rationemque
1610 2612 1662 2674 ejus
1675 2613 1760 2662 circui·

148 2701 245 2758 cuncta,
255 2712 309 2761 quae
319 2699 350 2750 de
362 2705 449 2750 nutrire
460 2700 511 2760 eius
521 2700 585 2750 dicta
599 2702 664 2761 sunl,
675 2713 741 2750 mera
757 2701 856 2763 praedita
871 2703 932 2750 reri·
978 2711 1033 2765 tus,
1045 2711 1107 2754 terra
1116 2715 1214 2766 quoque
1223 2702 1315 2752 ridetur
1329 2703 1352 2750 io
1365 2701 1411 2750 alia
1422 2699 1539 2750 elementa
1551 2702 1649 2750 mutari.
1661 2700 1686 2750 Sl
1694 2702 1757 2750 enirn

147 2787 197 2836 tale
210 2790 280 2849 suot;
293 2799 338 2837 nec
353 2790 433 2837 tamm
446 2789 529 2850 aperte
542 2787 696 2850 dilucideque
711 2789 828 2839 intimata.
861 2790 932 2838 Deni-
977 2794 1028 2842 sola
1051 2807 1100 2841 nun
1117 2791 1275 2852 convertitur,
1290 2790 1321 2839 cd
1339 2793 1487 2852 postremum
1510 2789 1590 2840 omnia
1612 2795 1676 2839 terra
1693 2789 1760 2840 fient.

148 2887 197 2936 qne
212 2876 308 2935 oseem
320 2888 419 2924 eausam
435 2875 596 2934 difficultatis,
605 2889 682 2938 quurn
691 2876 723 2925 ita
736 2876 795 2926 dicit
808 2896 816 2926 ι
977 2878 1101 2941 siquidem
1113 2883 1200 2927 coetera
1210 2878 1234 2927 in
1244 2877 1321 2939 ipsam
1332 2879 1511 2937 convertentur,
1519 2877 1657 2937 ipsaautem
1668 2878 1692 2926 ιιι
1702 2877 1761 2926 nillil

180 2964 287 3012 Χαιαπὸν
301 2952 502 3020 &illuscescat
520 2964 578 3013 διότι
594 2966 782 3027 προαπορηιῆναι
796 2966 848 3027 cupi
862 2966 933 3027 cupi<
977 2980 1061 3017 eorurn
1077 2966 1174 3016 babebit
1187 2965 1378 3015 conversionem.
1411 2964 1458 3015 Sed
1472 2966 1528 3027 quia
1539 2968 1646 3028 probatio
1656 2967 1762 3017 consistil

149 3052 248 3099 καὶτῶν
263 3052 321 3113 μετὰ
334 3053 405 3116 stopie
417 3053 546 3113 ἀναγκαῖον
557 3053 641 3101 τοῦτον
652 3055 728 3116 χάριν·
743 3053 831 3102 τούτων
843 3053 888 3116 γὰρ
899 3056 933 3102 ει·
978 3056 1002 3104 in
1025 3055 1093 3116 risu,
1111 3056 1136 3103 el
1155 3067 1277 3116 nunquam
1296 3054 1348 3102 risa
1367 3056 1402 3103 est
1419 3056 1483 3103 lerrn
1499 3054 1524 3102 in
1553 3067 1641 3117 uquam
1659 3055 1762 3105 aliernru

149 3144 200 3187 κεῖν
210 3140 321 3199 ἕκαστον,
329 3140 409 3188 ὁποῖον
418 3140 490 3196 ὄντος
499 3140 563 3202 ὕδωρ
574 3143 618 3203 χρὴ
628 3142 702 3201 λέγειν
712 3142 933 3204 μᾱιᾱονῆτιῦρκαὶ
977 3156 1050 3205 quern
1079 3141 1202 3191 materiam
1220 3142 1343 3202 converti,
1364 3142 1452 3191 idcirco
1474 3142 1605 3204 abstinuit,
1626 3156 1655 3193 ao
1676 3143 1774 3206 retugit·

149 3227 230 3275 ιιιοῐον
245 3226 322 3275 drinio
336 3228 421 3288 μᾶλλον
436 3229 503 3285 insi
518 3227 610 3275 ἅπαντα
623 3227 676 3275 καθ’
688 3227 789 3276 inseror
807 3244 847 3288 rc,
859 3229 933 3285 οῡιως
977 3232 1079 3279 ιοιιιιιοι
1096 3228 1270 3279 immutationis
1282 3230 1450 3292 assertionem,
1462 3243 1492 3279 ne
1509 3243 1615 3294 pugnare
1633 3232 1762 3283 adeersum

149 3316 211 3365 ὥστε
222 3316 265 3364 τινι
277 3321 355 3379 πιστῷ
366 3318 405 3364 καὶ
421 3316 509 3380 βεὸαίῳ
522 3318 653 3380 χρήσασθαι
667 3317 730 3380 λόγῳ
742 3317 853 3381 χαλεπόν.
977 3331 1063 3368 sensus
1074 3318 1206 3369 rideretur.

180 3406 230 3453 Est
251 3407 336 3454 tumen
357 3404 475 3454 ardorem
494 3418 522 3454 eo
543 3408 642 3467 maqls,
666 3406 736 3470 quod
752 3404 933 3468 presenserat
1008 3408 1156 3457 cccxxiii.
1177 3404 1286 3468 Sumpsil
1316 3409 1412 3468 lamen,
1432 3419 1480 3468 quo
1501 3407 1627 3469 perfectius
1647 3410 1764 3458 tractaret

148 3494 242 3541 mentis
257 3494 339 3540 aciem
350 3504 447 3541 neeesse
459 3495 497 3541 est
509 3496 534 3542 et
548 3497 663 3543 :estuare
672 3496 729 3543 tam
741 3494 774 3543 de
786 3496 841 3556 ient
851 3506 932 3557 quam
977 3493 1008 3544 de
1020 3500 1105 3543 mutus
1117 3493 1289 3543 elementorum
1304 3506 1332 3542 us
1347 3491 1394 3542 alio
1407 3492 1432 3542 in
1445 3494 1511 3543 uliud
1525 3494 1690 3545 conversione.
1724 3496 1764 3545 llil

149 3577 182 3626 de
200 3581 301 3627 cates-is
318 3582 452 3639 materiis,·
463 3580 529 3643 quid
548 3584 632 3642 mucis
647 3594 745 3644 equam
757 3580 822 3641 jure
833 3593 933 3645 aquam
977 3581 1061 3632 eninr:

150 3663 204 3712 dici
220 3666 364 3726 pastorique
378 3668 506 3728 oporteat,
516 3678 596 3729 quum
606 3670 706 3717 terrum
717 3683 725 3718 .·
736 3681 796 3718 cum
807 3668 884 3718 nulia
893 3670 930 3718 sit
1011 3672 1103 3720 Κὺαιον
1115 3688 1141 3719 τι
1156 3672 1218 3719 οὕτω
1232 3669 1362 3719 διαδιδόντα
1379 3672 1411 3726 εις
1430 3670 1531 3728 dileto,
1542 3650 1574 3727 ds
1594 3670 1708 3734 φαίνεται,
1722 3674 1764 3731 τὴν

151 3754 225 3799 certa
241 3754 266 3799 et
287 3750 392 3800 stabitis
408 3755 557 3813 proprietas
575 3766 790 3817 corporumque
806 3755 934 3818 cnjttsqtte
978 3760 1078 3818 γένεσιν·
1092 3760 1154 3808 οὕτω
1167 3760 1194 3816 δὴ
1209 3759 1298 3807 τούτων
1312 3757 1421 3806 οὐδέποτε
1434 3763 1480 3806 τῶν
1495 3758 1572 3807 αὐτῶν
1584 3760 1689 3809 ἑκάστων
1706 3778 1762 3824 μαν-

151 3836 250 3886 indicet
261 3838 414 3887 naturalem
424 3842 621 3902 proprietatem.
978 3848 1119 3908 ταιομὲνοιν,
1132 3852 1200 3895 ποῖον
1211 3845 1287 3894 αὐτῶν
1300 3848 1330 3901 ὡς
1341 3846 1366 3893 ὃν
1377 3846 1454 3893 ὁτιοῦν
1466 3849 1585 3896 τοῦτοκαὶ
1597 3849 1641 3897 οὐκ
1650 3850 1706 3899 otto
1718 3867 1763 3898 πα-

183 3924 281 3973 Ιιιιιιιιιιι
294 3924 434 3987 qaoeslionls
446 3926 531 3988 arripit
547 3939 578 3976 ex
598 3926 721 4005 reciproca
731 3926 761 3978 de
774 3928 820 3977 atto
830 3929 855 3979 in
869 3929 933 3980 aliud
979 3934 1035 3997 γίως
1047 3934 1242 3997 διισχυριζόμενος
1256 3934 1299 3983 οὐκ
1312 3934 1459 3996 αισχννιῖταί
1474 3952 1507 3991 τις
1525 3936 1621 3999 taurim
1634 3938 1677 3987 οὐκ
1690 3939 1762 3987 ἔστιν.

152 4010 323 4060 elementorum
333 4012 498 4063 consessione.
1011 4024 1095 4084 litque
1112 4024 1152 4069 ilo
1168 4024 1278 4070 circuitu
1294 4022 1407 4084 quodam
1422 4025 1489 4072 sires
1504 4022 1677 4089 fomentaque
1692 4038 1763 4088 pens·

183 4104 279 4163 Πρῶτον
297 4104 338 4164 μιν
355 4104 411 4162 ὃδὴ
427 4108 467 4153 νῦν
486 4105 548 4169 ὕδωρ
558 4104 724 4169 ὠνομάκαμεν,
737 4106 890 4171 πηγνύμενον,
902 4111 934 4165 ὡς
979 4111 1089 4159 rationis
1109 4108 1258 4172 corporibus
1281 4112 1392 4159 inoicern
1406 4110 1456 4160 sibi
1469 4112 1666 4175 mutuantibus,
1679 4118 1763 4164 necin

150 4192 272 4254 δονοῦμιν,
284 4191 360 4249 λίθους
372 4195 413 4243 καὶ
427 4200 471 4256 γῆν
484 4211 618 4257 γιγνομινον
630 4197 728 4260 ιρῶμιν.
979 4214 1036 4252 nna
1056 4200 1196 4265 eademque
1210 4202 1303 4263 sorana
1318 4203 1562 4265 perseverantibus,
1579 4217 1638 4269 pue
1660 4205 1764 4256 tandem

185 4280 311 4329 ccclltll
326 4284 497 4345 Principium
508 4283 541 4333 de
556 4297 642 4348 equa,
653 4284 729 4346 cujus
740 4286 934 4351 mode,inquit,
979 4292 1029 4340 erit
1039 4294 1110 4342 certa
1121 4304 1209 4341 eorum
1220 4293 1766 4358 etacunctationescmotocomprehensim

91 4384 95 4395 ·
152 4366 261 4422 femmas
282 4369 452 4430 mentionem,
474 4371 622 4433 ordiamur,
639 4386 699 4423 cum
728 4378 889 4437 ostrinpitnr
906 4379 933 4425 in
981 4380 1154 4431 lllutlueerte.

151 4455 275 4517 plastem,
294 4460 363 4507 certe
380 4470 478 4508 seeum
498 4462 659 4524 terrenaeque
677 4462 821 4514 soliditatis
840 4477 935 4528 eorpus
1012 4468 1107 4518 blerilo.
1140 4468 1270 4529 Fingamus
1286 4482 1349 4518 ennn
1360 4482 1414 4519 esse
1425 4469 1509 4520 liunc
1503 4484 1580 4533 ignem
1596 4471 1730 4533 sincerum,
1742 4475 1766 4524 et

150 4545 307 4609 minimeque
320 4544 403 4609 fusile
414 4553 533 4611 apparet.
979 4555 1032 4605 sine
1044 4556 1114 4604 ullius
1129 4555 1237 4605 materiae
1251 4557 1425 4619 permixtione,
1439 4560 1466 4607 ut
1477 4562 1546 4621 putat
1565 4561 1716 4622 Heraclitus,
1727 4562 1764 4612 nel

179 4632 270 4682 Acriter
283 4633 307 4682 ei
321 4631 424 4683 nimium
436 4636 564 4697 vigilanter
577 4642 698 4702 apparet.
731 4640 825 4703 Quippe
841 4655 890 4691 non
910 4644 934 4692 in
979 4656 1077 4705 aquam,
1092 4646 1119 4693 ul
1132 4644 1237 4706 Tlrales;
1248 4644 1400 4707 relaera,ut
1413 4646 1586 4707 anaximenem
1600 4648 1661 4709 lime,
1674 4648 1764 4711 inquit,

149 4728 193 4765 sua
205 4730 300 4780 propnn
311 4719 397 4769 natura
410 4732 565 4783 perseverans
576 4736 639 4785 aqua
650 4725 774 4786 solidatur
783 4728 807 4776 el
817 4726 844 4776 lit
853 4730 929 4779 terra
980 4731 1000 4780 si
1015 4744 1109 4792 semper
1120 4712 1218 4791 eadem
1232 4734 1257 4781 et
1267 4732 1424 4783 immutabilia
1445 4747 1601 4796 censeamus;
1622 4738 1727 4798 mullos,
1741 4742 1766 4787 ei

149 4802 269 4864 siquidem
283 4806 430 4858 estbnmida
437 4809 812 4874 ,sedquodeaqumsubjmeb
821 4781 932 4867 videlieet
979 4819 1170 4881 inextricabiles,
1192 4820 1343 4870 incurremus
1361 4836 1462 4871 errores.
1500 4828 1579 4882 Quare
1598 4838 1648 4875 non
1671 4828 1766 4889 oportet

148 4891 225 4951 sitra,
239 4893 384 4943 contrariam
395 4902 517 4957 naturam,
527 4898 575 4947 boc
587 4904 623 4948 est
636 4899 767 4950 siecilalcm
770 4902 930 4967 ,suscipiens,
981 4906 1050 4957 lacile
1064 4906 1094 4956 de
1106 4907 1273 4970 hujuscemodi
1292 4911 1387 4959 naturis
1403 4912 1588 4963 accommodare
1601 4927 1762 4976 consensuum

149 4976 177 5026 lit
185 4988 214 5025 er
224 4978 381 5031 conversione
393 4985 669 5046 terra,mutatorepenie
678 4985 778 5036 babitu:
791 4991 930 5053 mutataque
980 5008 1035 5055 nec,
1050 4996 1070 5044 si
1085 4993 1216 5045 verisimile
1228 4994 1285 5055 qnid
1296 4996 1423 5062 ridebitur,
1434 4999 1515 5049 statim
1533 5000 1622 5051 babere
1635 5016 1677 5063 pro
1689 5008 1763 5052 cerlo.

148 5062 285 5115 conditione
296 5078 412 5129 apparens
425 5071 491 5133 quod
505 5085 554 5121 non
564 5076 622 5123 erat
655 5075 702 5126 sed
712 5088 800 5138 aquam
810 5076 929 5129 insanum
980 5082 1043 5140 Quid
1059 5082 1189 5147 igiturest,
1202 5086 1267 5148 quod
1281 5100 1361 5137 errore
1373 5102 1417 5137 nos
1431 5088 1532 5140 liberet?
1545 5090 1664 5149 Quoniam
1678 5093 1763 5141 estes·

147 5152 246 5203 solidari
259 5153 316 5204 dicit
325 5156 398 5218 ,quis
411 5158 715 5226 mglsciatibusetgelidis
732 5164 792 5215 locis
806 5177 869 5229 aqua
886 5168 929 5218 diu
980 5171 1059 5224 scotia
1092 5175 1130 5224 est
1149 5174 1221 5225 etiarn
1242 5175 1361 5239 qualitas;
1378 5179 1403 5227 et
1421 5178 1475 5229 baec
1493 5179 1590 5230 diversa
1606 5182 1670 5230 sunl.
1704 5182 1764 5231 llam
