3959 5925
281 409 338 463 rat
825 397 1024 461 cflthinii
1045 401 1356 468 COMMENTARIUS

276 534 357 585 niatur
368 545 445 595 osque
451 531 481 582 ad
491 550 516 594 η,
529 531 608 595 quoad
617 530 766 594 aequauiliter
775 543 800 580 se
810 531 943 592 peremnia
952 533 1060 583 membra
1106 536 1204 588 minime
1213 538 1328 600 subiectis
1336 540 1383 589 sibi
1393 541 1539 604 regionibus,
1549 555 1604 606 quae
1613 543 1672 593 solis
1683 550 1751 595 ortus
1760 549 1784 596 et
1792 561 1898 600 occasus

276 618 359 672 lundai
370 633 434 683 aqua
447 632 503 669 cum
523 619 615 668 ambitu
637 618 762 668 currabili.
795 621 830 668 Ex
844 632 892 681 quo
906 620 1061 682 perspicuum
1107 622 1197 684 vident,
1205 635 1260 673 eum
1273 623 1336 674 idem
1343 625 1378 674 sol
1389 626 1418 674 ad
1428 627 1492 676 hunc
1502 640 1528 677 ee
1537 627 1678 690 applicuerit
1686 629 1814 693 circulum,
1823 647 1897 696 pares

275 716 321 770 est,
331 707 448 758 marinam
460 721 566 771 quoque,
576 711 602 757 et
613 708 687 756 totius
698 718 769 770 aquae
778 706 928 769 superliciem
938 707 1061 769 globosam
1108 710 1179 759 horas
1190 711 1237 760 diei
1251 715 1379 776 noctisque
1391 714 1497 764 metitur.

275 808 342 855 esse,
358 794 478 856 siquidem
500 807 549 844 una
568 794 701 856 eademque
719 794 751 843 sit
768 794 831 844 ratio
854 794 1019 844 universitatis
1038 800 1061 846 et
1139 799 1212 849 bxv.
1232 801 1372 851 lnterbunc
1384 815 1456 865 porro
1471 805 1495 852 et
1513 805 1607 854 arctoos
1621 803 1667 855 hac
1679 807 1753 870 atque
1773 808 1828 858 illae
1844 810 1897 860 duo

276 884 390 948 partium.
1107 885 1200 948 tropici,
1211 888 1313 937 aestivus
1326 892 1351 940 et
1362 889 1477 941 brumalis
1488 909 1494 941 :
1508 890 1547 940 hie
1558 905 1573 942 e
1583 892 1680 954 regione
1695 897 1788 955 nostra,
1797 897 1897 948 vicinus

306 973 380 1022 billi.
398 971 470 1028 Quod
489 971 510 1020 si
534 971 589 1034 quis
605 972 635 1021 ad
656 972 782 1021 cacumina
804 971 922 1020 montium
938 972 1060 1034 prolixita·
1105 974 1220 1036 aquiloni,
1231 976 1329 1026 aestivus
1340 995 1346 1026 a
1358 977 1483 1040 brumalis,
1494 981 1577 1028 austro
1587 981 1744 1043 pmpioquus.
1780 987 1896 1047 Perquos

275 1063 387 1122 temque,
397 1063 422 1130 et
432 1071 547 1109 manum
559 1059 712 1122 asperitatem
725 1059 868 1122 dispiciens,
878 1059 983 1109 similem
997 1058 1061 1109 dicet
1106 1060 1217 1124 obliquus
1230 1068 1345 1114 curvatur
1361 1065 1468 1128 signiter,
1480 1071 1505 1117 et
1520 1067 1572 1128 ipse
1582 1069 1701 1118 maximus
1715 1071 1822 1122 circulus
1835 1087 1895 1124 con-

274 1146 728 1210 asseadtornumiaenigataepilae,nen
742 1147 897 1197 recteseniit.
930 1148 1059 1198 ltoneuim
1108 1149 1199 1213 lingens
1214 1152 1321 1217 tropicos
1335 1153 1435 1216 singuiis
1454 1143 1536 1217 signis,
1549 1156 1662 1206 aestivum
1681 1158 1778 1220 quidem
1789 1173 1895 1224 cancro,

275 1245 321 1282 nos
331 1234 420 1284 terram
433 1231 597 1294 globumcase
611 1231 726 1293 dicimus,
741 1232 784 1282 sed
797 1233 920 1295 globosam
935 1254 942 1283 ι
956 1247 1001 1284 nee
1019 1235 1056 1297 pi·
1105 1236 1240 1288 brumalem
1263 1246 1343 1291 antem
1366 1243 1515 1303 capricorno.
1549 1244 1666 1307 idemque
1687 1246 1841 1308 aequidiaiem
1856 1250 1895 1302 bis

274 1321 323 1372 iam
333 1358 341 1383 ,
353 1322 394 1372 sed
409 1320 513 1370 similem
535 1319 598 1382 pilae.
612 1322 685 1371 certe
697 1320 772 1370 totius
785 1323 856 1371 terre
867 1321 1058 1384 magnitudinem
1105 1327 1172 1374 secat
1184 1325 1318 1390 circulum,
1332 1330 1356 1379 et
1368 1329 1420 1392 ipse
1432 1329 1462 1379 ab
1477 1343 1506 1380 eo
1519 1337 1614 1381 secatur
1629 1333 1700 1382 toties
1714 1346 1758 1396 per
1773 1335 1854 1387 chelas
1867 1345 1895 1388 et

274 1409 357 1459 animo
371 1407 544 1462 rationabiliter
563 1408 735 1471 concipientes,
751 1409 876 1460 veritatem
896 1423 945 1460 non
964 1411 1019 1460 visu
1033 1413 1058 1461 et
1106 1413 1221 1477 arielem,
1241 1416 1287 1466 suh
1303 1430 1376 1479 quem
1392 1415 1450 1468 luna
1461 1421 1486 1468 et
1497 1417 1532 1468 sol
1547 1420 1665 1480 luuntur,
1676 1421 1799 1485 ceterique
1816 1425 1892 1487 ignes,

274 1498 386 1549 sensibus
400 1495 588 1559 investigamus,
602 1497 645 1547 sed
665 1497 697 1546 ad
717 1497 830 1561 rationis,
852 1499 1060 1562 intelligentiaque
1105 1503 1146 1564 qni
1166 1506 1282 1554 vocantur
1296 1505 1409 1565 aliusne<
1425 1525 1431 1557 ν
1450 1506 1570 1568 Phanou,
1592 1507 1706 1572 idemque
1723 1485 1854 1574 Satumnsq
1866 1521 1893 1564 ei

275 1586 381 1638 mnemia
397 1589 478 1650 potins
493 1587 696 1639 examinationem
712 1587 864 1638 deducimus.
1107 1589 1241 1655 Phaethon,
1253 1593 1334 1656 'ioris;
1345 1596 1430 1658 Pyrois
1440 1608 1535 1658 quoqne
1546 1595 1631 1646 Martis
1644 1611 1651 1646 ι
1664 1597 1723 1647 item
1737 1599 1832 1650 Lucifer
1842 1605 1893 1652 lie·

306 1677 391 1726 ldllll.
408 1675 609 1738 nunciumque
623 1677 694 1737 pacto
710 1675 814 1724 mediam
826 1676 910 1725 mundi
922 1675 1004 1726 sedem
1018 1676 1060 1726 ob·

275 1764 360 1824 tinent,
375 1761 576 1812 considerabitur.
609 1762 739 1824 opinor,si
754 1764 833 1812 media
843 1776 894 1813 non
904 1766 951 1825 est,
960 1768 1059 1828 atqnea

275 1851 411 1902 medietatis
432 1850 511 1913 vigore
531 1848 710 1917 dedesit„nen
725 1862 754 1899 ex
768 1851 844 1911 omui,
858 1853 883 1900 et
902 1864 934 1900 ex
953 1851 1060 1914 qualibet

275 1938 312 1986 sni
327 1939 404 1999 parte,
418 1936 595 1986 dimidietatem
610 1937 665 1986 culi
678 1949 750 2000 supra
761 1951 796 1999 se,
808 1936 982 1988 dimidietatem
1002 1953 1059 1990 vero

274 2026 372 2074 alteram
386 2024 448 2074 inira
458 2039 485 2074 se
498 2025 612 2074 habebit:
626 2037 672 2074 nee
683 2025 757 2075 lineas
770 2030 894 2088 perseam
906 2040 938 2076 ex
950 2027 1059 2090 qualibet

274 2118 331 2165 uota
340 2119 365 2164 et
374 2127 451 2177 usque
460 2115 490 2164 ad
500 2118 637 2164 extremum
649 2114 769 2162 ambitum
778 2114 862 2163 mundi
873 2117 1056 2177 pervenientes,

273 2203 379 2266 equales
400 2203 504 2252 invicem
524 2204 549 2251 et
568 2201 670 2263 aequalia
690 2205 768 2265 spatia
788 2201 907 2252 linearum
927 2215 975 2252 non
988 2215 1058 2264 esse,

274 2288 357 2340 nullus
369 2289 448 2340 docet.
481 2291 582 2340 Minime
592 2302 651 2352 ergo
665 2302 680 2338 a
692 2289 821 2339 medietate
839 2288 954 2339 deilectit.
986 2289 1059 2345 Quod

274 2391 344 2440 reru,
360 2389 416 2428 curn
435 2377 594 2440 amplitudine
618 2377 740 2426 uuirersee
762 2376 797 2426 roi
821 2378 971 2438 comparata,
993 2381 1059 2427 notae

273 2465 381 2516 obtineat
389 2465 499 2529 modum,
508 2466 643 2515 ‹leclaratur
655 2465 707 2514 acie
718 2469 867 2522 ruariorum,
878 2465 921 2526 qui
940 2466 1059 2527 γνώμονες

272 2555 421 2618 appeihninr
431 2554 620 2616 amechsnlcis,
632 2554 662 2602 ad
674 2553 807 2602 ludendam
824 2552 917 2602 solariis
929 2554 1054 2616 umbram,

274 2656 323 2706 qna
335 2641 489 2692 declarantur
502 2643 577 2692 burm.
610 2641 706 2703 Quippe
717 2641 851 2690 mechanici
862 2639 985 2702 horologia
993 2643 1058 2692 iusti·

272 2733 379 2793 toeniae,
397 2744 440 2792 per
459 2743 546 2780 omncs
568 2729 720 2793 provincias,
735 2741 867 2791 omnesque
887 2729 961 2778 etiam
978 2729 1059 2793 plagas

272 2818 542 2879 habitabiles,sumunt
561 2817 608 2867 sibi
633 2816 771 2879 promiscue
791 2819 864 2879 atque
886 2817 1058 2880 indifferenter,

272 2908 359 2957 trorum
373 2906 481 2969 ipsorum
492 2918 640 2969 gnomonum
653 2918 781 2956 mucrones
794 2917 837 2968 pro
849 2909 951 2968 puncto,
963 2910 989 2956 ei
1006 2919 1057 2956 me·

271 2998 368 3060 dietate,
382 2996 515 3047 solstitialis
527 2997 585 3060 pilus
599 3016 606 3046 ι
621 3010 667 3047 nec
680 3004 771 3048 errant.
804 3002 881 3060 Ergo,
900 3001 921 3047 si
941 3004 978 3048 est
999 3012 1056 3061 uua,

274 3096 330 3133 vera
348 3086 373 3133 et
394 3086 468 3145 certa,
486 3083 603 3134 medietas
623 3084 757 3133 solstitialis
768 3084 839 3147 pilae,
858 3098 943 3135 omnes
973 3088 1056 3136 antem

272 3174 337 3222 uotae
351 3172 424 3234 atque
436 3173 518 3222 omnia
532 3177 620 3233 puncta
633 3172 742 3223 exomni
765 3175 862 3235 regione
877 3177 998 3224 terrarum
1016 3188 1056 3223 as-

271 3260 405 3322 sequuntur
416 3272 497 3309 reram
507 3262 578 3310 hum
589 3260 647 3309 solia
662 3260 831 3311 medietatem:
847 3262 998 3323 perspicuum
1010 3266 1056 3323 est,

270 3348 335 3411 quod
356 3348 436 3398 omnis
459 3350 522 3398 terra
538 3349 620 3411 puncti
642 3348 721 3399 vicem
736 3346 837 3412 habeat,
852 3347 981 3399 adversum
1000 3350 1057 3398 solis

270 3438 370 3501 globum
383 3440 529 3501 comparata.
561 3438 609 3489 Sed
621 3438 651 3489 de
664 3439 742 3489 torma
754 3438 853 3501 quidem
866 3439 940 3489 totius
954 3439 1054 3499 mnndi,

270 3532 295 3578 n
307 3528 381 3578 enan
395 3510 539 3588 nimum
554 3527 659 3591 ampliu
672 3528 704 3577 oe
717 3526 825 3591 nonan
838 3528 915 3578 mou
927 3528 1055 3590 positione,

270 3617 452 3680 comparatione
460 3628 558 3679 quoque
564 3612 694 3666 adveisum
703 3616 810 3667 universi
819 3616 1057 3679 corperiaimmeusi-

272 3708 362 3768 tatem,
372 3705 600 3755 hactenusdicinm.

1105 1677 1178 1737 ueris,
1188 1681 1230 1741 qui
1242 1680 1290 1731 ahu
1303 1695 1402 1746 quoque
1416 1691 1527 1734 censetur
1536 1684 1637 1746 liesperi
1651 1684 1748 1736 nouaiue
1759 1706 1765 1736 :
1775 1693 1893 1750 praeterea

1108 1765 1212 1830 Stilbon,
1226 1771 1368 1821 Mercuriale
1381 1772 1456 1821 eidus.
1489 1772 1583 1822 Dicitur
1596 1771 1667 1822 elium
1682 1773 1785 1825 circulos
1800 1776 1893 1836 dualis,

1104 1869 1178 1918 quem
1191 1858 1272 1908 noster
1285 1859 1352 1908 visus
1374 1860 1529 1922 imaginatur,
1546 1861 1629 1924 opttus
1640 1863 1727 1912 Graeco
1739 1864 1850 1929 nonvine,
1862 1866 1894 1915 li-

1105 1947 1193 1995 mitans
1213 1947 1343 2011 mundum,
1363 1947 1521 2012 dividensque
1541 1951 1565 1998 in
1580 1950 1642 2000 duas
1662 1954 1742 2014 parles
1758 1953 1827 2016 juxta
1846 1955 1893 2003 ho·

1105 2033 1198 2083 minum
1212 2035 1304 2096 visum,
1324 2036 1421 2097 qnando
1438 2036 1532 2098 objectu
1557 2044 1641 2101 terrae,
1667 2041 1746 2090 sulum
1767 2043 1790 2091 id
1814 2042 1894 2092 hemi-

1105 2121 1246 2184 sphaerium,
1262 2123 1326 2185 quod
1339 2137 1442 2186 superne
1456 2125 1535 2185 tuerit,
1547 2125 1658 2176 ridetur:
1674 2127 1776 2178 alterum
1795 2129 1893 2179 iuterim

1108 2212 1164 2260 laist
1177 2211 1223 2261 sub
1234 2213 1332 2262 australi
1346 2215 1411 2275 polo,
1424 2227 1496 2276 quern
1510 2221 1537 2264 ut
1549 2217 1664 2277 aitpoeta
1679 2235 1685 2265 r

1158 2345 1205 2389 Sub
1214 2345 1310 2402 pedihus
1319 2345 1377 2401 Styx
1387 2351 1440 2390 atra
1451 2347 1513 2391 uidet
1522 2359 1646 2404 monesque
1653 2349 1774 2405 profundi.

1104 2463 1205 2524 llagnus
1216 2465 1240 2512 et
1250 2462 1300 2525 ipse
1310 2464 1335 2512 et
1349 2463 1478 2524 maximus,
1492 2476 1579 2514 secans
1590 2465 1686 2526 gemina
1700 2466 1803 2516 nodone
1816 2468 1894 2529 equi-

1103 2549 1191 2600 dialem
1204 2553 1276 2612 atque
1288 2550 1426 2601 Zodiaouru.
1461 2551 1528 2603 Unde
1543 2552 1580 2614 lvi,
1591 2559 1617 2602 ut
1635 2553 1759 2616 signorum
1772 2555 1894 2606 diametro

1104 2650 1156 2688 ase
1167 2637 1311 2688 distantium
1320 2641 1422 2688 alterum
1434 2639 1530 2702 quidem
1544 2640 1568 2690 in
1581 2646 1645 2702 ortu,
1658 2641 1760 2692 alterum
1776 2647 1893 2708 appareat

1104 2725 1129 2775 in
1138 2739 1234 2774 occasu.
1250 2729 1255 2736 '
1268 2729 1340 2776 lione
1349 2725 1430 2776 arsiam
1439 2727 1518 2791 ipsum
1531 2729 1638 2778 bilariam
1649 2727 1737 2780 dividit
1747 2732 1891 2795 meridialis,

1104 2814 1147 2876 qui
1158 2815 1317 2878 pannusque<
1330 2815 1426 2877 dieitur,
1439 2819 1561 2866 maximus
1575 2817 1614 2866 hie
1632 2830 1729 2881 quoque
1742 2832 1784 2880 per
1802 2819 1893 2870 ambos

1106 2909 1220 2953 cvvvratus
1231 2904 1309 2967 polos.
1342 2904 1389 2954 Sed
1400 2906 1442 2968 qni
1454 2909 1535 2955 reclus
1547 2905 1685 2970 intelligitur
1699 2905 1815 2958 adversus
1827 2909 1890 2956 irua-
1940 2964 1942 2969 ⁸

1104 2992 1150 3041 lem
1164 3007 1238 3055 quem
1260 2996 1337 3055 urget,
1356 2994 1486 3045 meridialis
1504 2996 1648 3059 appellatur,
1672 2996 1730 3059 quia
1750 2995 1828 3046 medic
1848 2996 1893 3047 die

1105 3095 1146 3143 per
1162 3094 1217 3130 eum
1237 3082 1281 3141 sol,
1295 3083 1390 3131 excelso
1412 3084 1503 3132 itineris
1521 3084 1615 3144 elatior,
1637 3088 1725 3133 terram
1740 3084 1828 3134 directo
1846 3083 1891 3133 de·

1103 3169 1173 3231 spicit
1185 3151 1251 3218 nutu.
1262 3168 1334 3232 [Vide
1345 3169 1444 3231 liguram
1457 3174 1500 3230 vl,
1510 3171 1535 3219 iu
1548 3172 1594 3221 tine
1606 3172 1757 3235 voluminis]

1133 3260 1216 3307 Lllvl.
1232 3257 1278 3307 Sed
1289 3257 1423 3318 mquidialis
1437 3258 1534 3319 quidem
1546 3263 1571 3309 ct
1581 3259 1623 3319 qui
1636 3260 1710 3309 latera
1721 3260 1776 3321 ejns
1788 3260 1891 3311 circum·

1100 3347 1188 3394 sistunt
1206 3346 1256 3393 tam
1270 3344 1443 3405 magnitudine,
1456 3357 1529 3407 quem
1543 3346 1673 3407 positione,
1689 3349 1731 3397 hai
1753 3350 1889 3399 confirma-

1102 3432 1176 3493 tique.
1209 3430 1326 3481 zodiacus
1348 3437 1446 3493 antem,
1468 3432 1631 3494 magnitudine
1653 3434 1750 3495 quidem
1768 3435 1851 3499 fixus,
1864 3440 1892 3488 et

1102 3520 1170 3569 hrmo
1185 3518 1296 3580 omeliae,
1315 3519 1432 3581 positione
1445 3520 1519 3570 eiiam
1532 3520 1601 3581 junia
1617 3519 1705 3569 coelum
1726 3524 1776 3570 raia
1797 3523 1891 3584 :juxta

1101 3620 1146 3658 nos
1165 3609 1247 3658 tamen
1268 3607 1451 3671 praeponderat,
1468 3621 1512 3671 pro
1531 3607 1672 3671 obliquitate
1693 3610 1888 3673 varienutans,

1101 3695 1217 3758 aliterque
1230 3695 1308 3756 nobis,
1321 3700 1396 3757 atque
1406 3696 1475 3746 nitier
1486 3696 1605 3747 insistens.
1641 3697 1770 3747 hierldialis
1779 3712 1888 3761 qnoque,

302 3794 387 3843 mv.
404 3792 452 3843 sed
473 3793 538 3843 euim
555 3793 637 3843 omitia
656 3793 874 3856 aphoemvertmia
895 3794 973 3843 mmet
989 3793 1054 3842 circs
1101 3782 1202 3847 etitem
1224 3784 1313 3844 sinaiis,
1327 3783 1393 3847 quod
1407 3785 1438 3833 ad
1458 3783 1648 3846 magnitudinem
1669 3787 1769 3846 spectat,
1786 3786 1887 3848 vigorati

272 3884 511 3944 iivos,etmanentee
518 3884 705 3948 comperpetus,
714 3884 1052 3947 mutinnantemqueeosdem
1101 3876 1173 3933 ⁸¹¹¹¹¹2
1194 3872 1284 3936 quippe
1298 3872 1412 3933 mulmis
1427 3874 1468 3922 ⁸0⁶
1485 3872 1603 3935 908515000
1617 3875 1705 3922 ”⁰¹⁸¹st
1726 3887 1767 3935 W
1777 3873 1887 3923 ditem

271 3971 340 4035 polus
361 3984 442 4033 asem,
457 3972 497 4022 cui
516 3971 624 4021 adhaeret
641 3972 721 4021 medio
736 3973 814 4023 media
832 3974 913 4032 tetus,
925 3974 1057 4023 ruminatur
1100 3966 1171 4013 terrae
1186 3964 1282 4027 plagas,
1297 3962 1334 4011 his
1354 3969 1378 4011 et
1393 3962 1449 4012 item
1463 3964 1524 4025 aliis,
1544 3976 1570 4013 se
1585 3963 1741 4026 applicantes.
1774 3967 1806 4015 At
1824 3978 1884 4015 vero

272 4059 411 4123 ,effigium
432 4058 537 4110 coetggfig
554 4061 656 4122 ,pm
675 4061 797 4111 ,pequam
811 4062 920 4111 mnium
933 4062 1055 4123 popurus,
1101 4051 1253 4113 vicinipoiia,
1266 4051 1290 4099 id
1302 4054 1339 4100 esi
1352 4050 1553 4113 septentrionalis,
1568 4054 1593 4101 et
1605 4051 1882 4115 hnicdiversue,aniar-

270 4152 295 4198 et
305 4148 441 4211 promiscue
459 4147 526 4209 sigua
538 4146 659 4208 coelastia,
669 4147 734 4210 gyris
748 4147 900 4209 aequabiliter
912 4160 943 4197 ex
959 4147 1055 4210 propria
1101 4140 1281 4201 ctieus,.neqoe
1293 4138 1465 4201 magnitudine,
1476 4151 1554 4201 neque
1569 4140 1696 4202 positione,
1709 4140 1801 4191 solidati
1812 4143 1883 4205 sunt;

270 4239 430 4290 conversione
458 4238 602 4289 distantibus
629 4238 783 4302 depingentia
811 4240 914 4289 circutos
940 4238 1056 4289 adversos
1100 4225 1886 4290 8θῦ1)Γο(Ῑῑῐῐθῐθῦἵῑθῐθὸῑῡῦΰῐῦνἃῆῦὓθῡῑδῐῐθθνῐῑθῐῦῆῦθθΰὸῑῐθ·

272 4330 346 4390 atque
365 4328 452 4378 obvios
471 4327 525 4387 axi,
546 4340 650 4390 quorum
670 4327 802 4377 multitudo
825 4327 901 4377 vincit
919 4326 1055 4377 dinumera·
1100 4318 1137 4377 lis,
1149 4316 1212 4380 apud
1227 4315 1346 4379 quosdam
1361 4316 1472 4379 maiores,
1483 4317 1546 4380 apud
1559 4318 1620 4367 alios
1633 4318 1737 4368 minores
1749 4321 1882 4381 putantur:

271 4418 370 4468 tionem.
403 4416 478 4466 Pauci
490 4416 571 4465 tamen
592 4414 668 4467 nobiti
687 4415 795 4467 celebres
815 4414 1056 4478 appetiauongqnos
1100 4409 1183 4457 curitra
1195 4404 1356 4455 meditullium
1368 4404 1450 4455 tamen
1461 4406 1547 4463 terrae,
1561 4406 1602 4456 ubi
1613 4406 1659 4455 sub
1672 4405 1822 4468 mquidialem
1838 4406 1883 4455 cir·

271 4504 406 4555 acirentila
421 4508 473 4565 est,
492 4503 522 4551 ad
544 4503 710 4566 spectaculum
728 4502 832 4553 cuiatis
852 4504 956 4553 oboram,
989 4504 1056 4553 Unus
1100 4495 1181 4545 culum
1197 4506 1256 4543 zona
1271 4506 1298 4543 se
1319 4493 1433 4556 porrigit,
1451 4496 1538 4546 exusta
1554 4493 1640 4541 ardore
1663 4492 1807 4552 flammanti,
1828 4506 1883 4555 pro·

272 4594 314 4656 qul
326 4592 421 4644 excelso
441 4592 586 4654 cognitoque
601 4591 670 4641 nohis
689 4593 715 4641 et
734 4592 863 4655 perspicuo
881 4592 937 4654 polo
961 4590 1056 4641 vicinus
1101 4587 1229 4647 ptereaque
1241 4579 1403 4631 inhabitabilis
1419 4584 1456 4630 est
1472 4600 1478 4629 ι
1495 4580 1602 4642 utrisque
1615 4580 1677 4643 polis
1687 4580 1735 4629 iilic
1746 4579 1883 4630 visibilibus

271 4684 322 4744 est,
335 4680 528 4744 septentrionalia
539 4678 675 4743 appellatur
686 4678 719 4728 oh
737 4679 905 4728 constellatum
922 4676 969 4727 sibi
987 4674 1056 4725 sidus
1100 4678 1126 4725 et
1148 4672 1296 4736 perspicuis,
1314 4682 1355 4733 per
1376 4682 1437 4731 quos
1450 4668 1520 4719 limes
1534 4669 1554 4717 ii
1574 4672 1652 4733 partes
1669 4666 1753 4717 mundi
1766 4667 1880 4719 detevnvi·

271 4770 449 4833 septentrionis.
482 4769 547 4820 Alter
571 4769 695 4832 adversus,
715 4765 814 4829 oequaiis
829 4766 885 4815 huie
904 4764 975 4827 justa
997 4762 1055 4813 suh·
1102 4776 1173 4812 naus.
1244 4800 1246 4805 .

271 4870 380 4908 mersum
402 4858 567 4920 latentemque
587 4868 683 4921 semper
697 4855 852 4920 potaminae
873 4854 947 4905 etiam
969 4854 1055 4913 latens,
1133 4851 1226 4901 [ΜΠ.
1238 4845 1536 4907 Etiamliludaddendum,
1550 4844 1765 4909 ceterosoirculos,
1778 4844 1882 4907 idipsum

271 4948 426 4996 antamticus.
458 4946 554 4997 Medius
570 4950 595 4996 et
610 4945 733 4995 maximus
753 4942 872 5004 omnium,
887 4943 924 4992 bla
944 4940 1056 4991 dividens
1100 4948 1168 4997 eise,
1183 4932 1560 4997 circulos,lnxtadetinitionem,
1577 4945 1633 4995 quae
1651 4932 1723 4983 docet
1739 4948 1746 4981 :
1765 4932 1882 4981 circulum

271 5034 554 5098 sphaeramenquidialis,
564 5004 775 5098 queuiaqpspviv
785 5030 916 5094 appellant,
929 5034 1056 5092 propterea
1100 5038 1152 5076 esse
1165 5023 1261 5088 planans
1275 5023 1385 5086 liguram,
1400 5034 1473 5085 qnam
1487 5036 1535 5071 uua
1546 5021 1607 5071 linea
1624 5020 1789 5071 circumducta
1806 5022 1882 5069 conii·

272 5122 338 5181 quod
351 5122 521 5183 subjectissibl
533 5123 672 5184 regionibus
685 5126 757 5172 terra
772 5122 954 5170 nociesomuos
968 5116 1056 5167 diebus
1100 5117 1163 5165 nui.
1195 5110 1511 5177 itaqueslngnlmsingulis
1527 5109 1595 5160 lineis
1613 5108 1785 5160 circumductis
1802 5108 1879 5157 conti-

272 5208 385 5258 omnibus
393 5208 758 5271 aqualeseahibetznihiioque
770 5206 1055 5270 minusinaiiiaqnnque
1100 5202 1160 5253 neri.
1193 5202 1336 5266 signiferum
1355 5212 1413 5251 vero
1434 5212 1465 5250 ex
1490 5199 1573 5250 multis
1592 5201 1710 5259 constare,
1733 5198 1757 5245 in
1777 5194 1881 5259 speciem
