3959 5925
243 398 298 449 ιιι
619 337 621 345 ’
843 366 1048 441 soenpnn
1071 361 1211 423 cauci.

237 535 299 581 τιον,
314 507 372 568 ούττ
384 505 503 566 ἐνοπλίου
514 501 636 583 Ἔριδος,
653 498 712 559 οὔτε
726 496 866 579 φιλοκάλου
885 496 1008 575 Εἰρήνης·
1056 518 1084 551 τε
1103 501 1157 558 τοῖς
1180 493 1281 557 διπλοῖς
1299 490 1474 565 ὀνόμασιν...
1493 491 1529 553 ὡς
1555 486 1668 566 Γοργίας
1692 489 1831 566 ὠνόμαζε,

239 596 328 673 σεμνοί
346 594 392 672 μὲν
415 596 450 658 είς
470 589 529 656 τοὺς
544 581 614 656 θεοὺς
634 590 672 667 τῷ
695 586 805 665 δικαίῳ,
820 584 884 641 ὅσιοι
904 584 930 641 δὲ
946 583 1010 662 πρὸς
1056 580 1243 659 πτωχύμουσος
1255 580 1334 650 κτλ.)

238 684 296 749 τούς
310 682 399 747 τοκέας
413 685 446 757 τῇ
458 677 597 756 θεραπείᾳ,
609 676 703 733 δίκαιοι
717 673 780 752 πρὸς
795 669 853 735 τοὺς
864 670 955 735 ἀστοὺς
974 673 1011 747 τῷ
1096 690 1119 729 s.
1135 667 1233 747 Xltupdt
1250 668 1296 725 καί
1312 665 1415 741 ἄναιμα
1434 664 1467 721 τά
1482 663 1638 741 πράγματα·
1661 662 1692 722 σθ
1707 664 1735 723 δὲ
1748 669 1834 722 ταῦτα

238 772 298 843 loto,
310 768 421 833 εύοεύεῖς
436 765 463 823 δὲ
474 765 538 843 πρὸς
547 764 605 829 τοὺς
616 762 703 843 φίλους
715 765 746 838 τῇ
757 758 853 819 πίστει.
866 761 1011 834 ’Τοιγαροῦν
1058 759 1174 835 αἰσχρῶς
1194 753 1241 832 μὲν
1254 754 1389 831 ἔσπειρας,
1401 756 1488 819 κακῶς
1503 751 1530 810 δὲ
1547 750 1672 830 ἐθίρισας.

239 832 323 917 etius
339 853 542 915 άποθανόντωνθ
555 849 632 916 πάθος
645 851 674 908 οὐ
685 846 934 917 συναπέθανεν,σἰλλ’
948 844 1010 901 ἀθά·
1099 845 1110 921 (
1125 840 1441 913 Δι’ἰεῑοίεΙεεΙλΙττῑᾸΙΙ,
1455 840 1833 917 3,pag.14060d.llekker.:

238 967 312 1011 νατος
333 946 380 1001 οὐκ
394 940 543 1015 ἀσωμάτοις
561 938 665 1015 σώμασι
679 934 691 971 ‘¹
706 938 737 1012 ζῇ
756 936 785 993 οὐ
802 932 911 1001 ζώντων.
928 959 941 984 ι
958 934 1011 991 Σε-
1058 931 1102 991 καὶ
1110 931 1147 988 ἔτι
1154 929 1275 1007 τέταρτον
1285 928 1316 987 τὸ
1327 927 1428 1008 ψυχρὸν
1440 929 1466 985 ἐν
1473 931 1531 993 ταῖς
1539 930 1698 1005 μεταφοραῖς
1705 927 1832 1005 γίγνεται·

241 1033 306 1110 μνὰς
318 1029 368 1110 γάρ
383 1032 493 1089 ἐνταῦθα
514 1025 683 1107 συμφορήσας
700 1023 805 1089 λέξειςὸ
822 1022 952 1101 Γοργίας,
970 1026 1010 1080 ἐν-
1063 1017 1219 1094 εἰσίγᾶρκαὶ
1231 1016 1376 1092 μεταφοραί
1391 1017 1525 1090 ἀπρεπτῖς,
1537 1014 1565 1070 αἱ
1575 1011 1674 1087 μίνδιὰ
1687 1011 1716 1069 τὸ
1731 1016 1832 1088 γελοῖον

239 1121 309 1186 νοίας
330 1116 544 1196 ἐπιπολαιοτέρας
562 1110 763 1189 ίιπεξαγγέλλιι,
782 1116 835 1173 τοῖς
849 1132 878 1164 τε
893 1108 1014 1184 σαρίσαις
1060 1104 1188 1182 (χρῶνται
1204 1100 1311 1179 γάρκαὶ
1330 1100 1354 1157 οἱ
1370 1096 1551 1178 κωμῳδοποιοὶ
1566 1097 1754 1178 μεταφοραῑςλ,
1766 1102 1793 1156 αἱ
1805 1098 1833 1157 δὲ

168 1196 172 1203 ¹
241 1209 285 1267 καὶ
301 1203 503 1269 δαυιοτελεύτοις
526 1201 571 1258 καί
597 1195 828 1275 δμοιοκατάρκτοις
842 1194 1014 1261 καλλωπίζων
1059 1191 1102 1247 διὰ
1117 1190 1145 1246 τὸ
1156 1188 1249 1263 σεμνὸν
1260 1188 1325 1265 άγαν
1340 1186 1385 1244 καὶ
1398 1186 1529 1265 τραγικόν·
1541 1185 1649 1265 ἀσαφεῖς
1663 1185 1706 1257 δέ,
1721 1185 1752 1242 ἄν
1771 1186 1836 1266 πύρ·

241 1293 274 1349 δι’
289 1262 349 1350 ὅλου
361 1291 426 1369 πρὸς
441 1289 516 1367 κόρον
531 1284 671 1363 τὸνλόγον.
1061 1282 1153 1337 θωθεν·
1169 1267 1220 1334 οἷον
1235 1274 1345 1354 Γοργίας
1358 1300 1370 1324 ι
1386 1272 1477 1351 χλωρά
1490 1272 1535 1330 καλ
1551 1273 1650 1346 ἄναιμα
1664 1276 1722 1331 κτλ.
1733 1301 1745 1324 ι
1756 1296 1834 1345 ποιη-

282 1379 393 1455 (Schol.
409 1378 445 1435 ad
459 1376 593 1449 llermog.
610 1374 652 1429 lle
668 1371 751 1431 ίοτιιι.
769 1382 843 1430 orat.
862 1369 962 1440 libros,
979 1391 1015 1427 ex
1059 1363 1192 1441 τικῶςγάρ
1200 1362 1276 1440 ἄγαν.
1286 1360 1514 1420 SimiliterPlato
1522 1360 1675 1439 Phaedr.p.
1686 1360 1835 1419 afiozuoidv

245 1468 362 1526 funebri
377 1466 520 1524 oratione.
534 1462 577 1521 Cl.
594 1458 742 1537 Spengelii
755 1458 899 1535 Συναγωγὴ
916 1462 1014 1537 τεχνῶν
1060 1476 1116 1510 τινα
1129 1456 1176 1510 olet
1191 1448 1257 1528 perd
1267 1454 1351 1508 ταῦτα
1362 1448 1408 1519 τὴν
1423 1448 1560 1527 ῥητορικὴν
1576 1449 1689 1527 καρπόν,
1701 1439 1737 1506 ὧν
1750 1448 1839 1508 ἔσπει-

242 1568 272 1625 μ.
289 1558 335 1607 8ο.
348 1545 457 1622 Scripsi
471 1562 534 1601 cum
548 1540 645 1597 Fossio
661 1558 667 1592 :
682 1536 808 1615 οπαριὲη
818 1538 907 1612 vulgo
917 1538 1012 1614 παρόν.
1061 1564 1104 1617 pe,
1117 1541 1238 1617 θερίζεινς
1253 1539 1288 1596 ad
1303 1557 1387 1615 quem
1404 1538 1498 1594 locum
1515 1537 1575 1595 baec
1590 1537 1714 1594 refertur
1730 1538 1835 1595 veteris

242 1631 304 1679 -l
320 1634 436 1707 μάλιστα
458 1623 495 1690 ὧν
510 1631 559 1700 δεῖ,
573 1626 679 1703 γνώμην
703 1626 747 1683 καὶ
773 1623 873 1704 ῥώμην,
896 1620 942 1693 τὴν
967 1623 1014 1699 μὲν
1065 1622 1233 1704 interpretis
1251 1626 1421 1685 annotatio:
1440 1622 1583 1701 aspritudo
1605 1621 1725 1700 ἔσπειρας
1739 1623 1836 1700 θέριζε,

244 1719 425 1799 βουλεύοντες;
439 1718 526 1792 vttlgo
542 1716 656 1790 μάλιστα
675 1704 710 1769 ὧν
725 1712 756 1781 δὴ
770 1711 889 1787 γνώμην,
905 1710 952 1779 τὴν
967 1710 1014 1786 μὲν
1064 1715 1107 1771 ἐπὶ
1121 1717 1172 1771 τῶν
1185 1716 1294 1769 τοιαῦτα
1310 1709 1480 1789 πασχόντων,
1491 1700 1534 1767 οἶα
1548 1710 1674 1789 ἔδρασαν.
1696 1712 1837 1788 Παρῆκται

245 1807 417 1886 βουλεύοντες.
433 1838 474 1848 -
493 1803 650 1880 οο’το’ργητσι;
669 1799 757 1873 vulgo
782 1797 905 1877 ἀύρτιτοι.
927 1796 1017 1855 Caete-
1066 1802 1092 1860 δὲ
1110 1800 1162 1860 ἀπὸ
1181 1805 1225 1858 τοῦ
1242 1800 1344 1877 στίχου·
1359 1802 1393 1857 Εἰ
1417 1798 1444 1857 δὲ
1459 1797 1530 1857 κακθι
1553 1797 1687 1876 σπείραις,
1710 1800 1778 1857 κακά
1793 1822 1838 1857 κεν

244 1916 308 1955 tum
329 1892 394 1939 —d
415 1888 628 1963 σύκάσωμάτοις
648 1885 754 1957 σώμασι
773 1886 793 1945 i.
818 1904 843 1944 e.
860 1904 1014 1961 corporum
1064 1890 1194 1967 ἀμήτοιο,
1207 1890 1252 1947 καὶ
1263 1889 1352 1945 πάλιν·
1363 1885 1415 1953 Ὃς
1426 1885 1454 1945 δὲ
1466 1884 1537 1944 xcxi
1553 1885 1760 1967 σπείρει,θεριεῖ
1769 1889 1838 1947 κακά

243 2004 301 2041 non
313 1984 553 2058 incorporeorum
565 1976 628 2033 sive
636 1972 857 2051 aspectabilium
870 1971 1016 2030 beneficio
1063 1978 1146 2049 κήδεα
1160 1976 1260 2034 παισίν.
1274 1974 1467 2046 Quamobrem
1485 1974 1616 2032 hermias
1632 1976 1664 2032 in
1679 1976 1834 2033 Commou-

243 2070 368 2143 Gorgias
397 2079 527 2124 mortuos
546 2064 649 2119 viuere
674 2060 811 2131 affirmat,
841 2078 875 2117 eo
899 2060 1018 2117 nomine
1065 2067 1181 2142 tariop.
1202 2064 1316 2123 182ed.
1334 2061 1723 2123 Αςτ.τὶῑ;καλτοῦτσδὲιἰπὸ
1741 2086 1837 2143 παροι-

244 2156 392 2233 appellans
412 2154 567 2212 simulacra
582 2146 767 2229 (ἀναθήματα)
787 2160 815 2203 et
829 2147 913 2220 signa
935 2164 952 2201 a
968 2147 1017 2203 ci·
1066 2154 1127 2229 μίας
1146 2153 1263 2228 εἴρηται,
1283 2149 1321 2208 ὅτι
1335 2155 1349 2208 ὁ
1363 2152 1433 2209 κακὰ
1446 2150 1559 2229 σπείρων
1570 2147 1642 2209 κακά
1654 2148 1776 2227 θερίζει.)

244 2242 331 2301 vibus
344 2246 380 2300 ad
398 2242 515 2300 illorum
530 2237 700 2295 memoriam
717 2233 873 2293 aeternitati
897 2252 1018 2310 aequan·
1106 2260 1140 2300 ιο,
1160 2239 1213 2299 Ἧι
1229 2240 1256 2297 δὲ
1271 2242 1334 2315 ἡμῖν
1357 2243 1381 2297 οἱ
1401 2240 1493 2304 παῖδας
1519 2246 1622 2316 μικραῖς
1645 2237 1728 2307 κύλιξι
1748 2241 1837 2299 πυκνὰ

246 2332 311 2387 dam
328 2328 450 2439 posita.)
968 2370 975 2383 .
1065 2330 1264 2407 ἕπιψεκάζωσιν,
1275 2326 1318 2383 ἵνα
1333 2325 1377 2383 καὶ
1387 2323 1439 2401 ἐγὼ
1450 2326 1591 2406 Γοργιείοις
1605 2325 1719 2407 ῥήμασιν
1730 2326 1839 2387 εἴπω...

285 2436 309 2474 ο.
344 2413 494 2481 titiensiu
509 2408 647 2485 εὐδαίμων.
1107 2413 1282 2490 (Xenophon
1296 2412 1421 2471 Conviv.
1437 2432 1500 2490 cap.
1514 2411 1554 2483 ll,
1572 2413 1619 2470 οδ.
1642 2413 1726 2471 Cous.
1748 2413 1839 2472 athe-

287 2501 474 2583 (dristoteles
487 2499 568 2557 Rhet-
585 2496 635 2555 lib·
651 2496 692 2555 ΙΙΙ
705 2516 765 2573 οομ·
782 2502 814 2561 ll
828 2516 893 2572 pag.
910 2494 1018 2565 ritib
1066 2522 1145 2560 naeus
1159 2501 1212 2560 lib.
1224 2501 1265 2560 XI
1278 2522 1307 2579 p.
1322 2503 1378 2568 504
1391 2514 1420 2558 et
1433 2500 1566 2559 Stobaeus
1577 2500 1676 2559 Floril.
1689 2499 1771 2577 xlx,
1790 2503 1837 2563 18.
1886 2491 1893 2512 ⁸

244 2591 290 2648 ed.
310 2590 438 2647 Belleia
461 2586 559 2645 τούτων
582 2582 609 2642 δὲ
631 2582 707 2641 ἕνεκα
723 2582 859 2659 προοομῖοο
880 2583 979 2651 isium,
1002 2582 1019 2653 θ
1066 2588 1172 2647 Eodem
1190 2589 1247 2647 lere
1263 2589 1349 2647 modo
1363 2590 1439 2647 dixit
1450 2590 1535 2647 etiam
1550 2588 1695 2647 Lucienus
1706 2589 1748 2647 De
1763 2609 1836 2647 mer·

247 2674 345 2751 κόσμου
357 2677 451 2755 χάριν,
462 2675 497 2739 ὡς
507 2669 692 2730 οὖτοκοίὸδοῑλο
707 2668 835 2747 Wlfflin,
849 2669 893 2727 ἐὰν
908 2670 944 2745 μὴ
957 2670 1017 2747 ἔχῃ·
1066 2676 1135 2739 cede
1151 2678 1237 2735 cond.
1253 2697 1318 2753 cap.
1336 2698 1371 2749 27
1388 2697 1395 2733 τ
1412 2678 1484 2755 αἰτιᾷ
1499 2674 1546 2745 τὴν
1567 2675 1669 2754 τύχην,
1691 2677 1745 2734 οὐδ’
1762 2676 1837 2754 ὀλίγα

246 2765 369 2829 Τοιοῦτον
384 2762 435 2839 γθιρ
449 2760 478 2819 τὸ
491 2762 601 2839 Γοργίου
616 2758 744 2833 eptitatos
760 2759 795 2823 οἷς
808 2755 935 2822 'Hithite'
947 2756 1021 2816 οὐδὲν
1068 2785 1107 2821 σοι
1119 2766 1170 2820 τῶν
1179 2762 1293 2843 χαρίτων
1307 2764 1514 2841 ἐπιψεκάσασαν.
1527 2764 1733 2841 Xenophontis
1744 2778 1837 2823 autent

247 2852 297 2929 γὰρ
315 2846 539 2928 apostatandum
553 2845 609 2905 otti
630 2844 839 2924 apostematus<
855 2843 927 2909 εὐθὺς
941 2842 1021 2922 ἄρχε·
1067 2850 1162 2908 locum
1185 2852 1326 2925 spectavit
1340 2851 1443 2909 Cicero
1466 2850 1527 2911 Cat.
1548 2850 1613 2926 maj.
1638 2870 1702 2929 cap.
1729 2861 1776 2924 τε,
1798 2854 1839 2913 ita

247 2955 302 2995 ται·
318 2928 396 3003 Ἦλις
408 2938 484 3007 κτλ.)
509 2967 511 2974 ·
1067 2937 1218 2996 scribens:
1239 2964 1251 2989 ι
1275 2936 1321 2996 lie
1339 2957 1410 2996 vero
1431 2951 1460 2997 et
1474 2938 1641 3013 magisteria
1658 2938 1800 2997 delectant
1821 2958 1839 2997 a

286 3046 311 3087 τ.
326 3022 507 3100 Ἀνεμίσγοντο
526 3018 553 3078 δὲ
572 3023 658 3086 λιταῖς
681 3019 788 3078 ἀπειλαὶ
807 3021 851 3078 καὶ
875 3022 964 3100 εὐχαῖς
983 3025 1021 3078 οἶ·
1069 3026 1230 3102 majoribus
1245 3027 1386 3091 instituta,
1401 3040 1430 3083 et
1441 3028 1467 3084 is
1481 3046 1578 3084 sermo
1592 3026 1643 3102 qui
1658 3045 1741 3083 more
1752 3027 1840 3102 majo·

247 3111 345 3188 μωγαί.
1067 3131 1132 3168 rum
1148 3131 1289 3170 asummo
1309 3111 1462 3169 adhibetur
1477 3112 1509 3169 in
1527 3113 1656 3189 poculis,
1677 3125 1706 3170 et
1722 3114 1836 3191 pocula,

285 3196 398 3276 (Schol.
414 3196 450 3254 ad
475 3195 560 3254 llum.
580 3193 666 3252 iliad.
682 3192 737 3252 lib.
758 3194 810 3262 lV,
829 3193 885 3260 450
899 3213 936 3251 ex
957 3195 1019 3264 illa,
1066 3199 1141 3255 sicut
1163 3200 1194 3255 in
1216 3199 1367 3274 symposio
1381 3197 1598 3275 Xenophontis,
1620 3206 1727 3254 minuta
1752 3212 1838 3276 atque

246 3297 278 3344 ut
294 3283 421 3354 uidetur,
432 3282 549 3358 Gorgiae
563 3282 695 3339 oratione
709 3301 766 3357 qua
784 3281 906 3339 Achillis
922 3283 1021 3341 laudes
1067 3292 1192 3340 rorantia
1210 3288 1254 3360 τι.)
1498 3273 1501 3280 ’

247 3370 395 3430 celebratae
410 3371 517 3442 erant.)
1107 3389 1142 3428 τι.
1166 3371 1305 3449 (Γοργίαν)
1330 3368 1357 3426 dv
1383 3392 1458 3449 φασιν
1487 3369 1651 3448 ἐρωτηθέντα
1671 3369 1718 3440 τὴν
1752 3370 1838 3429 αἰτίαν

286 3477 308 3516 a.
343 3455 537 3535 Πτωχύμουσος
560 3451 887 3533 καλαί-ἐπιορκήσαντος
907 3454 951 3512 καὶ
975 3477 1021 3511 κα·
1067 3460 1112 3511 τοῦ
1124 3461 1226 3533 μακροῦ
1238 3455 1323 3535 γήρως
1334 3456 1379 3513 καί
1397 3458 1508 3534 ὑγιεινοῦ
1520 3459 1547 3514 ἐν
1566 3457 1662 3522 πάσαις
1677 3457 1734 3523 ταῖς
1751 3459 1842 3529 αἰσθή-

246 3542 465 3624 τευορκήσαντας.
1068 3565 1139 3600 σεσιν
1152 3530 1241 3615 εἰπεῖν,
1258 3543 1301 3600 διὰ
1314 3543 1345 3601 τ“ο
1354 3543 1427 3602 οὐδὲν
1442 3543 1572 3620 μηδέποτε
1590 3547 1841 3624 συμπεριενεχθῆναι

288 3632 468 3706 (Aristoteles
483 3629 565 3687 llhet.
579 3628 633 3701 lll,
649 3629 745 3706 3pag.
762 3627 836 3696 14⁰5
849 3627 884 3685 ed
899 3628 1017 3686 Βελίαν.
1067 3639 1124 3695 ταῖς
1139 3632 1224 3688 ἄλλων
1239 3629 1368 3708 εὐωχίαις.
1529 3629 1535 3640 ’

247 3718 280 3777 τὰ
294 3719 321 3777 δὲ
335 3716 424 3797 ψυχρὰ
435 3717 461 3773 ἐν
475 3716 598 3794 τέτταρσι
616 3713 732 3793 γίγνεται
746 3713 816 3772 κατλ
828 3711 875 3786 vla
897 3713 977 3784 λέξιν,
991 3713 1018 3771 ἔν
1109 3717 1270 3793 (Lucienus
1290 3717 1427 3794 Longaev.
1448 3738 1512 3796 cap.
1530 3720 1578 3778 23.
1596 3717 1690 3776 Aliter
1706 3717 1840 3777 Valerius

251 4003 304 4041 rum
312 4002 392 4039 τετικιι
405 3991 432 4038 ui
446 3989 528 4038 darent
539 3988 682 4050 testimonia,
693 3987 757 4038 cives
771 3991 863 4050 tropaea
872 3989 902 4038 de
914 3989 1025 4038 hostibus
1071 3989 1174 4040 similem
1189 3993 1282 4041 exitum
1300 3992 1338 4040 vet
1350 3991 1430 4041 simile
1440 3991 1537 4041 initium
1548 3990 1694 4040 habentibus
1704 3990 1735 4039 ad
1748 3991 1845 4040 satieta-

251 4079 457 4142 posueruntque
469 4077 554 4138 partim
571 4076 640 4126 Jouis
652 4075 727 4137 sigua.
738 4076 824 4136 partim
841 4075 929 4126 horum
946 4077 1023 4126 simu·
1071 4076 1119 4125 iem
1135 4077 1233 4125 omniuo
1246 4077 1379 4126 orationem
1393 4078 1621 4139 distinguuntque
1634 4077 1765 4128 illustrans.

250 4166 316 4215 lacre
334 4167 428 4224 essent,
448 4176 496 4212 non
516 4167 624 4225 expertes
640 4161 675 4210 itti
692 4160 789 4223 quidem
812 4175 890 4224 neque
913 4163 978 4211 insiti
994 4163 1023 4212 ad
1101 4169 1126 4212 6.
1143 4162 1289 4212 Etiscivitas
1305 4163 1381 4213 beata.

251 4252 338 4301 bellum
349 4249 456 4310 ardoris,
469 4261 547 4310 neque
555 4249 714 4310 legitimorum
724 4261 842 4308 amorum,
855 4263 934 4312 neque
944 4251 1024 4312 proetii
1102 4254 1125 4299 7.
1141 4250 1341 4300 admiscebantur
1351 4256 1432 4301 suum
1443 4252 1658 4315 supplicationibus
1667 4253 1740 4302 minae
1750 4254 1776 4302 et
1787 4264 1842 4314 pre·

251 4339 353 4396 atrocis,
369 4349 447 4398 neque
458 4335 523 4398 pacis
536 4335 602 4384 omni
611 4334 728 4397 elegantia
741 4335 829 4396 tinctae,
845 4334 886 4385 sed
903 4337 1025 4388 venerabl-
1071 4337 1139 4385 cibus
1150 4337 1260 4398 ejulatus.

251 4427 285 4476 tes
296 4425 365 4487 justis
380 4422 513 4473 honoribus
530 4422 629 4472 deorum
645 4421 739 4472 numiui
749 4423 862 4484 tributis,
875 4423 906 4483 pli
921 4425 1025 4485 parenti·
1103 4433 1127 4476 s.
1140 4426 1257 4477 Indoctus
1270 4426 1379 4476 adulator
1391 4451 1423 4463 -
1435 4426 1568 4488 peierantes
1579 4429 1603 4476 et
1617 4440 1673 4477 rere
1685 4426 1804 4489 jurantes.

252 4515 297 4562 bus
312 4524 408 4562 summa
431 4509 587 4560 observantia
611 4509 696 4571 eruitis,
718 4509 776 4571 lusti
794 4510 819 4559 iu
843 4511 908 4560 cives
928 4525 1024 4574 semper
1103 4521 1128 4563 s.
1147 4515 1195 4564 ltes
1211 4513 1309 4576 pallidas
1323 4519 1349 4563 et
1364 4525 1510 4575 exsanguem
1524 4519 1549 4564 tu
1564 4527 1620 4564 vero
1631 4519 1660 4563 ut
1671 4519 1765 4575 turpem
1783 4513 1846 4562 banc

151 4623 153 4628 ν
251 4599 310 4660 iuris
323 4597 483 4662 aequabilitate
496 4598 606 4657 senata,
622 4595 726 4658 religiosi
738 4594 841 4659 denique
855 4597 880 4646 in
896 4597 982 4648 amicis
994 4599 1022 4646 ti·
1072 4604 1202 4649 sementem
1218 4600 1306 4661 iecisti,
1318 4602 1352 4649 ita
1365 4601 1427 4650 mate
1439 4600 1567 4650 messuisti.

251 4683 299 4737 dati
314 4697 393 4735 amore
407 4683 585 4747 prosequendis.
626 4681 789 4739 Quamobrem
801 4683 969 4734 detunctorum
983 4686 1027 4735 de·
1105 4692 1142 4736 to.
1160 4689 1191 4736 st
1204 4687 1224 4736 si
1243 4688 1308 4750 pueri
1323 4687 1420 4738 minutis
1436 4688 1529 4751 poculis
1542 4688 1626 4737 crebro
1646 4686 1715 4736 uobis
1733 4688 1848 4748 guttatim

253 4775 368 4824 siderium
385 4785 511 4824 summm
528 4785 682 4835 nequaquam
695 4771 767 4821 simd
776 4785 833 4821 cum
847 4771 907 4835 ipsis
920 4773 1027 4824 deletum
1073 4773 1140 4836 quasi
1153 4776 1261 4824 rorantes
1271 4773 1413 4837 iutuudaut,
1426 4777 1453 4823 ut
1462 4777 1487 4824 et
1496 4775 1546 4836 ipae
1561 4774 1656 4837 corpas
1666 4772 1846 4823 κατοίσεται...

253 4864 299 4922 est,
312 4861 353 4910 sed
374 4873 501 4923 corporum
521 4858 703 4922 aspectabilium
723 4858 836 4908 tenetote
856 4859 1027 4922 postmortem
1106 4867 1143 4910 tt.
1160 4863 1231 4911 Hunc
1249 4863 1420 4923 interrogatum
1442 4874 1538 4911 cauum
1554 4867 1604 4911 tam
1623 4862 1701 4924 iougte
1719 4859 1848 4911 mestuus

253 4945 424 4996 immortalitati
436 4946 628 4996 commendatum
641 4945 741 5008 viget.»
774 4947 890 5005 Quamuis
911 4947 975 4996 euim
990 4947 1028 4996 itte
1073 4955 1098 4998 et
1128 4961 1242 4998 sensuum
1265 4948 1374 4998 omnium
1395 4949 1531 5011 integritate
1553 4948 1749 4999 commendabilis
1779 4951 1849 5007 uum

255 5033 379 5096 magnifica
395 5033 469 5082 verba
489 5033 637 5096 congesserit
662 5033 775 5095 Gorgias,
798 5033 927 5083 secuntias
947 5038 1028 5083 tamen
1076 5035 1240 5098 respondisse,
1258 5035 1322 5100 quod
1341 5049 1464 5100 uunquam
1478 5037 1580 5088 τθοτοοι
1596 5036 1714 5088 conviviis
1725 5034 1849 5086 tutertuis·

255 5118 336 5169 futiles
355 5119 478 5181 enuntiat,
499 5133 547 5182 uua
574 5119 689 5171 membris
705 5120 840 5184 oeqttaiibus
859 5133 906 5183 que
929 5121 1030 5170 vocibus
1074 5125 1119 5173 aet.
