3959 5925
215 398 291 441 xtvr

216 526 366 592 expertum
391 522 489 569 narrat
515 507 696 566 lamblichus
719 504 786 583 (78).
807 502 891 573 Quod
915 502 991 559 enim

217 590 328 661 bomini
338 600 536 679 Metapontino
548 598 724 676 promiserat
738 594 835 670 Lysis,
850 592 879 649 id
895 610 994 668 quam·

217 691 261 747 vis
274 710 320 747 res
334 689 407 746 levis
422 700 508 758 esset,
525 699 619 754 tamen
634 682 817 740 efficiendum
831 680 951 757 putavit.

256 777 349 835 Porro
363 776 491 833 nominis
507 774 610 831 famam
623 771 744 848 adeptus
754 782 796 826 est
805 768 993 844 Hipparchus,

217 864 252 923 ud
267 850 351 942 quem
366 876 458 921 exstat
472 862 588 941 laysidis
602 862 724 939 epistola
738 878 773 915 eo
785 858 910 915 maxime
925 876 994 913 con·

217 955 285 1013 silio
313 954 437 1031 scripta,
458 966 489 1009 ut
513 972 579 1009 cum
601 972 617 1009 a
640 947 794 1023 vulgandis
821 946 996 1023 Pythagorae

216 1041 340 1099 decretis
359 1053 502 1098 avocaret.
516 1039 608 1108 Quam
622 1038 771 1116 epistolam
788 1034 901 1092 etiamsi
925 1033 996 1090 Dio·

217 1150 303 1205 genes
317 1128 450 1188 Laertius
463 1129 520 1207 t79)
537 1129 604 1185 citet
617 1146 652 1183 ex
666 1144 756 1200 eaque
771 1124 867 1182 locum
886 1140 995 1177 memo·

217 1217 338 1277 rabilem
359 1218 503 1297 proferat,
516 1230 609 1272 tamen
626 1212 807 1271 subdititiam
829 1227 891 1267 esse
912 1226 996 1289 nemo

217 1305 344 1382 negabit.
353 1308 389 1364 At
399 1304 472 1363 nibil
483 1302 576 1361 obstat
585 1301 743 1379 quominus
753 1298 855 1357 incerti
869 1295 997 1353 auctoris

217 1394 387 1469 opusculum
403 1392 451 1449 hlc
474 1392 643 1448 inseramus.
663 1414 675 1439 ι
695 1390 804 1458 Lysidu·
824 1384 998 1455 Pythagorei

216 1486 335 1555 epistola
359 1483 400 1537 ad
419 1471 610 1553 Hipparchum
631 1476 701 1559 (διο).
718 1474 873 1549 Postquam
890 1489 926 1527 ex
941 1468 997 1525 ho-

217 1651 358 1712 είερειίνητος
366 1656 416 1707 τοῖς
425 1650 632 1715 ἑπιτιθεμένοις.-
640 1648 690 1709 (78)
700 1646 850 1697 Jambtictms
857 1645 886 1694 tle
896 1645 939 1693 vit.
948 1646 996 1705 Py-

217 1721 282 1783 thag.
305 1734 358 1784 rap.
381 1729 461 1772 tu-
472 1722 521 1783 (79)
536 1721 653 1781 Diogenes
673 1718 783 1767 Laertius
804 1716 845 1765 lib.
859 1718 927 1775 vlu,
941 1716 970 1764 tt
990 1734 996 1763 :

217 1790 245 1851 ἦν
259 1792 322 1855 τιίπῷ
339 1793 378 1841 καί
395 1792 495 1854 θυγάτηρ
511 1791 599 1849 Δαμώ,
609 1790 641 1845 ῶς
650 1806 708 1850 ,φησι
724 1788 796 1843 Δάοις
809 1790 832 1836 ἐν
843 1787 953 1848 ἐπιστολῇ
968 1792 997 1849 τῇ

216 1865 273 1925 πρὸς
293 1863 434 1925 Ἵππαρχον,
452 1863 503 1924 περὶ
536 1858 671 1921 Πυθαγόρου
698 1860 771 1917 λέγων
792 1860 881 1919 οὕτως,
898 1860 997 1919 Δέγοντι

216 1932 245 1990 δὴ
261 1932 343 1981 πολλοί
357 1950 385 1981 τυ
397 1934 437 1980 καὶ
451 1930 553 1993 δαμοσίᾳ
565 1930 694 1991 φιλοσοφέν·
712 1930 767 1991 ὅπερ
783 1927 902 1984 ἀπαξίωσε
918 1930 996 1977 Πυθα·

217 2001 298 2064 γόρας,
312 2002 336 2058 ός
351 2017 378 2064 γε
392 2005 470 2064 Δαμοῖ
483 2004 513 2063 τᾷ
528 2002 611 2049 ἑαυτοῦ
626 2000 718 2061 θυγατρί
732 1999 762 2047 τά
782 1999 937 2061 ὑπομνάματα
951 2015 996 2047 πα-

218 2075 413 2135 ρακαταθέμενος,
424 2072 530 2121 ἐκέλευσε
542 2070 619 2132 μηδενὶ
628 2074 675 2117 τῶν
685 2070 749 2123 ἐκτός
764 2074 804 2125 τᾶς
814 2069 889 2125 οίκίας
901 2069 997 2131 παραδι-

216 2144 296 2206 δόμεν.
315 2145 338 2194 ‘t
360 2144 400 2203 δέ,
418 2143 533 2205 δυναμένα
550 2142 640 2189 πολλῶν
658 2140 783 2204 χρημάτων
805 2139 934 2189 ἀποδόσθαι
951 2140 997 2195 τὼς

209 2217 306 2278 λόγως,
320 2214 363 2263 σιὀι
371 2214 492 2271 ἐόουλήθη·
502 2210 581 2261 πενίαν
591 2211 635 2273 γάρ
648 2212 688 2258 καὶ
703 2210 744 2266 τάς
756 2216 790 2259 τῶ
804 2211 889 2275 πατρὸς
903 2209 999 2259 ἐπισκά-

217 2292 272 2349 ψιας
281 2286 369 2349 ἐνόμιζε
385 2290 466 2348 χρυσῶ
478 2282 615 2344 τιμιωτέρας
631 2281 694 2343 ἔμεν,
705 2282 745 2330 καὶ
759 2286 832 2330 ταῦτα
846 2282 912 2344 γυνά,
924 2284 995 2332 conl.

218 2357 310 2420 synesii
323 2355 447 2418 eputolam
461 2354 491 2402 au
504 2352 683 2402 Herculianum.
694 2381 725 2392 -
735 2352 784 2413 (sol
796 2352 859 2401 edita
873 2353 934 2401 iuter
947 2352 997 2414 epi-

218 2429 292 2478 stolas
303 2426 410 2478 socratis
421 2428 446 2473 et
454 2423 638 2483 Socraticorum,
650 2423 791 2484 Pythagora
800 2424 824 2472 et
835 2423 996 2484 Pythagoreo-

218 2512 272 2549 rum
288 2498 319 2548 ab
334 2496 424 2547 Orellio
438 2496 526 2557 Lipstae
541 2500 608 2543 Ista.
620 2494 690 2543 cont.
701 2492 833 2542 JambIIclt.
846 2492 876 2541 de
886 2494 935 2541 vita
950 2496 997 2555 Py·

218 2570 368 2631 thagoroe'p.
395 2573 425 2616 62
448 2578 515 2627 seqq.
538 2565 577 2615 ed.
594 2564 699 2613 Kusteri.
721 2564 821 2620 Λύσιδος
834 2564 998 2625 Πυθαγορείου

217 2640 326 2697 ἐπιστολὴ
341 2638 398 2700 πρδς
411 2636 550 2699 Ἵππαρχον.
561 2635 628 2682 Merit
639 2634 667 2683 τὸ
681 2633 819 2696 Πυθαγόραν
832 2634 857 2689 ἐς
870 2634 997 2695 ἀνθρώπων

217 2712 336 2773 γενέσθαι,
347 2710 464 2759 οδδέποκα
476 2706 714 2760 διασκεδασθήσεσθαι
723 2704 749 2755 τὸ
759 2703 874 2767 ἄθροισμα
887 2711 933 2753 τῶν
943 2707 996 2767 δμι-

217 2784 287 2841 aaa
303 2781 377 2838 aas
391 2768 493 2842 εραοιεσ
502 2777 574 2839 ευμεν
583 2775 706 2837 τακεραί.
718 2774 785 2824 ’aru
797 2776 821 2823 ει
832 2774 885 2837 περ·
894 2774 995 2834 turra,

217 2855 296 2916 ὥσπερ
308 2852 355 2901 άτιδ
367 2851 422 2906 ναὸς
430 2848 531 2912 μεγάλας
541 2847 645 2909 φορτίδος
656 2846 680 2895 ἐν
692 2846 770 2909 ἐρήμῳ
777 2846 872 2907 πελάγει
881 2847 996 2903 λυθείσας.

217 2924 284 2980 ἀλλος
301 2924 386 2973 ἄλλοσε
407 2919 541 2982 φορεύμενοι
555 2916 721 2980 διεσπάρημεν,
736 2916 801 2966 δσιον
818 2916 879 2977 κάμέ
897 2917 996 2978 μνᾶσθαι

217 2998 263 3042 τῶν
283 2993 352 3049 τήνου
373 2990 439 3040 θείων
458 2989 498 3037 καί
517 2993 608 3050 σεμνῶν
625 2987 834 3050 παραγγελμάτων,
855 2987 912 3048 μηδὲ
930 2989 998 3036 κοινά

217 3063 327 3120 ποιῆσθαι
344 3061 374 3109 τά
392 3059 474 3120 σοφίας
496 3058 572 3118 ἀγαθὰ
585 3061 633 3114 τοῖς
647 3057 695 3106 οὐδ’
705 3057 815 3118 όναρτάν
828 3057 906 3119 ψυχάν
924 3073 995 3106 κεκα-

218 3133 345 3194 θαρμένοις.
358 3130 393 3178 Οὐ
410 3129 454 3191 γάρ
467 3129 529 3190 θέμις
546 3127 624 3189 δρέγεν
637 3131 684 3182 τοῖς
703 3127 823 3176 ἀπαντῶσι
836 3128 865 3176 τὰ
880 3127 937 3188 μετὰ
956 3145 997 3176 το·

184 3200 189 3211 '
222 3203 312 3250 σοάεων
330 3201 428 3261 ἀγώνων
441 3199 533 3262 σπουδᾷ
553 3198 706 3259 ποριχθέντα,
722 3197 775 3246 οὐδὲ
787 3198 832 3257 μάν
847 3199 952 3260 βεόάλοις
967 3200 998 3247 τὰ

218 3279 269 3323 ταῖν
282 3272 432 3322 Ἐλευσινίαιν
453 3273 516 3318 θεαῖν
537 3269 652 3332 μυστήρια
667 3270 809 3328 διαγέεσθαι.
827 3269 887 3317 Κατ’
899 3270 998 3319 ίσότατα

218 3347 243 3394 δέ
259 3346 335 3393 ἀδικοι
348 3346 387 3392 καὶ
401 3345 495 3398 άσεθέες
508 3342 544 3414 τρὶ
557 3345 655 3390 τοιαῦτα
667 3341 798 3402 πράξαντες.
814 3341 892 3389 Καλόν
907 3341 931 3390 δέ
945 3345 998 3390 ἀνα-

218 3416 361 3476 λογίζεσθαι,
380 3415 435 3476 όσον
460 3412 544 3476 χρόνον
566 3415 639 3474 μᾶκος
662 3410 877 3472 ἐκμεμετρήκαμες,
897 3411 998 3476 ἀπορβυ-

218 3486 328 3550 πτόμενοι
343 3485 431 3541 σπίλως
438 3485 483 3539 τὼς
491 3483 515 3531 έν
524 3488 574 3538 τοῖς
582 3480 689 3530 στάθεσιν
704 3479 998 3544 άμῶνέγκεκολαμμένως,

218 3559 261 3613 ἐως
275 3557 344 3606 πέντε
367 3554 501 3604 διελθόντων
515 3554 585 3602 ἐτίων
601 3551 726 3612 ἐγενόμεθα
747 3550 847 3600 δεκτικοὶ
861 3557 908 3600 τῶν
928 3552 997 3613 τήνορ

217 3627 301 3688 λόγων.
313 3625 423 3686 Καθάπερ
436 3619 481 3687 γάρ
494 3625 516 3670 οἱ
532 3624 612 3685 βαφεῖς
625 3619 837 3682 προεκκαθάραντες
852 3621 954 3676 impar
967 3623 998 3670 τὰ

218 3695 310 3760 βάψιμα
318 3700 365 3743 τῶν
380 3694 488 3755 ἱματίων,
498 3693 561 3747 ὅπως
575 3692 716 3741 άνέκπλυτον
729 3691 771 3740 τὰν
782 3691 857 3754 βαφὰν
867 3691 997 3740 άναπίωντι

217 3771 256 3817 καί
272 3767 393 3830 μηδέποκα
406 3765 576 3826 γενησουμέναν
593 3763 701 3818 ίίίταλον·
716 3763 756 3812 τόν
773 3763 941 3825 αὐτὸντρόπον
957 3764 997 3812 καὶ

219 3842 232 3887 ό
243 3835 359 3898 δαιμόνιος
375 3834 431 3895 ἀνὴρ
442 3833 643 3896 προπαρεσκεύαζε
653 3832 693 3888 τάς
702 3833 779 3894 ψυχὰς
790 3837 837 3881 τῶν
850 3837 891 3889 τᾶς
898 3835 997 3893 ,φιλοσο-

212 3909 271 3970 ’μίας
282 3905 431 3968 ἐρασθέντων,
444 3904 508 3958 ὅπως
520 3903 551 3960 μή
564 3904 691 3966 διαψευσθῇ
703 3903 755 3965 περί
771 3919 823 3952 τινα
841 3909 888 3952 τῶν
909 3905 997 3961 {lusto-

219 3979 294 4040 μένων
307 3975 410 4024 ἐσεῖσθαι
422 3973 501 4021 καλῶν
512 3987 537 4020 τε
546 3971 663 4032 κάγαθῶν.
678 3971 713 4020 Οὐ
731 3971 775 4032 γάρ
790 3973 904 4031 κιδδήλως
917 3972 998 4022 ἐνεπο-

219 4048 295 4112 ρεύετο
302 4045 389 4106 λόγως,
404 4044 456 4093 οὐδὲ
468 4043 558 4103 πάγας,
569 4047 619 4098 ταῖς
631 4042 666 4090 τοί
681 4042 759 4090 πολλοὶ
768 4047 815 4090 τῶν
826 4048 938 4105 σοφιστᾶν
952 4045 998 4099 τὼς

151 4129 153 4136 “
217 4120 274 4174 νέως
284 4115 433 4179 έμπλέκοντι,
444 4112 496 4162 ποτ’
506 4113 570 4162 οὐδὲν
580 4112 679 4174 κρήγυον
689 4111 852 4176 σχολάζοντες·
862 4115 920 4163 ἀλλὰ
931 4117 998 4166 θείων

848 365 1166 429 ΒΕῬΥΤΗΑΠΟΠΑ

1037 500 1148 556 minum
1162 500 1220 554 vita
1234 495 1413 572 Pythagoras
1427 492 1610 569 demIgravit,
1627 513 1775 571 nunquam
1788 494 1823 551 in

1039 586 1167 644 animum
1186 584 1301 656 induxi,
1316 595 1349 641 ut
1361 582 1572 660 discipulorum
1587 592 1692 639 coetum
1708 582 1824 660 disper·

1038 693 1101 731 sum
1126 673 1165 731 iri
1184 685 1329 752 putarem.
1351 670 1495 739 Quoniam
1510 688 1580 728 vero
1597 683 1702 748 praeter
1719 690 1823 749 spem,

1039 762 1123 837 quasi
1137 779 1153 818 e
1168 761 1235 819 navi
1249 777 1352 833 magna
1363 759 1501 815 oneraria
1510 758 1543 816 in
1560 770 1642 816 vasto
1662 760 1735 817 mari
1756 759 1822 819 dis·

1040 849 1150 921 soluta,
1166 849 1241 906 alius
1255 847 1313 905 alio
1327 846 1414 904 delati
1430 845 1595 923 dilapsique
1608 866 1709 904 smnus
1725 867 1732 905 :
1749 868 1822 905 eon-

1040 949 1207 994 sentancnm
1232 947 1276 993 est
1296 952 1341 991 me
1366 934 1533 993 meminisse
1555 932 1723 991 divinorum
1742 936 1825 995 illius

1040 1037 1068 1081 et
1080 1025 1318 1100 gravissimorum
1334 1035 1545 1100 praeceptorum
1555 1066 1564 1097 ,
1576 1033 1673 1099 *neque
1690 1044 1826 1082 commu-

1041 1112 1140 1169 nicare
1153 1112 1303 1189 sapientia
1320 1109 1400 1168 bona
1416 1130 1480 1168 cum
1495 1110 1682 1181 hominibus,
1696 1132 1823 1188 quorum

1039 1198 1130 1256 animi
1155 1218 1191 1257 ne
1214 1217 1266 1276 per
1288 1200 1432 1255 somnium
1455 1198 1573 1274 quidem
1601 1200 1717 1275 purgati
1742 1214 1821 1260 sunt.

1041 1286 1125 1345 Nefas
1136 1288 1213 1345 enim
1226 1300 1270 1345 est
1283 1285 1373 1344 obvio
1385 1286 1475 1361 vulgo
1485 1286 1646 1363 porrigere,
1658 1308 1722 1363 quae
1735 1290 1825 1348 tantis

1040 1372 1193 1433 laboribus
1216 1393 1291 1450 aegre
1315 1386 1414 1451 parata
1433 1386 1518 1445 sunt,
1531 1394 1590 1432 non
1607 1375 1719 1448 minus,
1735 1398 1823 1453 quam

1041 1461 1173 1538 profanis
1195 1461 1314 1519 dearum
1335 1461 1549 1519 Eleusiniamm
1571 1465 1708 1539 mysteria
1732 1485 1825 1523 enun-

1042 1548 1114 1606 tIare
1129 1568 1136 1607 :
1153 1568 1235 1626 aeque
1254 1548 1332 1605 enim
1353 1548 1457 1625 injusti
1477 1560 1563 1625 atque
1581 1550 1666 1626 impii
1684 1564 1752 1609 sunt
1770 1553 1823 1627 qui

1042 1637 1211 1695 alterutrum
1236 1637 1341 1695 horum
1366 1638 1496 1713 fecerint.
1512 1636 1599 1695 Decet
1620 1650 1714 1695 autem
1736 1659 1824 1714 repu-

1042 1736 1116 1794 tare,
1128 1736 1268 1801 quantum
1282 1722 1422 1801 temporis
1435 1720 1562 1801 'spatium
1575 1726 1825 1802 consumserimus

1042 1811 1074 1868 in
1088 1812 1220 1870 eluendis
1235 1811 1373 1885 maculis,
1390 1830 1456 1889 quae
1471 1812 1503 1870 in
1527 1812 1695 1889 pectoribus
1716 1819 1826 1873 nostris

1042 1899 1128 1958 altius
1146 1900 1331 1971 insederant,
1348 1900 1440 1957 donec
1464 1899 1578 1958 tandem
1599 1914 1716 1977 peracto
1738 1903 1826 1979 quin·

1042 1988 1171 2064 quennio
1183 1987 1219 2044 ad
1228 1987 1447 2065 percipiendam
1458 1988 1539 2045 illius
1550 1987 1712 2045 doctrinam
1724 1990 1823 2048 idonei

1040 2076 1197 2138 evasimus.
1216 2074 1465 2145 Quemadmodum
1483 2078 1560 2133 enim
1575 2076 1721 2135 'tinctores
1735 2080 1825 2137 vesti·

1041 2177 1153 2236 menta,
1177 2183 1242 2240 quae
1267 2161 1417 2221 coloribus
1443 2160 1575 2220 imbuere
1599 2164 1719 2236 volunt,
1741 2166 1826 2241 prius

1041 2265 1163 2330 purgata
1177 2250 1303 2308 alumine
1319 2251 1471 2323 inliciunt,
1487 2264 1520 2309 ut
1537 2252 1690 2311 tincturam
1706 2272 1759 2310 nec
1779 2254 1825 2311 sa-

1041 2341 1097 2398 cile
1110 2340 1262 2398 eluendam
1278 2358 1472 2416 necunquam
1489 2339 1640 2397 delendam
1656 2340 1822 2399 imbibant:

1041 2427 1142 2485 eodem
1156 2428 1244 2484 modo
1257 2426 1377 2485 divinus
1390 2428 1441 2485 ille
1454 2427 1503 2486 vir
1516 2427 1699 2506 praeparabat
1710 2419 1824 2488 animos

1041 2533 1143 2574 eorum
1171 2517 1221 2591 qui
1246 2514 1440 2593 philosophia
1464 2516 1563 2573 studio
1591 2516 1761 2591 flagrarent,
1787 2538 1824 2575 ne

1044 2602 1192 2661 falleretur
1216 2602 1355 2680 opinione
1376 2602 1412 2661 de
1434 2602 1499 2673 his,
1521 2622 1596 2679 quos
1618 2604 1712 2661 bonos
1734 2604 1824 2663 hone·

1042 2703 1159 2769 stosque
1175 2692 1286 2749 futuros
1302 2710 1365 2749 esse
1387 2704 1539 2768 sperasset.
1552 2692 1652 2769 Neque
1672 2694 1749 2751 enim
1775 2694 1825 2751 ille

1043 2779 1205 2837 doctriuam
1217 2778 1382 2857 improbam
1396 2771 1581 2853 venditabat,
1597 2799 1691 2856 neque
1704 2782 1824 2858 laqueos

1042 2867 1110 2926 illos
1122 2867 1230 2945 quibus
1244 2866 1438 2945 sophistarum
1450 2868 1556 2949 vulgus
1570 2867 1765 2957 adolescentes
1781 2871 1823 2927 ir-

1039 2957 1109 3039 petit
1133 2954 1169 3014 ad
1193 2955 1310 3014 inutilia
1335 2956 1484 3015 tractanda
1505 2956 1596 3014 otium
1620 2976 1704 3015 suum
1725 2957 1824 3015 conle-

1041 3057 1153 3116 rentes‚
1178 3044 1229 3102 sed
1262 3063 1360 3102 rerum
1385 3045 1550 3103 divinarum
1574 3044 1825 3124 humanarumque

1042 3150 1148 3208 gnarus
1170 3147 1241 3193 erat.
1258 3133 1296 3190 lli
1318 3151 1389 3191 vero
1405 3133 1478 3210 ,ejus
1503 3133 1686 3211 disciplinam
1711 3136 1824 3193 mentiti

1042 3347 1118 3394 αὐτῶν
1139 3344 1180 3400 τάς
1199 3346 1314 3408 ματέρας,
1326 3347 1441 3406 ἀκρασίαν
1452 3361 1478 3393 τε
1491 3347 1531 3394 καί
1545 3347 1684 3402 πλεονεξίαν.
1703 3346 1784 3408 Ἄμφω
1798 3349 1823 3397 δὲ

1042 3417 1164 3477 πολύγονοι
1176 3416 1312 3477 πεφόκαντι.
1326 3419 1373 3472 Τᾶς
1389 3417 1430 3479 μὲν
1443 3417 1476 3464 ῶν
1489 3417 1601 3477 ἀκρασίας
1616 3417 1824 3468 tartarearum

1042 3487 1139 3548 ἀθεσμσι
1157 3485 1241 3548 γάμοι,
1253 3486 1385 3549 ἐπιθυμίαι,
1399 3487 1439 3534 καὶ
1457 3488 1538 3550 φθοραί
1553 3489 1593 3536 καί
1609 3488 1692 3550 μέθαι,
1708 3488 1747 3535 καί
1759 3491 1825 3551 παρὰ

1042 3557 1110 3619 φάσιν
1129 3555 1223 3615 usust,
1233 3557 1274 3604 καὶ
1290 3557 1386 3620 σφοδραί
1401 3573 1460 3613 τινες
1472 3558 1560 3620 δρμαί,
1571 3558 1639 3622 μέχρι
1653 3559 1774 3622 βαράθρων
1786 3561 1826 3609 καί

1042 3632 1150 3691 κρημνῶν
1170 3627 1334 3676 ίκδιώκουσαι.
1349 3628 1410 3685 Ἤδη
1423 3627 1468 3690 γάρ
1482 3644 1546 3684 τινας
1562 3628 1693 3690 άνάγκαξαν
1707 3629 1824 3692 ἐπιθυμίαι

1043 3699 1102 3760 μήτε
1113 3697 1219 3760 ματέρων
1229 3697 1287 3759 μήτε
1300 3699 1431 3761 θυγατέρων
1446 3699 1608 3762 ἀποσχέσθαι,
1621 3700 1661 3747 καί
1672 3700 1701 3757 δὴ
1713 3703 1822 3763 παρωσά-

1043 3780 1110 3830 μεναι
1129 3767 1196 3816 πόλιν
1218 3767 1258 3816 καί
1275 3767 1352 3827 νόμως
1370 3764 1473 3830 καθάπερ
1494 3769 1602 3830 τύραννος
1621 3769 1824 3832 ἐκπεριαγαγῶσαι

1043 3839 1089 3893 τὼς
1103 3838 1225 3898 ἀγκῶνας,
1242 3837 1322 3900 ὥσπερ
1341 3836 1491 3900 αίχμάλωτον
1509 3839 1547 3886 ἐπί
1564 3838 1605 3887 τδν
1619 3838 1721 3902 ἔσχατον
1734 3840 1825 3903 ὄλεθρον

1043 3906 1102 3968 μετά
1116 3907 1167 3968 βίας
1183 3905 1283 3966 άγουσαι
1300 3907 1456 3955 κατέστασαν.
1469 3908 1516 3962 Τᾶς
1536 3906 1561 3954 u
1579 3907 1709 3964 πλεονεξίας
1726 3907 1823 3969 ἐκπερίν

1042 3983 1116 4025 καντιΙ
1129 3975 1231 4038 ἀρπαγαί
1247 3992 1273 4024 τε
1289 3978 1329 4025 καὶ
1348 3978 1467 4039 λμστεῖαι,
1485 3977 1666 4040 πατροκτονίαι,
1683 3981 1823 4042 ίεροσυλίαι,

1042 4047 1247 4109 φαρμακεῖαι,καί
1259 4047 1306 4095 όσα
1316 4048 1403 4095 τούτων
1417 4046 1510 4106 ἀδελφά.
1521 4052 1564 4095 Δεῖ
1576 4047 1609 4095 ὧν
1621 4048 1674 4109 τόγε
1688 4053 1774 4110 πρᾶτον
1784 4050 1824 4103 τὰς
1856 4081 1859 4084 .

1041 4118 1110 4178 ὔλας,
1121 4123 1171 4171 ταῖς
1184 4115 1322 4165 ἐνδιαιτᾶται
1341 4122 1414 4166 ταῦτα
1425 4117 1454 4166 τὰ
1470 4116 1547 4177 πάθη,
1561 4120 1615 4181 πυρί
1631 4119 1671 4165 καί
1682 4119 1770 4181 σιδάρῳ
1781 4121 1822 4167 καί

217 4182 998 4248 τεκαίάνθρωπίνωνπραγμάτωνῆςέπιστάμων.Τοίδέπρ6σχημα
1042 4187 1129 4243 πάσαις
1156 4187 1297 4248 μαθημάτων
1315 4193 1430 4249 μαχαναῖς
1445 4187 1618 4250 ἐκκαθάραντες
1637 4189 1676 4236 καὶ
1691 4189 1826 4252 ρνσαμίνως

217 4257 369 4318 ποιησάμενοι
382 4255 426 4304 ’τάν
437 4255 506 4314 τήνου
520 4252 678 4311 διδασκαλίαν,
691 4253 764 4301 πολλά
777 4253 817 4301 καί
831 4253 894 4302 δεινὰ
903 4254 997 4318 δρῶντι,
1042 4260 1082 4307 τὸν
1093 4259 1204 4320 λογισμὸν
1217 4259 1333 4323 ἐλεύθερον
1345 4263 1392 4307 τῶν
1407 4258 1526 4308 τοσούτων
1538 4264 1619 4309 κακῶν
1633 4259 1768 4318 τοτηνικάδε
1782 4261 1825 4321 έμ-

218 4327 382 4390 σαγηνεόοντες
398 4325 426 4374 οὐ
441 4325 502 4374 κατὰ
516 4323 614 4386 κόσμον,
626 4321 673 4371 οὐδ’
685 4325 717 4378 ῶς
729 4321 796 4386 ἐινχε
810 4323 856 4381 τῶς
865 4326 930 4380 νέως.
942 4328 997 4375 ‘Iot-
1041 4329 1135 4391 φυτείαν
1143 4329 1288 4393 τιχρήσιμον
1297 4331 1362 4392 αὐτῷ
1374 4331 1414 4378 καί
1426 4329 1669 4394 παραδιδόμεν.Ἆπερ
1681 4331 1764 4392 ἐμαθες
1774 4332 1825 4392 μέν,

218 4405 295 4465 γαρῶν
309 4399 416 4462 χαλεπῶς
425 4413 449 4446 τε
462 4397 501 4445 καί
510 4396 630 4460 προαλλεῐς
642 4394 806 4458 ἀπεργάζονται
817 4396 862 4451 τὼς
872 4395 996 4452 ἀκουστάς·
1041 4400 1169 4462 Ἱππαρχε,
1188 4399 1247 4462 μετὰ
1266 4400 1369 4455 σπουδᾶς
1376 4436 1383 4459 ,
1395 4401 1438 4448 οὐκ
1456 4399 1567 4461 ἐφύλαξας
1582 4401 1621 4461 δέ,
1633 4400 1792 4462 γευσάμενος,
1802 4403 1824 4449 rb

218 4470 344 4533 ἑγκίρναντι
354 4467 471 4532 γάρίγθεσι
481 4467 655 4528 τεταραγμένοις
666 4480 690 4512 τε
701 4465 740 4512 καί
754 4465 851 4528 θαλεροῖς
860 4465 998 4529 θεωρήματα
1042 4475 1145 4530 γενναῖε,
1159 4470 1278 4525 Σικελικῶς
1295 4469 1455 4528 πολυτελείας,
1472 4469 1499 4525 ἀς
1519 4470 1563 4518 οὐκ
1583 4471 1652 4532 ἐχρῆν
1668 4487 1695 4518 τυ
1716 4472 1823 4533 γενέσθαι

218 4539 340 4599 Μίδὸἵως
352 4538 427 4593 θείως·
439 4537 548 4600 Καθάπῑρ
560 4537 604 4599 γὰρ
617 4535 636 4583 El
648 4551 682 4591 τι(
693 4537 725 4591 ct<
736 4535 805 4598 φρέαρ
815 4536 873 4599 βαθὺ
885 4536 997 4600 βαράθρου
1043 4542 1158 4604 δεάιερονι
1170 4531 1304 4604 Δέγοντιδέ
1323 4539 1404 4588 πολλοί
1416 4555 1444 4587 τυ
1458 4541 1498 4588 καὶ
1516 4539 1619 4602 δαμοσίᾳ
1630 4541 1760 4602 φιλοσοφέν·
1769 4540 1825 4602 ὅπερ
1856 4591 1861 4601 ,

217 4609 301 4672 πλῆρες
322 4610 401 4672 ἐγχέαι
419 4609 520 4672 καθαρδν
538 4609 578 4657 καί
597 4607 675 4663 διειδές
695 4609 771 4670 ὕδωρ,
784 4609 823 4656 τόν
842 4624 868 4656 τε
887 4607 997 4673 βδρδορον
1047 4611 1166 4667 ἀπαξίωσε
1177 4605 1328 4673 Πόθαγόρας,
1338 4609 1363 4666 δς
1372 4627 1398 4671 γε
1408 4614 1524 4673 Δαμοῖτᾷ
1534 4612 1606 4659 αὑτοῦ
1621 4612 1715 4675 θυγατρί
1728 4610 1758 4659 τά
1770 4613 1827 4660 ὕπο

142 4691 149 4706 ’
218 4679 339 4741 ἀνετάραξε
361 4681 400 4728 καί
420 4683 447 4729 τδ
468 4681 530 4743 ὓδωρ
550 4679 693 4743 ἐπαφάνιίεν,
711 4679 804 4735 όαίιτδς
817 4679 842 4728 δέ
854 4679 937 4742 τρόπος
951 4685 998 4729 τῶν
1044 4682 1153 4744 μνάματα
1164 4683 1394 4743 παρακαταθέμενος,
1405 4681 1525 4744 ἐπέσκαψε
1538 4682 1617 4744 μηδενὶ
1635 4687 1682 4729 τῶν
1701 4681 1766 4736 ἐκτδς
1783 4686 1825 4736 τᾶς

218 4749 281 4804 οὕτω
298 4748 454 4798 διδασκόντων
472 4766 497 4798 τε
512 4750 552 4798 καί
573 4751 755 4812 διδασκομένων.
775 4751 874 4798 Πυκιναὶ
894 4750 938 4813 γάρ
957 4751 997 4799 καὶ
1043 4753 1117 4807 σίκίας
1127 4752 1291 4815 παραδιδόμεν.
1304 4752 1328 4801 ‘A
1341 4752 1381 4813 δέ,
1393 4751 1508 4814 δυναμένα
1520 4752 1612 4800 πολλῶν
1627 4751 1754 4814 χρημάτων
1769 4752 1826 4799 άπο-

218 4819 298 4866 λάσιαι
313 4819 400 4887 λόχμαι
411 4819 461 4880 περὶ
477 4819 518 4875 τάς
534 4821 614 4883 φρένας
627 4820 665 4869 καὶ
680 4820 721 4869 τὰν
733 4819 829 4884 καρδίαν
840 4819 997 4883 ἐμπεφύκαντι
1043 4821 1125 4870 δόσθαι
1134 4822 1180 4876 τῶς
1191 4821 1280 4881 λόγως,
1289 4821 1553 4878 οιίκίδουλήθη·πενίαν
1563 4821 1588 4869 δέ
1596 4821 1635 4868 καί
1646 4821 1687 4875 τὰς
1696 4825 1729 4868 τῶ
1740 4822 1825 4883 πατρός

217 4896 264 4939 τῶν
276 4890 308 4952 μή
317 4892 422 4952 καθαρῶς
433 4895 480 4946 τοῖς
490 4892 622 4955 μαθήμασιν
631 4892 807 4957 δργιαοθέντων,
819 4897 866 4941 πᾶν
874 4891 900 4940 τὸ
912 4891 997 4954 άμερον
1043 4891 1183 4954 ἐπισκάψιας
1194 4891 1285 4951 ἐνόμιζε
1298 4896 1379 4955 χρυσῶ
1397 4893 1532 4956 τιμιωτέρας
1546 4882 1609 4952 ἔμεν’,
1620 4891 1660 4938 καί
1671 4895 1745 4939 ταῦτα
1757 4890 1823 4951 γυνά.

217 4961 257 5012 καί
270 4966 342 5023 πρᾶον
353 4961 394 5010 καί
407 4961 538 5022 λογιστικόν
549 4967 589 5020 τᾶς
604 4965 681 5026 ψυχᾶς
693 4961 882 5023 ἐπισκιάζουσαι,
896 4963 935 5010 καὶ
947 4979 997 5012 κιο·
1041 4962 1116 5011 Φαντὶ
1129 4961 1167 5021 δι’,
1180 4962 1216 5009 δτι
1230 4961 1270 5010 καὶ
1284 4962 1358 5024 Δαμῶ
1374 4959 1502 5010 θνάσκοισα
1517 4959 1629 5022 Βισταλίφ
1639 4964 1670 5023 τᾷ
1682 4965 1765 5014 saure:
1783 4963 1823 5017 θυ-

189 5054 194 5088 t
217 5031 315 5082 λύουσαι
335 5035 456 5095 προφανῶς
477 5033 518 5092 μέν
537 5033 673 5096 αὐξηθῆμεν
695 5035 901 5096 ἐγκαταδεδτίκαντι
922 5033 947 5082 δέ
962 5039 997 5098 τῷ
1041 5032 1108 5095 γατρλ
1128 5032 1170 5081 τάν
1191 5030 1263 5078 αὐτὰν
1284 5030 1407 5080 ἐπιστολίιν
1428 5032 1565 5081 ἐπέστειλεν.
1586 5031 1671 5092 Ἀμμες
1688 5028 1726 5085 δέ,
1745 5028 1824 5096 ἄνδρες

218 5101 284 5154 δάσει
298 5101 373 5164 τούτῳ
383 5105 491 5151 παντοῖαι
505 5104 632 5162 αακόιητες
645 5105 811 5168 έκδοσκόμεναι
825 5105 865 5152 καλ
885 5104 996 5167 μηδαμῶς
1041 5103 1128 5162 ἐόντες,
1139 5103 1167 5150 οὐ
1180 5099 1280 5164 γνησίως
1294 5100 1358 5163 αὐτῷ
1374 5101 1556 5164 ποτιρερόμεθα,
1566 5099 1625 5148 ἀλλὰ
1637 5099 1768 5164 παραόάται
1781 5102 1824 5146 τᾶν

220 5174 292 5227 ίιδααι
303 5173 420 5239 προκύψαι
434 5173 461 5223 τδ
474 5173 587 5232 νοητικόν.
604 5174 756 5237 Ὀνομάξαιμι
767 5175 791 5224 δέ
800 5179 886 5236 πρᾶτον
896 5174 996 5223 ἐπελθὼν
1041 5173 1166 5236 δμολογιάν
1178 5171 1297 5235 γινόμεθα.
1313 5173 1342 5221 El
1361 5173 1402 5234 μὲν
1414 5173 1447 5220 ῶν
1462 5171 1615 5232 αεταόάλοιο,
1628 5174 1790 5235 χαρησοᾶμαι·
1802 5170 1824 5216 εἰ
