3959 5925
211 378 267 431 tot
913 361 1108 425 uflstcluu

208 499 363 549 coercebatur
383 495 481 559 spiritus
501 494 653 544 intrinsecus.
687 497 737 550 Nec
758 493 872 543 membris
890 493 987 554 quidem
1031 493 1103 543 tectis
1117 492 1270 542 interioribus
1281 493 1501 556 partibus,extinra
1513 509 1610 559 quoque
1621 499 1695 550 totius
1707 504 1814 566 corporis

208 588 304 649 tatibus,
316 598 357 648 per
375 597 430 646 quae
448 597 515 633 novo
531 582 637 631 admisso
654 581 708 631 cibo
722 583 791 632 vetus
805 582 898 644 liquore
911 580 988 643 posito
1032 580 1125 629 ambitu
1139 580 1226 630 animae
1238 580 1451 630 circumdarentur.
1485 585 1563 644 Atque
1577 583 1611 632 ita
1621 583 1704 634 orbem
1713 588 1814 647 teretem

210 675 345 736 petieretur,
378 674 461 732 Neque
477 670 540 720 enim
558 669 690 732 quicquam
704 682 734 718 ox
747 682 776 718 eo
792 668 930 730 recedebam
944 682 989 718 nec
1032 670 1057 718 in
1071 669 1154 720 orbem
1168 676 1242 731 atque
1253 670 1278 718 in
1292 682 1363 732 aqum
1377 669 1494 720 ambitum
1511 671 1588 722 voluit
1600 676 1708 724 converti
1723 680 1753 726 et·
1762 690 1815 727 mo-

145 812 147 817 ,
209 768 260 812 erat
274 759 403 810 accedendi
418 757 517 807 facultas
530 757 623 806 cunetis
642 756 773 806 coercitis:
794 755 837 806 sed
854 754 988 819 corruptela
1034 757 1093 808 veri.
1127 758 1383 821 sotum,praecipuunr
1398 759 1439 821 qui
1457 760 1574 808 virtutum
1593 763 1732 822 praestantia
1745 767 1815 814 eutii·

210 852 322 913 partium,
335 843 850 907 intraseseuescentium,vicemquandam
863 843 989 894 obtinebat
1034 848 1100 896 reret
1122 846 1281 896 conciliationi
1308 846 1437 909 propriae:
1460 859 1505 897 neo
1519 849 1708 901 extraordinario
1729 855 1811 916 cuius·

209 939 319 996 cibatus,
334 935 447 996 idemque
468 938 495 984 ut
513 936 594 996 ageret
616 935 784 995 patereturque
806 932 880 981 etiam
907 932 989 982 omnia
1032 945 1107 996 quam
1119 933 1236 996 indigeret
1245 933 1334 983 auxilio
1349 953 1355 984 ι
1372 921 1526 998 amicumque
1535 949 1631 1000 semper
1640 917 1816 1005 sibi2ideoque
1859 933 1865 951 ⁹

210 1025 293 1075 mundi
309 1023 403 1086 globus,
415 1022 523 1084 partibus
533 1022 583 1070 suis
593 1021 657 1071 intra
672 1033 699 1070 se
711 1021 851 1082 agentibus,
863 1032 893 1068 ao
905 1033 988 1084 perpe·
1033 1033 1128 1072 summe
1140 1022 1250 1084 beatum,
1264 1021 1345 1070 divina
1359 1023 1465 1084 potantia
1480 1023 1607 1085 praeditum
1619 1028 1708 1086 genuit.

210 1113 332 1164 dontibus.
367 1113 417 1161 Nec
427 1123 484 1160 vero
494 1123 579 1159 manue
590 1110 611 1159 ei
623 1107 767 1159 necessarias
775 1121 829 1158 esse
838 1108 918 1169 duxit,
928 1122 985 1158 cum
1064 1113 1113 1160 Neo
1129 1111 1211 1160 tamen
1231 1123 1260 1160 eo
1282 1123 1331 1172 quo
1353 1123 1398 1160 uos
1412 1111 1442 1159 ad
1456 1123 1563 1174 praeseus
1585 1113 1816 1178 toquirnurordiue,

209 1201 268 1250 nibit
280 1204 417 1262 superesset
426 1196 686 1260 comprehendendum.
696 1199 744 1246 Nec
751 1197 831 1258 pedes,
837 1196 950 1258 quoniam
959 1210 989 1246 ex
1034 1200 1115 1248 ortum
1137 1196 1226 1247 animm
1248 1197 1308 1248 deus
1328 1199 1413 1248 annuit
1426 1217 1431 1246 ι
1444 1198 1611 1262 iunioremque
1622 1201 1646 1250 et
1658 1203 1815 1264 posteriorem

211 1291 303 1359 septem
315 1286 420 1336 motibus
428 1299 477 1334 noo
487 1286 598 1335 iocularis
606 1286 628 1334 ei
637 1286 773 1348 quisquam,
781 1285 824 1334 sed
834 1285 989 1347 rationabitis,
1034 1285 1174 1348 corporibus
1187 1284 1316 1362 eamieeit.
1350 1288 1433 1347 Neque
1445 1286 1511 1335 euim
1522 1285 1621 1336 decebat
1632 1301 1683 1338 rem
1697 1290 1817 1351 antiquio·

210 1374 372 1451 competebat,
386 1374 426 1436 qui
437 1373 571 1426 animarum
582 1373 690 1437 proprius
703 1379 739 1423 est
747 1373 872 1422 circuitus.
907 1375 990 1434 Neque
1034 1387 1085 1424 rem
1101 1387 1116 1422 a
1132 1373 1266 1436 postgenita
1280 1373 1338 1435 regi.
1384 1373 1431 1422 Sed
1451 1372 1589 1423 bominibus
1606 1387 1659 1424 mos
1676 1379 1713 1426 est
1729 1379 1816 1438 passim

212 1463 287 1514 uttam
302 1463 382 1512 iocum
394 1475 423 1511 ex
436 1462 489 1511 tooo
501 1467 598 1510 mutans
617 1479 624 1511 ι
645 1460 747 1522 ideoque
758 1461 784 1510 io
801 1460 885 1510 orbem
906 1460 989 1522 tertur,
1035 1464 1229 1523 praepostereque
1244 1461 1269 1511 et
1281 1460 1333 1511 sine
1347 1460 1516 1511 observatione
1527 1461 1619 1512 ordinis
1632 1462 1684 1512 tari.
1717 1467 1748 1514 st
1760 1478 1818 1515 vero

210 1554 235 1600 et
258 1550 324 1600 vetut
350 1549 400 1600 tiro
425 1549 583 1598 circumvolet
601 1548 698 1598 cardine
721 1567 728 1597 ι
751 1550 923 1610 pmptereaque
939 1550 991 1595 rata
1034 1550 1096 1600 deus
1117 1551 1166 1599 tam
1187 1549 1329 1610 antiquitate
1353 1561 1425 1612 quarn
1449 1549 1579 1600 virtutibus
1602 1552 1688 1613 praeire
1711 1553 1817 1602 animaru

211 1642 407 1702 inerrabitisejus
419 1640 516 1702 agitatio
529 1641 574 1688 est.
1034 1636 1141 1700 corporis
1164 1639 1257 1686 naturae
1271 1635 1343 1696 jussit
1360 1655 1366 1686 ι
1385 1635 1556 1700 dominamque
1576 1650 1630 1687 earn
1649 1639 1674 1688 et
1693 1639 1817 1702 principaii

116 1731 120 1738 '
210 1731 214 1735 ’
242 1729 315 1793 §tm
338 1731 397 1778 ttaec
412 1726 581 1789 igituraeteroi
599 1725 642 1775 Dei
660 1725 841 1788 prospicientia,
854 1725 925 1786 iusta
947 1737 990 1773 ua·
1032 1725 1088 1786 iure
1102 1725 1177 1774 votuit
1197 1736 1250 1773 esse
1269 1725 1333 1773 circa
1355 1723 1380 1772 id
1399 1723 1464 1785 quod
1489 1726 1581 1776 tuetur.
1616 1728 1700 1789 itaque
1721 1728 1816 1776 tertium

210 1817 288 1865 tirum
302 1817 327 1865 ot
341 1826 446 1876 uuquam
460 1812 567 1862 tutorum
586 1811 674 1872 deum,
688 1811 859 1871 laevemeum,
871 1814 896 1861 et
913 1813 989 1873 aequi·
1035 1826 1109 1876 genus
1120 1813 1206 1862 animae
1217 1813 1353 1876 composuit
1366 1813 1412 1862 troo
1423 1817 1501 1876 pacto.
1521 1816 1556 1863 Ειι
1573 1813 1697 1864 individua
1710 1829 1816 1879 semper·

212 1917 304 1953 murum
328 1900 528 1962 iodeotieeanue3
548 1901 572 1949 et
592 1913 606 1948 a
627 1898 754 1948 medietate
788 1900 991 1962 undiqueversum
1036 1913 1084 1964 que
1100 1901 1124 1948 in
1141 1911 1185 1948 suo
1205 1900 1269 1948 statu
1293 1900 1460 1962 perseverante
1479 1899 1627 1963 substantia,
1648 1901 1754 1963 itemque
1773 1901 1819 1951 alia

211 1989 344 2052 aequatem,
360 1999 439 2047 esque
453 1985 566 2049 perfectis
582 1985 748 2048 universisque
762 1987 840 2034 totum
861 1987 990 2048 pertractum
1036 1999 1094 2050 quaa=
1111 1985 1275 2048 inseparabilis
1297 1999 1425 2049 corporum
1450 1999 1532 2037 comes
1555 2000 1597 2050 per
1615 1988 1699 2038 eadem
1718 2001 1818 2051 corpora

212 2076 344 2140 progenuit.
378 2075 491 2123 Animam
504 2073 599 2124 veroin
613 2074 666 2135 eius
678 2074 805 2124 medietate
818 2073 921 2136 locavit,
935 2087 992 2124 ean·
1036 2072 1144 2124 scindere
1159 2087 1185 2123 se
1199 2077 1305 2135 putatur,
1316 2074 1414 2124 tertium
1429 2075 1569 2124 substantiae
1581 2089 1657 2137 genus
1671 2075 1774 2126 mixtum
1785 2076 1819 2126 to·

211 2166 315 2227 demque
327 2177 370 2226 per
383 2175 479 2212 omnem
489 2162 585 2224 globum
595 2161 743 2224 aequabiliter
752 2161 839 2224 porrigi
848 2161 917 2222 jussit
927 2176 934 2209 :
945 2175 993 2224 quo
1039 2161 1102 2211 cavit
1116 2181 1122 2211 :
1143 2161 1248 2210 medium
1261 2162 1323 2211 inter
1334 2163 1460 2225 utramque
1477 2163 1645 2212 substantiam.
1677 2163 1817 2226 Eodemque

212 2345 298 2422 ἑαυτῷ
309 2341 355 2400 καί
369 2343 412 2421 bp’
425 2345 522 2400 ἑαυτοῦ
537 2340 640 2419 πάσχον
653 2339 698 2398 καλ
714 2341 781 2418 δρῶν
797 2342 827 2398 ἔκ
840 2339 935 2419 τέχνης
945 2339 991 2416 γε’·
1040 2339 1140 2417 δμαλδν
1148 2344 1272 2420 πανταχῇ
1279 2363 1305 2397 τε
1316 2339 1434 2416 ἔκμίσου
1443 2341 1497 2399 ίσον
1508 2341 1554 2398 καί
1562 2340 1620 2400 ύλον
1635 2341 1680 2399 καλ
1691 2339 1777 2400 afesor
1787 2344 1817 2400 tx

212 2452 296 2506 γανεν·
307 2428 573 2507 ἡγήσατογλραύτδὸ
582 2426 836 2505 ξυντιθελςαύταρκες
846 2426 874 2485 δν
886 2428 991 2504 ἄμεινον
1039 2427 1132 2488 τελέων
1141 2428 1271 2504 σωμάτιον
1282 2431 1359 2503 σῶμα
1370 2428 1486 2499 ἐποίησε·
1498 2427 1584 2507 ψυχὴν
1601 2427 1629 2488 δὲ
1650 2431 1684 2494 εἷς
1695 2429 1725 2488 τὸ
1735 2428 1814 2504 μέσον

216 2515 320 2576 ἔσεσθαι
334 2519 433 2593 μᾶλλον
444 2515 461 2587 ἢ
473 2515 598 2595 προσδεὲς
608 2514 706 2576 ἄλλων.
720 2517 821 2593 Χειρῶν
833 2506 916 2587 δά,αἶς
930 2512 989 2572 ούετ
1039 2517 1116 2574 αύτοδ
1129 2515 1179 2582 θείς
1191 2515 1232 2574 art
1243 2516 1340 2581 παντός
1350 2538 1378 2574 τε
1389 2514 1469 2574 ἔτεινε
1480 2515 1524 2573 καλ
1539 2515 1578 2574 ἔτι
1589 2513 1682 2583 ἔξωθεν
1696 2516 1725 2575 τὸ
1739 2519 1817 2594 σῶμα

213 2604 304 2662 λαόεῖν
320 2604 379 2663 ούτε
394 2594 428 2661 αδ
443 2627 501 2662 τινα
518 2603 668 2679 ἀμύνασθαι
687 2601 764 2684 χρεία
787 2626 826 2669 τις
844 2595 888 2674 ἦν,
904 2600 990 2677 μάτην
1041 2605 1108 2684 αὐτῇ
1122 2603 1296 2684 περιεκάλυψε
1310 2601 1407 2681 ταύτῃ,
1419 2604 1464 2661 καὶ
1479 2603 1569 2685 κύκλῳ
1583 2603 1614 2674 δὴ
1631 2603 1726 2664 κύκλον
1742 2625 1817 2681 στρε-

215 2690 261 2748 ούκ
285 2688 351 2770 ᾤετο
373 2691 427 2748 δεῖν
454 2692 525 2769 αύτῷ
548 2689 716 2768 προσάπτειν·
739 2690 798 2748 οὐδὲ
824 2690 910 2747 ποδῶν
935 2687 992 2746 obit
1042 2690 1152 2771 ρόμενον
1173 2690 1280 2770 ούρανδν
1306 2689 1351 2750 ἕνα
1375 2689 1451 2766 μόνον
1481 2690 1577 2772 ἔρημον
1599 2693 1762 2762 κατέστησε,
1782 2691 1815 2748 δι’

215 2778 280 2846 όλως
298 2783 345 2850 τῆς
365 2778 425 2858 περλ
443 2777 491 2849 τὴν
515 2777 592 2857 βάσιν
611 2775 763 2856 ὑπηρεσίας.
811 2777 922 2848 Κίνησιν
942 2773 992 2854 γάρ
1041 2777 1135 2857 ἀρετὴν
1161 2777 1188 2836 dt
1209 2779 1286 2841 αύτδν
1312 2780 1383 2857 αύτῷ
1407 2777 1547 2854 δυνάμενον
1575 2777 1752 2858 ξυγγίγνεσθαι
1772 2778 1816 2836 καὶ

215 2866 354 2942 ἀπένειμεν
373 2868 443 2945 αὐτῷ
462 2866 510 2935 τὴν
529 2871 575 2923 τοῦ
597 2864 718 2940 σώματος
737 2864 845 2940 οἰκείαν,
860 2867 912 2923 τῶν
927 2862 993 2922 ἔπτὰ
1040 2864 1140 2935 οὖδενδς
1155 2865 1242 2944 ἑτέρου
1265 2866 1465 2947 προσδεόμενον,
1479 2865 1609 2945 γνώριμον
1631 2865 1658 2924 δὲ
1680 2865 1725 2924 καλ
1745 2865 1817 2946 φίλον

212 2951 334 3030 τὴνπερὶ
348 2956 406 3009 νοδν
426 2952 471 3009 καί
489 2951 613 3030 ρρόνησιν
630 2950 748 3028 μάλιστα
763 2942 853 3011 οὖσαν.
896 2950 944 3010 Διδ
960 2948 992 3019 δὴ
1040 2955 1136 3023 ἱκανῶς
1150 2954 1226 3015 αὐτόν
1243 2957 1324 3035 αύτῷ.
1365 2953 1417 3014 Διδι
1433 2952 1520 3012 πάντα
1532 2953 1564 3025 δὴ
1582 2959 1667 3013 ταῦτα
1679 2955 1819 3032 εὐδαίμονα

214 3036 283 3096 κατὰ
293 3036 377 3098 ταύτὰ
388 3040 415 3095 ἐν
427 3041 464 3118 τῷ
477 3041 548 3118 αὐτῷ
560 3038 604 3095 καὶ
615 3041 641 3095 ἐν
654 3040 740 3117 ἑαυτῷ
751 3037 918 3117 περιαγαγὼν
931 3038 994 3095 αὐτὸ
1040 3043 1097 3100 θεὸν
1112 3043 1188 3101 αὐτὸν
1203 3042 1368 3119 ίγεννήσατο.

215 3124 323 3195 ἐποίησε
359 3124 448 3202 κύκλῳ
476 3131 602 3182 κινεῖσθαι
631 3125 815 3204 στρεφόμενον,
842 3124 889 3192 τὰς
914 3124 941 3182 δὲ
966 3124 994 3193 ἓξ
1082 3127 1178 3197 Τὴνδὲ
1193 3128 1224 3197 δὴ
1240 3128 1327 3206 ψυχὴν
1343 3130 1392 3205 οὐχ
1405 3129 1496 3193 ὡςνδν
1510 3126 1622 3205 ύστίραν
1637 3130 1819 3207 ἐπιχειροῦμεν

214 3210 320 3276 ἁπάσας
344 3209 457 3280 κινήσεις
487 3213 577 3292 ἀρεῖλε
602 3210 647 3268 καλ
673 3211 788 3277 ἀπλανὲς
815 3212 993 3289 ἀπειργάσατο
1042 3213 1136 3289 λέγειν,
1155 3212 1235 3279 οὕτως
1255 3213 1444 3292 ἐμηχανήσατο
1466 3214 1510 3271 καὶ
1530 3218 1544 3273 ὁ
1562 3212 1617 3279 θεὸς
1637 3213 1818 3291 νεωτέραν·ού

214 3296 330 3357 ἐκείνων.
372 3296 436 3357 Ἐπὶ
461 3296 488 3355 δὲ
511 3298 559 3370 τὴν
587 3296 707 3376 περίοδον
736 3296 833 3367 ταύτην
861 3297 901 3354 ἅτ’
919 3299 992 3355 οὐδὲν
1022 3299 1093 3379 ιγᾶρ
1108 3299 1139 3356 ἂν
1155 3301 1283 3379 ἄρχεσθαι
1300 3298 1474 3377 πρεσύύτερον
1489 3300 1541 3379 ὑπό
1556 3298 1680 3377 νεωτέρου
1703 3298 1821 3376 ξονέρξιις

214 3385 300 3445 ποδῶν
316 3384 372 3442 δέον
386 3384 493 3451 ἀσκελὲς
506 3386 552 3442 καὶ
569 3384 650 3442 ἄπουν
670 3382 733 3442 αύτδ
747 3383 892 3461 ἐγέννησεν.
1042 3386 1136 3445 εἴασεν·
1153 3386 1221 3444 ιἰλλά
1235 3410 1291 3454 ποις
1303 3390 1379 3462 ἡμεῖς
1398 3385 1464 3443 πολὺ
1481 3384 1631 3465 μετέχοντες
1644 3388 1690 3443 τοῦ
1705 3388 1819 3463 προστυ·

254 3474 368 3534 xviii.
388 3474 404 3549 §
431 3483 478 3535 12.
495 3464 578 3538 Οὗτος
600 3473 632 3543 ti,
652 3480 704 3537 πᾶς
718 3470 798 3537 ὄντως
814 3471 855 3530 ἀεὶ
869 3472 993 3549 λογισμὸς
1042 3478 1133 3551 χόντος
1144 3496 1172 3531 τε
1187 3472 1232 3531 καί
1244 3476 1301 3551 εἰκῇ
1316 3462 1399 3552 ταύτῃ
1412 3496 1449 3552 πῃ
1462 3472 1507 3530 καί
1520 3474 1640 3550 λέγομεν,
1655 3475 1670 3529 δ
1684 3471 1711 3529 δὲ
1723 3471 1768 3529 καὶ
1780 3495 1821 3548 γε·

215 3567 272 3622 θεοῦ
293 3560 354 3643 περὶ
367 3562 411 3622 τὸν
424 3560 487 3620 ποτὲ
503 3560 624 3638 ἐσόμενον
639 3558 695 3619 θεὸν
715 3558 842 3636 λογισθεὶς
856 3562 923 3618 λεῖον
944 3561 989 3618 καὶ
1039 3559 1107 3617 νέσει
1130 3559 1175 3618 καλ
1196 3565 1275 3640 ἀρετῇ
1302 3557 1429 3638 προτέραν
1455 3559 1500 3617 καλ
1528 3556 1708 3638 πρεσόυτέραν
1727 3558 1816 3637 ψυχὴν

214 3772 332 3821 mundum
346 3784 426 3834 neqm
439 3784 512 3833 egere
530 3771 616 3821 attero.
651 3770 775 3833 ltaqueei
795 3782 840 3819 nec
859 3780 944 3817 manus
960 3768 995 3817 at·
1039 3770 1104 3832 quod
1119 3783 1200 3820 sectum
1215 3770 1294 3831 ipsum
1309 3775 1404 3833 propter
1419 3770 1533 3833 virtutem
1545 3768 1614 3819 tacite
1622 3780 1675 3818 esse
1685 3772 1766 3830 posset
1775 3781 1819 3817 nec

214 3859 298 3920 tinnit,
310 3860 369 3921 quia
381 3872 425 3910 nec
436 3858 580 3922 capiendum
592 3858 725 3922 quidquam
736 3862 804 3919 mat,
817 3869 862 3907 nec
879 3856 994 3919 repetien-
1042 3857 1188 3908 desideraret
1201 3858 1318 3918 atterum,
1330 3858 1388 3906 satis
1407 3856 1451 3906 sibi
1469 3856 1548 3919 ipsum
1561 3858 1644 3905 notunr
1659 3860 1684 3905 et
1695 3854 1818 3905 familiare.

213 3946 272 3996 dum
290 3968 295 3995 :
311 3960 356 3996 nec
376 3947 448 4009 pedes
469 3959 515 3996 nec
534 3945 582 3995 etia
603 3946 727 4008 membra,
742 3944 831 4008 quibus
862 3944 995 4005 ingressum
1040 3946 1080 3997 Sic
1097 3945 1157 3997 deus
1176 3946 1214 3995 iiie
1230 3948 1336 3995 aeternus
1353 3946 1419 3994 buno
1438 3945 1541 4008 perfecte
1564 3943 1660 3993 beatum
1678 3943 1750 3992 deum
1763 3955 1820 4004 pro·

214 4031 322 4093 eorporis
345 4031 481 4081 sustineret.
514 4034 607 4081 Notum
623 4032 688 4082 enim
709 4030 776 4082 dedit
796 4031 855 4082 caio
875 4030 995 4092 eum,qui
1039 4034 1141 4082 creavit
1173 4032 1219 4081 Sed
1233 4033 1340 4081 animum
1354 4032 1417 4080 baud
1431 4033 1479 4093 ita,
1494 4033 1523 4081 ut
1537 4030 1610 4080 modo
1626 4030 1700 4079 locuti
1717 4041 1818 4089 sttruos,

214 4119 297 4182 tiguraa
308 4119 360 4179 ejus
372 4121 437 4169 esset
449 4119 605 4181 aptissimus,
617 4120 659 4181 qui
671 4132 734 4169 unus
748 4134 776 4169 er
789 4122 881 4182 septem
891 4119 995 4168 motibus
1039 4121 1091 4169 tum
1103 4119 1216 4182 denique,
1226 4133 1302 4181 quuru
1318 4132 1408 4191 eorpus
1416 4120 1438 4169 ei
1448 4118 1582 4181 effecisset,
1594 4111 1723 4167 inchoavit.
1738 4120 1820 4178 Neque

214 4209 319 4255 mentam
332 4210 406 4268 atque
424 4204 603 4266 intelligentiam
614 4206 687 4256 cieret
701 4206 814 4255 marimo.
848 4208 933 4269 ltaque
948 4219 996 4254 una
1040 4208 1103 4257 enirn
1124 4211 1186 4258 esset
1204 4213 1310 4271 rectum,
1332 4208 1419 4257 minori
1438 4220 1520 4269 perere
1542 4206 1666 4269 majorem.
1710 4206 1757 4255 Sed
1776 4217 1820 4253 nos

214 4296 372 4346 conversione
382 4299 455 4356 atque
468 4294 551 4344 eadem
562 4294 613 4357 ipse
626 4294 719 4343 circum
730 4308 756 4343 se
767 4297 895 4355 torquetur
907 4298 931 4343 et
943 4307 996 4343 ver·
1040 4298 1116 4347 muita
1138 4298 1312 4348 inconsiderate
1334 4311 1364 4347 ac
1386 4302 1477 4349 temere
1503 4298 1613 4349 dicimus.
1652 4300 1716 4348 Deus
1740 4300 1820 4345 autent

126 4421 131 4432 1
214 4383 283 4435 titur·
316 4386 364 4433 Sex
378 4385 460 4431 tutem
474 4381 894 4445 reliquosmoiuubeoiepmtit·
913 4384 996 4444 itaque
1039 4391 1063 4439 et
1078 4390 1134 4438 ortu
1154 4390 1178 4438 et
1199 4388 1287 4438 virtrrte
1311 4388 1469 4451 antiquiorem
1489 4389 1572 4451 genartt
1590 4388 1698 4437 animum
1717 4396 1821 4446 eumque

214 4486 270 4522 eum
286 4474 317 4521 ab
333 4473 398 4523 omni
415 4472 534 4523 erratione
556 4471 679 4522 tiberavit.
713 4472 749 4521 Ad
771 4473 832 4520 trane
846 4471 918 4534 igitur
937 4485 996 4520 con·
1041 4479 1067 4523 ut
1078 4474 1204 4524 dominum
1214 4477 1285 4537 utque
1296 4476 1453 4538 imperantem
1462 4474 1581 4526 obedienti
1591 4474 1697 4537 preterit
1704 4470 1799 4536 corpori
1813 4482 1820 4517 ε

214 4557 360 4618 versionem,
374 4571 430 4621 quaa
442 4556 543 4621 pedibus
554 4559 578 4607 et
593 4557 669 4620 gradu
684 4570 733 4606 non
748 4556 995 4619 egeret,ingrediendi
1039 4556 1111 4619 idque
1124 4557 1221 4608 nroiitus
1231 4559 1271 4607 tati
1284 4558 1389 4620 quodam
1403 4564 1439 4609 est
1451 4560 1531 4609 modo.
1564 4557 1821 4617 damnatumque

215 4644 458 4695 membrruondedit.
467 4643 492 4709 [§
503 4643 549 4708 tu]
557 4644 758 4707 timcdeusis,qui
765 4643 996 4707 erat,deaiiquaudo
1039 4644 1162 4695 individua
1173 4651 1211 4695 est
1222 4649 1247 4696 et
1258 4660 1314 4710 quau
1326 4660 1422 4709 semper
1434 4648 1507 4697 troius
1521 4646 1586 4696 modi
1601 4646 1687 4707 suique
1701 4642 1785 4692 similis
1796 4645 1821 4691 et

214 4731 260 4781 deo
271 4732 354 4781 tuturo
370 4732 493 4793 cogitans,
507 4732 583 4782 iovem
598 4745 653 4781 euru
667 4731 747 4781 ettecit
762 4733 786 4780 et
795 4730 900 4792 undique
913 4744 996 4793 requa-
1040 4746 1069 4781 ει
1079 4746 1182 4795 ea,qum
1192 4732 1216 4782 in
1229 4735 1369 4796 corporibus
1381 4734 1600 4797 dividuagigoitur,
1609 4734 1704 4783 tertium
1714 4730 1821 4779 matutae

216 4819 288 4869 bitom
297 4821 347 4868 ota
362 4818 442 4868 modio
461 4819 491 4867 ad
509 4833 632 4868 summurn
644 4832 725 4881 parem
740 4820 763 4868 et
780 4819 911 4881 perfeetum
923 4820 997 4881 atque
1040 4834 1114 4883 genus
1125 4835 1154 4871 ex
1164 4820 1257 4881 duobus
1270 4823 1293 4871 io
1307 4822 1412 4873 medium
1427 4822 1563 4883 admiscuit,
1571 4820 1634 4885 quod
1642 4822 1705 4891 esset
1714 4816 1821 4879 ejusdem

216 4906 355 4956 absolutum
372 4920 403 4957 ex
420 4906 537 4956 absotutis
553 4908 625 4968 atque
636 4907 756 4969 perfectis.
789 4905 903 4955 Animum
915 4909 995 4954 aritenr
1041 4912 1178 4970 naturae„et
1187 4910 1250 4971 quod
1260 4910 1358 4959 atterius
1369 4910 1457 4973 :idque
1466 4910 1583 4971 interjecit
1595 4909 1657 4959 inter
1670 4906 1820 4956 individuum

216 4996 244 5042 ut
261 4994 285 5042 in
299 5007 329 5045 eo
345 4994 425 5043 rnedio
439 4994 583 5056 cotioeavit,
598 4994 631 5043 ita
640 5008 682 5055 per
694 4998 771 5043 totum
782 4992 996 5044 tetenditzdeinde
1041 4998 1113 5058 atque
1127 4996 1239 5059 id,quod
1253 4994 1379 5046 dividuum
1393 4999 1612 5060 essetinoorpore.
1645 4998 1765 5057 anuuru
1776 4993 1822 5043 tria

216 5092 273 5129 eum
289 5081 449 5132 circumdedit
460 5095 561 5144 mrpore
569 5088 593 5132 et
603 5082 699 5131 vestivit
708 5082 997 5143 exstrinsecuszcaetoque
1042 5082 1196 5146 sumpsisset,
1216 5096 1289 5132 ranam
1312 5084 1334 5131 in
1354 5085 1458 5147 speciem
1478 5084 1620 5147 temperavit
1636 5098 1643 5131 ε
1662 5087 1822 5143 natrrramque

216 5167 324 5230 solivago
342 5171 367 5219 et
383 5170 480 5218 voiubiti
494 5174 518 5220 et
535 5171 560 5219 in
577 5170 659 5219 orbem
674 5171 770 5220 incitato
787 5171 925 5232 complexus
945 5174 996 5224 est.
1041 5168 1208 5231 itiam,quarn
1227 5173 1324 5221 atterius
1338 5172 1451 5234 divimus,
1466 5172 1489 5222 vi
1509 5184 1564 5222 oum
1585 5170 1667 5221 eadem
1682 5166 1821 5230 coniunxit,
1897 5166 1905 5180 ‘
