3959 5925
694 387 931 449 FRAGMENTA
954 387 1086 447 vauls.
1643 404 1679 454 aa

92 520 230 598 άρμονίαν.
270 521 301 582 “A
318 545 346 580 τε
360 520 410 603 γάρ
425 522 505 601 τίχνα
521 522 576 583 ἐστὶ
593 522 668 600 λόγος
682 523 727 581 καὶ
742 521 796 580 ἰδία
815 523 867 579 τῶν
912 517 1041 594 ἐνέργειαν
1055 512 1120 577 εἶναί
1132 542 1189 577 τινα
1202 522 1296 599 ψυχῆς.
1340 518 1416 579 Ἐπεὶ
1430 520 1608 599 δ’όπράττων
1624 546 1684 602 συγ-

91 610 235 687 γινομίνων
247 612 293 670 καί
307 609 393 691 φάσις.
435 611 475 671 Τὸ
489 610 536 688 μὲν
552 600 588 667 ὦν
600 608 673 689 ἔργον
689 607 868 689 ἁμαρτάνεται
911 606 1009 685 χρῆταί
1022 629 1076 664 τισι
1085 606 1149 685 πρὸς
1161 605 1208 679 τὴν
1223 605 1373 678 τελειότητα
1383 612 1430 678 τῆς
1444 609 1601 687 προθέσεως,
1616 611 1683 691 μέρη

90 701 118 755 ἓν
141 700 196 767 τοῖς
216 700 362 779 sepultae,
380 699 445 758 ὅκκα
472 698 628 780 παραλλάξῃ
645 698 689 757 τόν
712 708 759 764 τᾶς
773 694 867 777 τέχνας
911 698 994 751 ταῦτα
1008 695 1037 752 οὐ
1057 691 1132 773 ‘xpi
1144 694 1255 768 νομίζειν
1268 698 1315 764 τῆς
1331 693 1469 773 ἐνεργείας·
1482 695 1566 755 καίτοι
1580 722 1608 776 γε
1624 704 1682 759 Ent-

89 786 183 864 λόγον·
195 788 227 846 τά
240 788 267 847 δὲ
279 786 402 867 γινόμενα
414 789 477 867 φόσι
488 786 498 822 ¹
509 787 637 867 φθείρεται
650 786 723 867 πηρά
734 785 779 844 καί
789 788 868 864 άναρ·
911 780 1036 852 ζητούσης
1046 778 1168 858 ἑκατέρας
1177 784 1229 839 τῶν
1240 779 1381 859 εἰρημένων
1391 780 1420 839 τὸ
1430 788 1544 841 τοιοῦτον
1555 781 1577 855 ⁶,
1591 786 1620 841 οὐ
1631 786 1683 861 μὴν

90 879 139 952 θρα
165 874 302 955 γινόμενα,
334 875 401 934 όκκα
428 874 582 955 παραλλάξῃ
606 874 650 933 τὸν
672 884 719 941 τᾶς
743 873 867 953 ἁρμονίας
910 871 945 935 ὡς
962 868 1055 948 μέρος,
1078 870 1112 936 ὡς
1131 868 1157 927 δὲ
1172 868 1307 941 ποιητικὸν
1322 873 1368 939 τῆς
1382 868 1486 948 τέχνης.
1527 869 1568 929 Τά
1583 869 1632 951 γὰρ
1647 865 1682 932 ὧν

89 964 182 1043 λόγον.
911 955 973 1014 άνευ
996 955 1119 1035 πράττειν
1134 959 1218 1016 ὁτιοῦν
1244 956 1388 1031 ἀδύνατον,
1414 956 1479 1036 μέρη
1494 962 1541 1029 τῆς
1559 962 1684 1038 ἐνεργείας

132 1052 276 1129 (Stobaeus
291 1052 386 1130 Eclog.
400 1052 477 1115 lib.l
490 1073 553 1131 cap.
570 1073 619 1124 αι,
632 1072 698 1129 pag.
710 1053 768 1121 lati
782 1069 864 1126 seqq.
910 1041 1012 1120 λέγειν,
1034 1044 1080 1102 οὐκ
1102 1041 1186 1121 ὀρθόν.
1226 1042 1266 1101 'lh
1289 1042 1335 1120 μὲν
1355 1043 1406 1123 γάρ
1428 1044 1505 1122 μέρος
1527 1048 1684 1127 ἐπινοεῖσθαι

89 1139 136 1198 ed.
151 1143 277 1198 Heereu.
292 1140 402 1218 Scripsi
419 1162 426 1198 τ
442 1142 495 1197 Ιαἷ
507 1138 563 1217 μεθ’
577 1138 667 1217 άτερόν
681 1152 708 1195 τι
722 1129 767 1209 ἧς,
781 1136 866 1214 huelp·
911 1128 1025 1189 κατὰτὸ
1047 1128 1266 1208 συμπληρωτικὸν
1280 1138 1325 1189 τοῦ
1347 1130 1408 1189 iilos
1425 1130 1458 1189 τά
1472 1132 1495 1188 θ’
1510 1122 1546 1189 ὦν
1561 1137 1607 1192 οὐκ
1623 1136 1682 1194 άνευ

88 1248 134 1303 χοι
150 1250 204 1299 κα;
217 1228 302 1289 codd.
315 1229 337 1286 ei
352 1231 408 1302 μεθ’
425 1227 506 1307 ἑτέρω
518 1226 585 1293 τινὸς
600 1226 713 1305 ὑπάρχοι
725 1225 766 1282 ἄν.
782 1221 865 1279 Ι’άνε-
911 1215 980 1275 κατὰ
998 1215 1029 1276 τὸ
1050 1216 1204 1291 ποιητικόν,
1220 1219 1258 1296 τῷ
1278 1216 1362 1297 φέρειν
1383 1217 1428 1277 καὶ
1452 1220 1582 1298 συνεργεῖν
1599 1224 1635 1289 εἰς
1654 1226 1683 1281 τὸ

87 1314 232 1387 παύσατο;
246 1316 330 1375 codd.
344 1316 486 1393 ἔμπαυσιν.
502 1322 514 1352 ⁰
528 1314 593 1394 ἐξεῖς
607 1316 677 1373 libri
692 1313 752 1383 ἔξει.
767 1310 782 1347 ⁶
799 1315 864 1369 θπσ·
910 1303 993 1368 τέλος.
1071 1330 1079 1351 ·

87 1402 208 1461 λείπεται
214 1426 224 1476 ;
250 1403 424 1463 membranae
448 1403 577 1462 κατάλιπε
605 1405 651 1461 vel
667 1399 863 1459 καταλείπεται.
950 1390 1100 1471 (stobaeus
1115 1390 1213 1451 Floril.
1237 1390 1315 1463 elil,
1337 1394 1383 1449 αθ.
1399 1392 1508 1451 Posui:
1525 1395 1634 1459 ἀὐλοῖς
1649 1417 1685 1455 ex

87 1478 451 1563 εάλλαλαμοάά.αἰλλιίλως
464 1489 674 1560 salamiam!
690 1488 763 1570 φύσι·
777 1487 863 1548 codd.
910 1477 1008 1554 Eclog.
1028 1478 1081 1538 lib.
1099 1477 1127 1535 ll
1152 1498 1215 1555 cap.
1237 1500 1252 1549 7
1273 1499 1302 1555 p.
1330 1488 1384 1551 apl
1408 1479 1454 1540 ed.
1477 1480 1574 1553 Heer.;
1598 1483 1681 1545 codd.

90 1576 177 1655 φάσει.
186 1582 196 1655 )

270 1707 273 1719 ’
374 1728 582 1789 saturator.

127 1870 183 1939 Ὦς
199 1894 264 1952 φησι
279 1874 415 1940 Καικίλιος
428 1878 443 1933 ὁ
457 1846 633 1953 Πυθαγόρειος
646 1874 672 1931 ἐν
693 1873 793 1951 ῥήμασι
806 1871 865 1931 τοό·

89 1982 156 2025 τοις·
170 1960 277 2069 ἡΙτριάς
291 1960 382 2040 πρίει-η
393 1959 548 2033 συνέστησεν
557 1958 660 2040 άρχην,
674 1959 806 2035 μεσότητα
821 1963 865 2018 καλ

89 2048 293 2213 πλεθξάόότρια
308 2155 325 2194 e
338 2135 452 2194 Joanne
467 2135 625 2195 Laurentio
641 2133 723 2210 Lydo
745 2135 775 2191 in
797 2135 861 2192 cod.

91 2223 185 2377 ἷίργρρ.
196 2224 277 2388 )3367
300 2224 350 2281 lot.
371 2246 421 2297 77,
435 2223 488 2283 ubi
503 2225 579 2282 male
593 2223 733 2300 scriptum
752 2235 794 2281 est
814 2225 864 2282 Κε·

30 2471 38 2496 “
117 2462 170 2521 ΕΚ
191 2462 268 2521 ΤΗΣ
287 2462 456 2521 ΔΙΔΥΜΟΥ
474 2460 549 2521 ἸῸΥ
569 2460 840 2519 ΠΥΘΑΓΟΡΕΙΟΥ

142 2549 343 2653 antiosilii
357 2551 385 2609 H
396 2546 594 2697 llllffllgim
615 2547 809 2607 ΑΙΡΙΞΣΕΩΝ

129 2807 153 2847 1.
176 2786 234 2857 Τὴν
257 2785 280 2843 δ’
294 2785 459 2861 εὐδαιμονίαν
475 2788 505 2845 ἐκ
525 2788 576 2845 τῶν
590 2787 677 2845 καλῶν
691 2786 806 2864 γίνεσθαι
820 2786 865 2843 καὶ

90 2872 292 2953 προηγουμένων
298 2872 428 2953 πράξεων.
470 2872 517 2933 Διὸ
524 2873 569 2931 καί
579 2872 610 2930 δι’
620 2874 687 2931 όλων
695 2864 760 2931 εἶναι
769 2870 864 2943 καλήν,

88 2963 207 3040 καθάπερ
219 2961 264 3018 καί
278 2961 326 3031 τὴν
340 2965 367 3020 ἐν
381 2969 433 3027 τοῖς
443 2963 529 3028 αὐλοῖς
541 2971 551 2998 ³
563 2961 692 3041 ἐνέργειαν
705 2963 738 3018 δι’
748 2961 814 3021 ὅλων
824 2963 864 3020 ἔν-

87 3073 190 3128 τεχνον.
233 3051 275 3110 Οὐ
291 3047 341 3128 γάρ
354 3049 501 3118 ίκόιόάζειν
513 3050 561 3119 τὴν
575 3052 727 3130 παράληψιν
739 3052 789 3106 τῶν
804 3051 861 3107 ὑλι-

88 3141 141 3194 κῶν
157 3139 246 3218 ἀρχῶν
266 3140 312 3206 τῆς
330 3138 493 3217 τίλικρινείας
510 3143 556 3195 τοῦ
577 3140 659 3196 καλοῦ
673 3139 720 3208 την
739 3137 862 3212 εὐδαιμο-

88 3223 161 3296 νίαν,
175 3229 210 3292 ὡς
220 3225 279 3284 οὐδὲ
289 3223 336 3294 τὴν
350 3229 396 3296 τῆς
409 3228 526 3304 ἰατρικῆς
535 3227 653 3303 ἔντεχνον
666 3223 698 3282 δι’
710 3221 777 3282 ὅλων
794 3225 863 3301 ἐνέρ·

89 3335 162 3387 γιιαν
174 3310 223 3382 τὴν
235 3315 287 3371 τῶν
299 3311 415 3390 ὀργάνων
426 3318 535 3392 χρῆσιν·
545 3323 633 3372 πᾶσαν
645 3311 692 3389 μὲν
705 3313 757 3391 γάρ
769 3311 863 3392 πρᾶξιν

87 3534 139 3580 tarn
154 3532 249 3581 ratione
262 3533 356 3582 onustat
366 3533 517 3595 mssitahqae
532 3545 612 3581 reram
632 3530 796 3594 fingendarum
811 3545 864 3594 spe·

86 3621 136 3678 cie,
147 3623 203 3668 tum
215 3625 307 3669 natura.
339 3621 407 3670 sicut
419 3621 491 3683 igilur
502 3621 600 3670 artificis
612 3633 688 3683 opus,
702 3621 761 3670 artis
773 3620 864 3669 ratione

86 3706 246 3767 destitutum,
259 3708 422 3770 corrumpitur
444 3728 451 3757 ε
473 3708 507 3757 ita
528 3709 730 3768 salutamen,
752 3706 865 3754 memhris

86 3797 157 3856 capta
168 3807 198 3844 ae
206 3795 340 3857 debilitata,
351 3796 449 3859 quaudo
457 3796 489 3845 ab
501 3795 632 3846 harmonio
639 3795 730 3844 ratione
739 3793 864 3854 dissident,

85 3883 186 3932 interire
197 3895 293 3933 neumae
306 3886 354 3935 est.

410 4014 541 4064 cfficlttt.
580 3971 595 4002 ο

116 4139 151 4186 Ut
169 4136 205 4185 ait
216 4137 328 4187 cecilius
342 4138 549 4200 Pptltagorcashis
566 4140 645 4188 ambis
658 4157 665 4186 ι
680 4140 756 4187 tentio
773 4139 863 4201 primus

85 4224 213 4274 «tinstituit
223 4225 333 4286 initiam,
347 4225 454 4276 medium
467 4231 491 4276 et
506 4227 587 4276 tinem.

111 4351 131 4398 tt
147 4351 266 4400 olom
283 4352 484 4402 PYTHAGOREI
498 4355 638 4403 Epirotae
654 4357 724 4405 SIVE
740 4359 832 4406 LIBRO

247 4433 290 4478 ott
305 4433 574 4484 ebriosorltottolt
589 4437 700 4486 sectis.

119 4561 140 4606 t.
158 4557 307 4608 Felicitatem
328 4573 343 4610 o
365 4559 434 4611 honis
455 4562 606 4624 honestisque
632 4564 765 4614 actionibus
796 4567 863 4615 oriri.

84 4645 209 4701 Quocirca
219 4658 273 4696 eam
282 4647 381 4696 omuino
392 4660 445 4698 essa
464 4649 607 4711 pulchram,
622 4651 823 4712 quemadmodum
841 4658 865 4703 et

910 1563 1006 1630 ἄλλοις.
1015 1562 1027 1601 ¹³
1037 1567 1130 1623 θλικῶν
1140 1584 1174 1621 ex
1186 1564 1284 1641 Eclog.
1297 1567 1316 1623 l.
1330 1565 1458 1637 c.;codd.
1473 1568 1575 1628 θλικῶν.
1589 1570 1637 1625 θού
1649 1588 1685 1626 ex

910 1650 1010 1728 Eclog.
1026 1652 1048 1709 l.
1069 1671 1108 1723 c.;
1122 1650 1202 1710 deest
1223 1652 1253 1708 in
1276 1654 1463 1714 membranis.
1478 1652 1490 1688 ⁶
1507 1653 1537 1712 τὸ
1557 1660 1684 1729 sinaitam

910 1738 981 1797 libri
991 1738 1138 1819 ἑκάτερον.)

949 1845 974 1885 a.
998 1826 1161 1905 Ξενοφάνους
1179 1828 1283 1906 πρώτου
1296 1835 1307 1863 ⁸
1322 1826 1395 1904 λόγος
1409 1820 1484 1899 ἦλθεν
1497 1832 1531 1895 εἷς
1544 1828 1602 1895 τοὺς
1615 1830 1683 1891 Ἕλ-

910 1916 1008 1989 ληνας,
1026 1912 1095 1981 άξιος
1109 1917 1229 1993 γραφῆς,
1245 1913 1301 1989 άμα
1315 1917 1408 1996 παιδιᾷ
1427 1914 1472 1983 τάς
1486 1940 1516 1994 γε
1532 1921 1582 1975 τῶν
1598 1918 1683 1977 ἄλλων

909 2002 1008 2075 τολμας
1020 1999 1237 2076 ἐπιπλήττοντος,
1252 2001 1298 2061 καλ
1308 2001 1357 2073 τὴν
1370 2005 1447 2061 αὐτοῦ
1457 2006 1630 2084 παριστάντος
1643 2010 1685 2065 εὖ·

909 2087 1034 2161 λάόειαν,
1049 2091 1084 2154 ὡς
1097 2088 1148 2165 άρα
1165 2087 1221 2157 θεὸς
1243 2086 1290 2164 μὲν
1307 2079 1359 2147 οἶδε
1373 2088 1419 2159 τὴν
1435 2091 1570 2163 ἀληθειαν,
1587 2120 1599 2145 ιι
1614 2093 1686 2159 θόκος

911 2174 934 2231 δ’
945 2175 989 2232 ἐπὶ
1001 2183 1066 2233 πάσι
1079 2174 1237 2233 τέτυκται.»
1279 2173 1313 2235 ‘ll
1337 2176 1384 2251 μὲν
1399 2175 1448 2257 γάρ
1462 2179 1599 2259 φιλοσοφία
1617 2181 1696 2258 θήρα,
1729 2224 1730 2229 ,

910 2265 956 2331 τῆς
970 2260 1091 2331 ἀληθείας
1106 2262 1162 2320 ἐστὶ
1177 2261 1223 2319 καὶ
1233 2260 1317 2341 ,όρεξις
1330 2262 1375 2321 καὶ
1390 2267 1442 2321 τῶν
1458 2268 1685 2346 συγγορευτριῶνὴ

910 2348 955 2407 καί
964 2352 1011 2419 τῆς
1019 2349 1082 2427 πρὸς
1095 2348 1175 2415 αὐτάς
1184 2356 1195 2385 ⁰
1204 2349 1364 2430 συμφωνίας,
1377 2351 1465 2429 φησίν.
1508 2356 1542 2412 Εἰ
1552 2354 1579 2411 δὲ
1589 2354 1684 2425 ναύτην

911 2434 931 2505 ἢ
950 2436 1111 2516 στρατιώτην
1126 2443 1229 2516 θεωρεῖς
1243 2440 1267 2511 ⁶,
1283 2438 1390 2517 πότερον
1412 2444 1425 2497 ὁ
1451 2440 1583 2521 ἅνθρωπος
1610 2443 1687 2508 αὐτὸς

912 2528 998 2604 ἑαυτῷ
1011 2526 1169 2595 πεπυιῆσθαί
1182 2547 1222 2583 σοι
1234 2526 1304 2583 δοκεῖ
1317 2530 1339 2599 ⁰,
1353 2525 1370 2595 ἢ
1386 2527 1448 2602 πρὸς
1463 2528 1611 2600 κοινωνίαν;
1623 2530 1686 2607 πρὸς

910 2612 1057 2673 κοινωνίαν.
1099 2612 1169 2671 Ὑπὸ
1193 2614 1275 2685 τίνος;
1296 2612 1366 2671 ‘lah
1387 2618 1434 2683 τῆς
1456 2614 1566 2693 φύσεως.
1609 2617 1686 2683 Τίνος

911 2698 989 2769 οὔσης
1001 2699 1111 2766 καὶπῶς
1121 2725 1129 2773 ;
1141 2700 1293 2770 Διοικοίισης
1307 2700 1340 2757 τά
1355 2699 1414 2760 ὅλα.
1459 2701 1511 2759 Καί
1522 2701 1628 2783 πότερον
1642 2703 1684 2761 οὔ·

910 2810 956 2859 σης
970 2788 988 2857 ἢ
1005 2788 1059 2862 μείς
1071 2787 1167 2847 Ταῦτα
1179 2790 1224 2845 οὐκ
1234 2786 1272 2845 ἔτι
1288 2788 1428 2867 άναγκαῐυν
1444 2791 1683 2868 πολυπραγμονεῖν.

951 2873 1098 2952 (Stobaeus
1121 2874 1219 2950 Eolog.
1237 2873 1336 2933 libii
1363 2894 1425 2953 cap.
1442 2898 1474 2949 1,
1491 2896 1557 2953 pag.
1580 2886 1613 2945 ιη
1637 2880 1683 2937 ed.

910 2963 1030 3021 lleeren.
1043 2964 1143 3021 Prima
1154 2962 1244 3021 verba
1258 2964 1327 3022 inde
1341 2983 1358 3022 a
1370 2964 1531 3044 Ξενοφάνους
1543 2985 1634 3043 usqae
1649 2969 1685 3025 ad

908 3052 1046 3122 τέτυκται,
1067 3071 1130 3129 qum
1151 3053 1181 3110 in
1207 3051 1383 3109 membranis
1402 3053 1534 3129 apposito
1553 3054 1686 3112 lemmate

910 3138 1072 3220 Ξενοφάνους
1093 3138 1275 3215 Colophonio
1296 3139 1468 3216 philosopho
1487 3140 1683 3212 vindicantur,

910 3248 969 3286 non
985 3247 1070 3305 posse
1091 3245 1153 3284 esse
1176 3225 1364 3303 Xenophontis
1385 3227 1564 3285 carminibus
1581 3229 1687 3292 vatici-

910 3315 989 3387 nati,
1013 3327 1089 3372 recte
1112 3314 1255 3370 intellexit
1275 3314 1445 3374 Heereuius.
1467 3315 1523 3383 Qui
1547 3317 1685 3392 qnoniam

909 3534 953 3581 tim
967 3544 995 3581 ea
1011 3536 1089 3593 parles
1102 3531 1182 3593 operis
1196 3531 1327 3580 existimati
1347 3532 1459 3587 convenit
1473 3549 1480 3579 τ
1497 3532 1606 3593 quanda
1619 3535 1684 3582 ntra-

909 3632 957 3680 que
975 3631 1073 3679 earam,
1093 3632 1197 3680 quarum
1216 3619 1305 3668 mentio
1320 3618 1382 3667 lacta
1396 3623 1447 3678 est,
1462 3619 1549 3668 attium
1565 3619 1613 3667 tale
1626 3621 1686 3680 qnid

910 3704 1029 3766 requirat,
1041 3716 1088 3752 non
1103 3707 1182 3754 lamen
1196 3707 1223 3752 ut
1234 3705 1339 3765 partem,
1349 3704 1391 3752 sed
1404 3707 1535 3752 utcausam
1543 3705 1684 3754 elicientem

909 3793 976 3840 artis.
1010 3795 1117 3852 Namque
1133 3805 1160 3840 ea
1173 3791 1223 3839 aine
1239 3791 1328 3852 quihus
1339 3791 1377 3852 agi
1392 3791 1514 3852 quidpiam
1526 3805 1573 3841 non
1590 3795 1684 3854 potest,

910 3877 987 3936 partes
996 3875 1078 3938 ‚operis
1091 3888 1138 3923 aon
1154 3877 1218 3924 recte
1230 3874 1389 3925 nominantur.
1425 3877 1482 3922 Pars
1496 3875 1559 3922 enim
1574 3875 1684 3924 musida-

910 3966 985 4022 ralnr‚
999 3963 1116 4024 quatenns
1130 3961 1160 4010 ad
1173 3962 1249 4011 totum
1262 3961 1432 4025 complendum
1441 3962 1497 4010 lacit
1508 3975 1513 4004 ε
1526 3974 1553 4010 ea
1568 3975 1625 4012 vero
1634 3965 1684 4013 sine

909 4049 997 4110 quibus
1011 4049 1101 4112 aliquid
1111 4049 1162 4098 lteri
1174 4050 1277 4112 aequit„
1286 4062 1329 4112 pro
1342 4061 1415 4098 caasa
1429 4048 1546 4098 eliciente
1558 4049 1683 4111 trahentur,

911 4141 937 4184 ot
951 4149 1006 4196 quac
1018 4136 1048 4185 ad
1063 4137 1134 4184 finem
1147 4136 1223 4188 leant
1234 4149 1262 4184 aa
1271 4136 1370 4198 prosint.
1632 4196 1641 4215 γ

943 4231 966 4274 2.
985 4225 1137 4286 xenoplaanis
1153 4224 1255 4286 primum
1270 4224 1300 4272 ad
1320 4227 1417 4274 Grecos
1431 4225 1580 4286 permanavit
1592 4237 1684 4283 sermo,

910 4313 986 4363 relatu
999 4311 1099 4372 dignus,
1112 4315 1142 4360 ul
1158 4311 1257 4360 allorum
1268 4311 1328 4360 salae
1340 4310 1483 4373 increpantia
1500 4311 1639 4372 audaciam,
1652 4311 1685 4359 ita

910 4412 981 4449 suam
1004 4398 1131 4460 aperientis
1158 4397 1323 4460 prudentiam,
1344 4401 1422 4468 Deqm
1442 4399 1538 4460 quidem
1561 4399 1684 4447 veritatem

909 4487 982 4545 scita,
992 4503 1004 4527 a
1014 4484 1058 4534 aed
1067 4486 1214 4547 opinionem
1222 4486 1305 4534 solam
1313 4485 1430 4535 omnihus
1440 4488 1467 4534 in
1479 4486 1552 4534 nehus
1563 4485 1658 4534 valere.
1672 4507 1683 4528 a

910 4576 969 4623 Nam
984 4571 1146 4634 philosophia,
1162 4571 1254 4632 inquit,
1266 4571 1373 4619 vertutis
1385 4571 1422 4618 est
1432 4572 1485 4617 tom
1499 4568 1619 4630 indagatio
1631 4572 1684 4618 tum

911 4658 1030 4722 cupiditas
1043 4659 1143 4720 eiusque
1156 4658 1276 4706 sociarum
1288 4662 1360 4719 atque
1375 4669 1458 4706 cattam
1471 4657 1533 4705 inter
1544 4669 1570 4704 ae
1584 4668 1683 4706 coneor-

84 4731 194 4781 tihieinia
207 4731 325 4783 industria
336 4748 435 4796 proram
449 4737 577 4787 artificiosa
590 4737 630 4787 sit.
661 4741 745 4802 Neque
755 4741 819 4790 euim
827 4755 865 4791 as·
910 4748 966 4798 diae.
999 4745 1024 4795 Si
1040 4758 1097 4795 tero
1116 4747 1215 4794 nautam
1231 4745 1269 4794 rel
1288 4743 1388 4792 militem
1409 4743 1590 4804 mntemplarir,
1603 4746 1684 4794 uhum

83 4819 175 4868 sumtis
187 4819 294 4871 materie
306 4819 399 4872 ritibus
410 4824 528 4886 segregari
544 4825 681 4875 leheltalem
692 4827 724 4876 ab
736 4828 865 4880 honestatis
910 4836 983 4884 homo
1001 4834 1051 4896 ipse
1065 4833 1109 4881 athi
1131 4833 1224 4883 tautum
1247 4833 1325 4882 tactus
1338 4845 1390 4880 esse
1408 4831 1512 4892 videtur,
1529 4843 1560 4880 aa
1573 4831 1603 4880 ad
1627 4831 1685 4880 vitm

84 4906 242 4968 sinceritate,
257 4911 284 4959 ut
297 4923 376 4972 neque
387 4910 499 4960 medendi
511 4913 612 4962 actionis
623 4915 865 4967 onainoarotctoaae
910 4922 1108 4970 communitatem
1115 4924 1130 4968 ι’
1141 4920 1176 4969 ad
1196 4919 1401 4969 communitatem.
1422 4923 1440 4967 a
1461 4920 1527 4980 quo-t
1548 4925 1566 4968 ll
1588 4922 1683 4972 natura.

83 4993 189 5055 sitifim
209 4995 422 5047 immunitum
434 5012 500 5048 ’118118
522 4999 636 5050 minuit:
663 5003 751 5064 quippe
769 5017 865 5053 omnem
912 5011 994 5070 Qualis
1007 5014 1087 5060 autem
1097 5021 1125 5058 ea
1136 4991 1172 5058 ast
1181 5012 1206 5058 et
1216 5007 1429 5070 qttomodoiltegil
1438 5007 1584 5056 uniuersum.
1599 5008 1685 5060 Utrum

84 5081 208 5130 actionem
228 5082 350 5145 quandam
366 5097 420 5134 esse
438 5085 512 5134 animi
525 5086 675 5138 industriam.
709 5092 790 5148 Quam
809 5103 865 5139 reto
912 5106 969 5143 nero
990 5098 1027 5143 est
1040 5093 1080 5141 illa
1101 5095 1190 5141 necata?
1207 5092 1327 5140 llaecaou
1345 5091 1446 5152 amptius
1469 5089 1574 5152 perquiri
1587 5102 1685 5144 necasse

84 5179 161 5229 egum
175 5169 320 5231 quibusdam
335 5171 416 5222 utatur
430 5173 460 5222 ad
474 5173 567 5238 incepta
581 5177 748 5240 exsequenda,
760 5192 807 5229 non
821 5185 865 5229 sla·
911 5187 954 5231 est.
