3959 5925
784 352 836 412 ult
856 350 1073 413 ARISTIPPO.

149 492 217 550 Post
236 486 363 547 Socratis
377 485 436 565 (rt)
450 497 572 563 mortem
580 483 742 542 verisimile
755 496 798 542 est
817 484 886 542 Ari·
931 496 976 541 ret
991 481 1068 563 (ιθ).
1085 482 1182 552 Quid?
1202 480 1281 559 quod
1296 480 1328 539 in
1339 479 1408 539 Asia
1422 498 1539 557 quoque
1552 498 1713 539 commora-

109 580 238 658 stippum
251 595 316 635 cum
328 572 462 631 AEschine
481 572 604 648 aliisque
618 570 682 648 ejus
695 573 888 631 sectatoribus
932 583 993 629 tum
1012 568 1075 628 esse
1089 569 1167 627 hunc
1185 567 1395 645 philosophum
1422 567 1566 640 Diogenes
1582 566 1713 626 Laertius

109 669 225 743 Megara
241 663 401 721 habitatum
421 660 606 719 concessisse.
625 658 732 718 Verum
748 659 887 738 quamdiu
932 656 994 735 (17)
1015 656 1157 735 prodidit,
1176 656 1313 733 quicum
1333 654 1369 713 ab
1395 653 1577 731 Artapherne
1596 670 1714 733 captum

110 754 152 814 ibi
186 750 337 821 manserit,
363 750 545 824 ignoramus.
571 747 614 805 Ac
637 747 744 825 saepius
768 748 886 823 quidem
931 764 995 804 esse
1015 746 1096 807 dicit.
1122 743 1235 802 Accidit
1257 743 1326 814 hec,
1350 744 1380 800 ni
1406 742 1501 816 fallor,
1518 742 1596 799 circa
1614 742 1713 819 Olym·

1654 358 1710 409 399
1756 378 1759 383 ·

111 839 327 919 peregrinatum
342 853 405 893 esse
421 834 607 912 Aristippum
620 832 885 909 nemo-dubitabit3
932 832 1046 910 piadem
1067 834 1117 909 96,
1135 852 1194 909 quo
1210 846 1339 908 tempore
1360 832 1446 889 etiam
1463 830 1635 889 Artabazum
1651 832 1715 889 sine

111 927 161 987 sed
174 926 251 985 haud
267 924 329 983 scio
343 942 381 980 an
402 922 475 980 illud
494 920 559 999 ejus
578 922 634 979 iter
653 922 887 980 commenticium
932 920 1024 978 dubio
1039 920 1181 978 convenit.
1208 920 1339 997 Namque
1362 932 1394 978 ut
1418 919 1503 977 istum
1528 932 1715 976 monumento

110 1019 169 1089 sit,
183 1013 262 1092 quod
283 1013 313 1071 in
326 1012 562 1090 Peloponnesum
576 1009 612 1067 ad
624 1010 778 1069 visendum
791 1009 887 1069 Xeno-
933 1008 1033 1085 aliquo
1048 1007 1226 1076 celebraret,
1244 1006 1353 1066 librum
1369 1008 1420 1084 qui
1435 1005 1594 1066 Artabazus
1611 1007 1716 1065 inscri-

112 1104 250 1181 phontem
267 1100 429 1178 suscepisse
450 1097 570 1157 dicitur.
590 1096 701 1156 Etenim
717 1111 889 1177 personatus
933 1094 1058 1157 bebatur
1071 1096 1206 1154 emiserat
1219 1095 1289 1173 (ιθ).
1314 1094 1431 1153 Laidem
1448 1095 1568 1170 insuper
1582 1094 1716 1152 Corinthi

111 1189 275 1267 Xenophon
292 1184 350 1265 (τό)
366 1186 397 1243 in
416 1184 509 1264 Epist.
529 1185 640 1246 Socrat.
661 1206 691 1264 p.
716 1186 753 1243 αθ
777 1186 887 1244 amicos
934 1183 1051 1255 invisit,
1068 1203 1152 1261 quae,
1166 1195 1199 1241 ut
1217 1183 1258 1241 ait
1271 1182 1385 1241 Gellius
1399 1181 1424 1252 l,
1439 1182 1468 1254 8,
1481 1178 1521 1239 ob
1540 1181 1714 1255 elegantiam
1766 1253 1773 1263 ³

111 1277 250 1355 quosdam
276 1275 396 1349 inritat,
416 1287 449 1333 ut
467 1273 503 1331 ad
520 1293 551 1332 se
568 1276 687 1334 veniant
701 1275 732 1332 in
747 1274 888 1352 praedium
934 1283 1171 1347 venustatemque
1197 1270 1295 1328 formae
1326 1268 1462 1345 grandem
1487 1269 1642 1347 pecuniam
1666 1270 1715 1328 dc·

111 1386 194 1425 suum
216 1382 311 1443 prope
335 1361 514 1440 Olympiam.
537 1362 690 1420 visitatum
716 1381 747 1420 sc
763 1381 826 1421 esse
852 1360 889 1419 ab
935 1356 1064 1416 merebat
1079 1356 1147 1435 (19).
1171 1356 1344 1417 Corinthum
1366 1356 1457 1431 igitur
1475 1356 1633 1435 aliquando
1648 1376 1716 1435 pro·

110 1456 262 1532 Aristippo
274 1466 302 1511 et
318 1452 474 1522 Phaedone,
490 1450 586 1527 iisque
600 1452 735 1509 recitasse
747 1449 889 1507 lllemora·
934 1442 1076 1502 ficiscenti
1087 1463 1120 1501 ac
1128 1457 1296 1522 tempestate
1310 1457 1415 1501 vexato
1428 1446 1563 1520 contigit,
1575 1458 1607 1503 ut
1621 1458 1717 1504 mente

110 1542 184 1601 bilia
204 1542 352 1615 Socratis,
372 1559 438 1618 quae
458 1537 494 1596 ab
509 1551 633 1615 utreque
647 1537 807 1617 approbata
822 1539 890 1597 sint.
927 1531 1112 1590 turbaretur.
1130 1532 1194 1602 Qua
1207 1533 1239 1590 in
1252 1551 1288 1590 re
1295 1532 1404 1590 dicenti
1420 1532 1535 1590 cuidam
1554 1554 1561 1589 ε
1579 1536 1637 1591 Nes
1650 1538 1718 1591 eut„

5 1659 11 1671 ·
110 1632 168 1687 Sed
187 1637 249 1705 quis
267 1632 379 1703 credat,
401 1627 499 1704 inquit
519 1626 666 1703 Bentlejns
687 1626 794 1704 Opusc.
816 1626 889 1704 phil.

114 1739 144 1795 p.
162 1717 212 1790 54,
231 1723 404 1793 Aristippum
420 1728 499 1771 tento
521 1721 619 1771 itinere
637 1714 716 1781 secte
726 1716 890 1771 Scilluntem

86 1825 89 1829 '
107 1816 234 1883 petiisse,
249 1821 282 1864 ut
300 1806 528 1881 Xenophontem,
554 1810 777 1861 inimicissimum
796 1824 888 1874 suunt,

110 1900 225 1954 odiret?
240 1898 326 1952 multo
347 1900 452 1964 minus,
465 1890 633 1968 approbasse
645 1894 761 1969 librum,
775 1913 829 1968 que
842 1912 892 1948 se-

111 1991 166 2040 tira
191 1992 221 2040 ια
233 1997 322 2040 semet
343 1988 538 2039 contineretur.
560 1980 634 2037 hlihi
658 1993 736 2038 certe
755 2000 817 2039 rem
839 1980 890 2039 du·

111 2069 190 2129 biam
204 2090 299 2148 neque
322 2070 495 2128 confirmare
517 2071 712 2143 argumentis,
728 2089 823 2148 neque
845 2089 890 2128 re·

70 2147 74 2154 ¹
112 2159 213 2217 fellere
227 2160 258 2217 in
267 2159 366 2218 animo
378 2170 430 2216 est.
441 2155 529 2214 Aliud
537 2156 601 2232 ejus
615 2158 671 2215 iter
685 2171 891 2216 commemorat

109 2246 262 2306 Vitruvius
284 2247 317 2305 in
346 2245 514 2325 praeiatione
537 2244 605 2302 libri
625 2244 665 2302 vl
686 2244 733 2303 his
761 2246 858 2304 verbis
883 2266 890 2299 z

112 2362 123 2387 ι
141 2337 328 2413 Aristippus,
342 2332 533 2411 philosophus
546 2331 722 2404 Socraticus,
737 2334 890 2409 naufragio

66 2480 71 2498 ,
111 2442 199 2499 quum
215 2421 325 2498 ejectus
337 2420 374 2478 ad
389 2419 600 2477 Rhodiensium
611 2419 693 2478 littus
707 2420 892 2480 animadver-

112 2511 192 2567 tisset
201 2509 377 2583 geometrica
389 2508 536 2566 schemata
549 2506 707 2586 descripta,
715 2509 892 2568 exclamasse

111 2598 147 2655 ad
163 2600 284 2655 comites
306 2596 438 2655 dicitur:
461 2597 538 2654 Bene
560 2616 724 2672 speremus,
738 2596 890 2655 hominum

110 2687 188 2743 enim
209 2684 336 2759 vestigia
360 2685 448 2742 video
477 2706 484 2741 z
510 2686 665 2759 statimque
692 2684 723 2740 in
747 2683 888 2761 oppidum

114 2770 247 2831 Rhodum
262 2770 430 2849 contendit,
447 2784 477 2829 et
490 2785 568 2830 recta
582 2773 614 2829 in
634 2772 816 2847 gymnasium
837 2771 907 2830 de·'

111 2862 191 2918 venit
207 2880 214 2914 ν
232 2856 333 2935 ibique
351 2858 388 2915 de
409 2859 601 2936 philosophia
615 2860 769 2937 disputans
791 2878 889 2918 mune·

113 2949 197 3008 ribus
208 2959 252 3006 est
265 2948 400 3018 donatus,
412 2961 445 3004 ut
459 2968 519 3006 non
530 2961 640 3006 tantum
654 2967 685 3006 se
694 2958 811 3005 ornaret
818 2991 827 3020 ,
840 2950 890 3008 sed

112 3036 278 3102 chameis,
309 3037 361 3113 qui
385 3055 445 3093 una
478 3037 609 3109 fuerant,
630 3037 764 3095 vestitum
787 3049 817 3095 et
839 3059 890 3096 ονε-

112 3144 184 3200 tera,
201 3148 265 3206 quae
279 3149 354 3206 opus
368 3142 481 3200 essent,
498 3143 657 3208 praestaret.
674 3130 770 3200 Quum
795 3144 889 3190 autem

112 3217 176 3294 ejus
190 3217 311 3274 comites
325 3218 357 3274 in
379 3220 503 3295 patriam
519 3217 629 3277 reverti
643 3219 823 3290 voluissent,
846 3219 890 3277 in·

112 3318 349 3382 terrogarentque
381 3324 464 3378 eum,
496 3307 635 3382 quidnam
663 3308 752 3366 vellet
770 3307 888 3367 domum

111 3394 274 3452 renuntiari
291 3415 298 3451 ε
314 3406 383 3452 tunc
396 3397 436 3452 ita
451 3395 601 3454 mandavit
616 3396 724 3471 dicere,
740 3395 885 3473 ejusmodi

112 3482 311 3558 possessiones
335 3493 363 3536 et
376 3482 483 3540 viatica
502 3483 605 3542 liberis
625 3497 760 3562 oportere
775 3486 887 3562 parari,

112 3589 177 3645 quae
187 3570 299 3626 etiame
314 3570 465 3646 naufragio
474 3592 532 3629 una
541 3589 659 3649 possem
669 3588 794 3635 enatare.
806 3555 892 3633 s'Alii

117 3654 148 3711 id
163 3655 259 3731 ipsrun
274 3656 310 3711 de
322 3656 438 3730 quohic
455 3659 552 3731 agitur
561 3661 691 3718 evenisse
705 3663 890 3733 contendunt,

112 3761 203 3818 quum
229 3742 397 3819 Aristippus
423 3744 581 3819 aliquande
611 3749 770 3822 navigans,
801 3750 890 3810 fracta

113 3830 235 3907 scapha,
263 3829 295 3886 in
320 3829 572 3906 Syracusanorum
602 3833 683 3893 littus
710 3836 819 3913 ejectus
850 3840 893 3897 lo·

112 4088 203 4147 0pr
217 4098 241 4147 p.
254 4088 309 4134 403.
321 4097 346 4134 n.
368 4092 404 4134 ta.
422 4085 485 4135 vide
502 4087 587 4147 fragm.
603 4091 641 4137 ³0.
658 4113 689 4124 -
708 4088 759 4150 (ts)
774 4090 892 4153 Diogenes

113 4157 221 4205 Laertius
236 4156 276 4205 lib.
290 4159 323 4215 ll,
336 4162 384 4206 62:
399 4157 482 4205 τοότον
496 4158 551 4218 (τοῦ
568 4157 693 4220 Αἰσχίνου)
706 4159 759 4215 τοὺς
772 4160 892 4222 διαλόγους

112 4229 234 4276 ὑπώπτευε
246 4228 287 4276 καί
301 4225 455 4289 Ἀρίστιππος.
468 4230 508 4275 Ἐν
518 4233 573 4288 γοῦν
588 4229 702 4290 Μεγάροις
716 4230 891 4289 ἀναγινώσκον-

112 4314 150 4353 τος
160 4297 232 4345 αὑτοῦ
241 4313 297 4357 ρασι
309 4299 404 4358 σκῶψαι
418 4297 528 4356 εἰπόντα,
546 4298 620 4347 Πόθεν
636 4315 683 4360 σοι,
699 4300 786 4360 ληστοί,
801 4307 891 4364 ταυτας

114 4361 324 4426 Ρεοιιιίετίείίμμίιε
336 4366 422 4427 uptam
435 4366 567 4422 ἐπέστειλας
575 4369 600 4416 δέ
606 4385 654 4432 μοι,
665 4374 715 4426 πῶς
724 4371 889 4433 ἀνεχωρήσατε

112 4434 195 4491 πάντες
205 4435 245 4483 ἀπ’
260 4433 360 4491 Ἀθηνῶν
371 4437 394 4484 el
408 4435 544 4499 Σωκράτους
559 4438 655 4501 ἐρασταί
667 4441 745 4489 τεκαὶ
758 4441 888 4504 ριλόσοροι,

113 4504 211 4559 δεδιότες
225 4504 257 4565 μή
275 4521 297 4551 τι
318 4506 357 4552 καὶ
373 4504 406 4565 ἐρ’
425 4506 485 4566 ὑμᾶς
499 4506 559 4555 έλθοι
572 4514 620 4556 τῶν
635 4509 711 4557 αὐτῶν
731 4510 768 4557 ἀν·
785 4513 825 4560 καὶ
847 4514 891 4562 οὐκ

113 4575 211 4622 ἐποιεῖτε
226 4573 339 4636 φλαύρως.
352 4576 399 4624 Καὶ
412 4576 468 4637 ἁμὲς
484 4575 525 4626 οὗν
536 4580 568 4633 ὡς
588 4579 666 4641 ἐσμέν,
680 4581 703 4628 έν
714 4581 798 4645 Αἰγίνᾳ
813 4583 890 4632 διατε-

112 4646 192 4705 λέομες
201 4645 239 4692 tat
247 4649 288 4692 teir
299 4645 420 4707 παρόντος·
431 4647 482 4695 εἶτα
492 4647 516 4696 δί
529 4648 583 4711 παρ’
595 4651 659 4711 ὑμᾶς
669 4650 803 4713 ἀφιξόμεθα.
817 4653 889 4716 (Vid.

114 4714 200 4773 tregru.
216 4715 272 4774 73.)
285 4715 410 4764 AEsehines
427 4716 451 4764 in
470 4717 544 4778 Epist.
567 4719 744 4771 Socraticorum
761 4737 784 4785 p.
805 4725 834 4772 27
851 4723 890 4774 ed.
918 4733 921 4738 ·

932 1640 985 1695 gus
1005 1620 1128 1695 ignobile
1148 1642 1203 1679 neu
1219 1628 1381 1691 metuimus,
1406 1640 1455 1677 ves
1474 1640 1542 1677 vere
1552 1620 1719 1696 philosophi

937 1729 988 1764 cur
1009 1712 1177 1783 trepidatis?
1199 1708 1350 1786 respondit
1374 1729 1380 1763 ι
1408 1710 1487 1780 Quid
1509 1710 1632 1763 mirum?
1654 1711 1717 1765 Non

934 1801 1010 1852 enim
1019 1799 1055 1853 de
1065 1818 1118 1853 sua
1128 1804 1244 1873 quisque
1258 1804 1318 1853 uita
1329 1809 1432 1853 cestrie
1442 1800 1532 1851 simili
1543 1798 1660 1852 solliciti
1669 1815 1718 1851 su-

936 1904 999 1940 mus
1020 1886 1089 1961 (ao).
1114 1882 1257 1961 Libycum
1279 1882 1344 1959 ejus
1362 1883 1418 1941 iter
1434 1895 1557 1959 tangunt
1573 1882 1719 1958 Diogene's

937 1971 1071 2031 Laertius
1087 1970 1158 2051 (αι),
1175 1971 1329 2044 Horatius,
1342 1972 1402 2029 alii.
1418 1970 1515 2040 Quum
1536 1990 1607 2047 ergo
1621 1971 1653 2028 in
1670 1972 1719 2030 via

937 2200 988 2264 (ts)
1001 2200 1106 2250 Galenus
1118 2199 1239 2259 Protropi.
1250 2196 1281 2245 ud
1289 2197 1382 2246 litteras
1390 2195 1517 2245 δίεοεοιίεο
1534 2208 1588 2259 οερ.
1606 2198 1638 2260 v,
1652 2212 1675 2260 p.
1692 2204 1717 2248 tt

934 2270 975 2320 ed.
994 2270 1105 2321 waiet:
1124 2268 1269 2332 Ἀρίστιππος
1281 2267 1361 2325 insidii
1372 2282 1430 2316 πατι
1449 2267 1540 2329 πλέων,
1555 2272 1598 2315 τοῦ
1617 2267 1719 2330 σκάρους

935 2340 1098 2401 ἀπολομένου,
1112 2341 1150 2389 ἐπὶ
1162 2340 1204 2394 τὰς
1213 2336 1377 2402 Συρακουσίων
1389 2336 1468 2395 ἠϊόνας
1480 2336 1615 2407 έξεόρόοθη,
1626 2342 1719 2403 πρῶτον

936 2410 978 2472 μὲν
992 2409 1121 2473 έθάῤῥησι,
1131 2410 1276 2469 θεασόμενος
1292 2408 1330 2455 inl
1339 2412 1380 2463 τῆς
1396 2404 1495 2467 ψάμμου
1509 2406 1645 2469 διάγραμμα
1658 2423 1719 2468 γεω-

936 2480 1051 2542 μετρικόν·
1065 2479 1186 2533 ἐλογίσατο
1198 2480 1243 2539 γάρ
1257 2474 1411 2533 είςἜλληνόις
1425 2476 1499 2523 τεκαὶ
1522 2476 1606 2538 σοροὺς
1626 2475 1718 2539 ἄνδρας,

935 2550 979 2598 οὐκ
994 2550 1025 2605 ιίς
1042 2547 1170 2611 βαρόάρους
1183 2548 1258 2605 ἥκειν.
1278 2545 1378 2594 Ἔπειτα
1394 2543 1580 2606 παραγενόμενος
1592 2546 1624 2601 είς
1641 2546 1667 2594 τό
1679 2549 1721 2595 Συ

938 2620 1071 2682 perenuiter
1080 2619 1218 2681 γυμνάσιον,
1228 2618 1269 2666 καί
1281 2617 1348 2666 ταυτὶ
1363 2616 1392 2665 τα
1404 2615 1448 2672 lna
1458 2615 1617 2679 φθεγξάμενος·
1632 2618 1672 2673 Τίς
1681 2620 1721 2668 τόν

937 2690 1058 2746 πλανήτην
1074 2687 1188 2737 Οἰδίπουν
1205 2685 1257 2734 καθ’
1269 2686 1357 2747 ἡμέραν
1376 2686 1418 2742 τὴν
1432 2689 1472 2733 νῦν
1484 2690 1619 2742 σπανιστοίς
1633 2686 1720 2743 δέξεται

936 2760 1072 2823 δωρήμασις
1085 2757 1222 2821 προσιόντας
1236 2757 1262 2805 τί
1276 2773 1339 2811 τινας
1353 2755 1421 2819 ἔσχεν
1431 2756 1496 2818 αὐτῷ
1506 2757 1545 2804 καί
1558 2756 1718 2820 γνωρίζοντας,

936 2831 1001 2884 ὅστις
1014 2830 1063 2888 εἰη,
1076 2830 1116 2875 καί
1130 2828 1223 2875 πόντιον
1233 2826 1266 2874 ὧν
1280 2826 1353 2875 licito
1365 2824 1528 2887 μεταδιδόντας
1540 2826 1632 2883 εὐθέως.
1644 2828 1685 2884 Ὦς
1697 2828 1718 2878 δ’

937 2902 969 2955 είς
979 2900 1096 2963 Κυρήνην,
1110 2897 1181 2945 αὐτοῦ
1193 2896 1235 2954 τὴν
1249 2897 1363 2961 πατρίδα,
1379 2896 1498 2957 μέλλοντός
1506 2910 1569 2955 τινεςΙ
1574 2897 1638 2945 πλεῖν
1648 2897 1718 2945 tnur-

937 2969 1048 3026 θάνοντα,
1066 2968 1097 3030 μή
1108 2985 1130 3015 τι
1138 2973 1186 3022 ταῖς
1198 2967 1291 3023 οἰκείοις
1309 2967 1450 3026 ἐπιστέλλει,
1464 2965 1565 3015 κελεύειν
1575 2967 1654 3024 αὐτοῖς
1665 2969 1717 3032 ἔφη,

937 3044 1012 3089 ταῦτα
1026 3041 1124 3087 κτᾶσθαι
1136 3039 1165 3086 cir
1174 3039 1296 3101 κτήματα,
1308 3037 1324 3086 ἀ
1338 3038 1377 3085 καὶ
1389 3036 1547 3096 ναυαγήσαντι
1559 3040 1718 3101 συνεκαολυμ·

936 3109 1013 3166 ticet.
1023 3132 1059 3166 ς·-
1068 3107 1118 3170 (17)
1131 3108 1251 3167 Diogenes
1268 3107 1377 3156 Laertius
1391 3105 1433 3156 lib.
1450 3109 1485 3168 11,
1501 3111 1531 3158 79
1545 3120 1552 3150 ι
1566 3107 1688 3168 tremitur
1698 3109 1722 3158 δν

937 3180 1004 3242 Ἀσίᾳ
1021 3180 1060 3227 καί
1078 3179 1168 3239 ληφθείς
1183 3181 1230 3229 ὑπὸ
1243 3179 1388 3240 Ἀρταφέρνου
1403 3181 1445 3244 τοῦ
1459 3178 1598 3241 σατράπου,
1612 3179 1668 3242 πρὸς
1682 3179 1722 3228 τόν

936 3250 1039 3299 εἰπόντα·
1051 3251 1100 3303 Καὶ
1114 3249 1161 3298 ὧδε
1171 3249 1274 3313 θαρρεῖςς
1289 3248 1352 3299 Πότε
1361 3247 1414 3311 γάρ,
1430 3247 1502 3308 εἰπεν,
1518 3248 1539 3296 ὦ
1553 3249 1654 3311 μάταιε,
1669 3248 1721 3312 terp

936 3321 1034 3385 δήσαιμι
1053 3319 1081 3367 ἂν
1104 3321 1214 3382 μᾶλλονῆ
1233 3324 1291 3378 νῦν,
1312 3319 1351 3367 ότι
1369 3318 1445 3379 μέλλω
1463 3317 1599 3381 Ἀρταφέρνῃ
1615 3320 1721 3373 διαλέξα-

936 3392 1005 3448 σθοις
1015 3389 1067 3437 Vid.
1083 3389 1165 3450 fragm.
1174 3393 1247 3439 th-
1260 3391 1310 3450 (rt)
1322 3389 1438 3449 Diogenes
1450 3388 1557 3437 Laertius
1568 3387 1610 3437 lib.
1626 3390 1658 3449 ll,
1673 3393 1720 3438 ὅθι

935 3465 977 3508 τοῦ
988 3460 1014 3509 δὲ
1026 3461 1173 3522 Κυρηναϊκοῦ
1186 3459 1312 3523 φιλοσόφου
1326 3459 1417 3522 φέρεται
1430 3457 1518 3520 praru,
1537 3458 1589 3521 τρία
1604 3459 1644 3520 μὲν
1659 3461 1723 3507 ίστο·

936 3528 986 3590 ρίας
1005 3533 1052 3578 τῶν
1066 3529 1127 3577 κατὰ
1142 3529 1239 3590 Διόόην,
1258 3527 1421 3588 ἀπεσταλμένα
1435 3524 1562 3586 Διονυσίῳ,
1579 3527 1602 3574 ἓν
1621 3527 1647 3574 δὲ
1661 3527 1686 3575 έν
1701 3527 1721 3590 ᾧ

936 3599 1039 3660 διάλογοι
1053 3599 1121 3648 πέντε
1131 3599 1171 3647 καὶ
1186 3599 1281 3647 είκοσιν·
1292 3599 1315 3645 ei
1332 3595 1374 3657 μέν
1385 3595 1483 3656 Ἀτθίδι,
1499 3595 1521 3642 el
1531 3594 1557 3642 δὲ
1573 3595 1658 3659 Δωρίδι
1670 3597 1721 3644 δια·

936 3671 1011 3729 λέκτῳ
1033 3669 1188 3731 γεγραμμένοι
1201 3669 1257 3716 οἰδα·
1272 3665 1405 3729 Ἀρτάόαίος
1422 3663 1473 3712 κτλ.
1485 3689 1515 3698 -
1531 3662 1582 3727 (to)
1597 3665 1689 3715 Gellius
1698 3667 1719 3728 1,

937 3744 951 3786 8
969 3737 1041 3786 :Lais
1060 3736 1185 3786 Corinthia
1203 3736 1234 3785 ob
1253 3733 1393 3796 elegantiam
1417 3733 1617 3794 venustatemque
1637 3735 1720 3783 termae

937 3809 1055 3872 grandem
1077 3807 1203 3869 pecuniam
1232 3807 1378 3857 demerebat.
1401 3805 1589 3865 contentusque
1612 3803 1643 3852 ad
1663 3817 1716 3854 earo

936 3879 1052 3929 ditiorum
1068 3879 1192 3928 hominurn
1213 3892 1241 3928 ex
1257 3879 1323 3929 omni
1339 3876 1432 3928 Graecia
1453 3873 1558 3924 celebres
1574 3877 1641 3924 erant
1655 3890 1661 3925 ι
1674 3890 1717 3927 ne·

936 3965 984 4015 que
993 3950 1174 4011 admittebatur,
1186 3951 1232 3998 nisi
1241 3951 1284 4014 qui
1296 3949 1369 3999 dabat
1382 3945 1446 4010 quod
1463 3946 1612 4007 poposcerat.
1634 3949 1721 4000 Pesen-

937 4021 979 4071 bat
996 4024 1078 4070 autem
1097 4016 1507 4083 illanimtamquantitatcm.}1ioc
1524 4017 1557 4066 ait
1578 4017 1718 4086 (Plroeien)

935 4093 1020 4141 natum
1034 4089 1155 4140 esseiihrd
1172 4091 1355 4154 trequensapud
1365 4095 1464 4140 Graecos
1477 4085 1570 4136 dietum
1590 4087 1719 4152 adagium:

935 4163 964 4211 eti
985 4161 1071 4217 παντὸς
1094 4161 1172 4222 ἀνδρὸς
1189 4163 1212 4219 ἐς
1233 4162 1342 4225 Κόρινθον
1357 4161 1403 4210 lell'
1421 4161 1434 4208 ό
1453 4161 1538 4222 πλοῦς,
1553 4160 1619 4218 qttod
1633 4161 1721 4212 frustra

935 4232 981 4282 iret
1004 4231 1148 4282 corinthum
1173 4233 1204 4280 ad
1221 4232 1332 4295 Laidem,
1348 4231 1389 4294 qui
1413 4242 1458 4279 nen
1482 4230 1562 4291 quiret
1581 4229 1639 4281 dare
1655 4235 1719 4294 qued

937 4304 1085 4362 posceretur.
1098 4303 1269 4352 hermesianax
1284 4302 1345 4364 apud
1360 4299 1623 4350 Athenteumlib.li111
1638 4315 1660 4360 p.
1672 4309 1718 4352 599

935 4369 1053 4432 Βεάνδρα
1065 4374 1195 4433 Κυρηναίαν
1209 4373 1229 4420 δ’
1244 4372 1302 4421 aleo>
1316 4371 1387 4428 πόθος
1404 4370 1507 4418 ἔσπασεν
1522 4367 1619 4430 Ἰσθμοῦ
1631 4369 1718 4432 δεινόν,

935 4441 970 4488 δι’
983 4439 1094 4497 ἀπιθόνης
1115 4442 1206 4498 Λαίδος
1227 4443 1332 4505 ἠράσατο
1349 4440 1399 4498 ὀξὺς
1424 4439 1589 4501 Ἀρίστιππος,
1607 4439 1686 4497 πόσας
1699 4442 1719 4491 δ’

935 4512 1036 4571 ἠνήνατο
1063 4513 1149 4574 λέσχας
1170 4513 1274 4575 orirer,
1294 4511 1343 4561 οὐδ’
1362 4512 1454 4571 ἀνέμων
1476 4507 1597 4571 ἐξεφόρησε
1617 4510 1666 4572 βίη.
1687 4539 1719 4548 -

936 4584 985 4647 (tt)
1002 4583 1119 4646 Diogenes
1142 4585 1250 4633 Laertius
1275 4583 1316 4633 lib.
1342 4585 1379 4644 tl,
1396 4585 1423 4631 71
1444 4597 1450 4630 :
1471 4583 1502 4637 εἰς
1524 4578 1633 4642 Κόρινθον
1654 4581 1719 4646 αὐτῷ

935 4655 1029 4705 πλέοντί
1043 4672 1101 4704 ιιοτε
1110 4656 1150 4704 καὶ
1164 4655 1325 4718 χειμαζομένῳ
1338 4654 1424 4712 auersa
1436 4648 1586 4714 ταραχθῆναι.
1605 4652 1666 4714 Πρὸς
1678 4653 1718 4703 οὖν

937 4728 978 4776 τόν
991 4727 1103 4786 εἰπόντα,
1114 4727 1193 4790 Ἡμεῖς
1209 4727 1249 4789 μὲν
1259 4729 1281 4775 el
1293 4727 1383 4774 ἰδιῶται
1393 4725 1420 4774 οὐ
1431 4723 1575 4784 δεδοίκαμεν,
1585 4723 1649 4782 ὑμεῖς
1657 4725 1681 4773 δέ
1695 4728 1717 4776 ei

113 4782 185 4865 0¹5⁰·
194 4784 235 4832 ‘0³⁸¹
243 4785 287 4846 rte
295 4783 376 4848 πθθρω
383 4785 446 4835 ἔστὶν
457 4788 515 4836 '‘42²“
525 4790 557 4845 tls
566 4790 672 4853 Μέγαρα
686 4792 893 4857 Pseudarislippus
935 4796 1056 4859 ριλόοοροι
1066 4797 1176 4854 sertitem
1192 4797 1228 4846 Ori
1238 4797 1283 4860 γὰρ
1295 4798 1346 4858 περὶ
1355 4795 1452 4857 όμοίας,
1461 4795 1516 4855 ἔφη,
1529 4793 1605 4854 ψυχῆς
1615 4791 1719 4854 ἀγωνιῶ·

114 4856 188 4913 Eprst.
205 4872 212 4902 ²
228 4854 252 4910 ὃ(
270 4855 294 4902 lt
310 4855 423 4919 Meropen
442 4857 523 4919 ὡμίλει
538 4877 586 4921 μοι.
603 4861 676 4923 (vie.
695 4862 892 4928 lragm.7i.)-
936 4883 978 4928 μιν
993 4867 1097 4916 ἕκαστοι,
1123 4867 1179 4917 Vld.
1204 4867 1278 4928 fragm
1312 4872 1348 4915 tu.
1371 4891 1402 4900 -
1417 4863 1466 4924 (tt)
1482 4862 1594 4923 Diogenis
1608 4863 1734 4913 Laertius.

115 4924 164 5004 (¹5)
179 4923 314 5006 Xenophon
336 4925 361 4972 ln
378 4927 452 4986 Epist.
475 4930 568 4977 socrat.
586 4943 609 4991 p.
626 4937 665 4980 ae.
684 4931 727 4983 ed·
738 4935 811 4984 Orelli
826 4954 832 4984 :
848 4953 889 4986 ns·
936 4936 976 4985 lib.
990 4939 1020 4996 ll,
1033 4941 1079 4988 77:
1093 4943 1135 4987 τοῦ
1147 4937 1283 5000 θεράποντος
1297 4937 1320 4985 ἐν
1329 4937 1377 4996 ὀδῷ
1392 4931 1546 4998 βαστάζοντος
1557 4933 1664 4999 ἀργύριον
1677 4937 1716 4984 καί

113 5007 213 5072 ποιημαι
222 4993 247 5041 δε
257 5009 308 5041 τινα
320 4995 548 5059 ἀπομνημονεύματα
560 5001 705 5064 Σωκράτους.
715 5003 790 5052 Ὅταν
802 5005 842 5055 οὗν
853 5024 892 5068 μοι
936 5009 1109 5070 βαρυνομένου,
1132 5008 1241 5071 Ἀπόχεε,
1263 5009 1320 5070 ἔφη,
1336 5007 1364 5055 τό
1384 5004 1466 5063 πλέον,
1487 5003 1527 5051 καί
1541 5003 1598 5053 ὅσον
1619 5003 1716 5055 δύνασαι

113 5063 167 5144 δοίη
179 5061 204 5110 τό
219 5062 281 5126 ἔχειν
292 5067 425 5148 παντελῶς,
440 5069 601 5132 διαπέμψομαι
617 5073 675 5121 αὐτὰ
689 5076 730 5122 καί
743 5077 807 5137 ὑμῖν.
829 5077 891 5140 Ἀρι·
936 5077 1045 5140 βαοταζε.
1068 5078 1158 5126 Suidas
1185 5097 1191 5126 ι
1204 5079 1294 5138 λέγεται
1311 5079 1336 5126 δὲ
1354 5077 1389 5125 ότι
1399 5075 1439 5122 καὶ
1454 5075 1589 5130 reinerii:
1605 5077 1669 5140 αὐτῷ
1681 5077 1717 5136 ρέ-

114 5149 208 5194 στιππῳ
221 5135 261 5194 μὲν
274 5150 319 5198 γαρ
338 5138 378 5186 καί
390 5137 495 5186 Φαίδωνι
506 5140 579 5189 ἐδόκει
593 5142 693 5206 ἀρμόδιοί
709 5160 759 5194 τινα
772 5145 839 5195 εἰναι.
853 5172 885 5183 -
935 5164 1014 5211 ροντος
1027 5148 1149 5211 ἀργύριον,
1169 5149 1208 5195 καί
1222 5147 1351 5210 ἀχθομένου
1368 5151 1402 5210 τῷ
1419 5143 1494 5208 βάρει,
1508 5146 1542 5196 Τό
1556 5147 1641 5208 βαροῦν
1656 5146 1715 5196 ἀπό-
