3959 5925
237 401 271 441 ω
415 374 419 381 “
758 333 762 341 ’
896 375 947 435 nn
973 376 1211 437 nrrnuoom

235 515 298 575 sive
316 512 441 592 ἕχεμοθίογ
455 531 514 570 non
533 512 626 569 solum
640 530 704 569 cum
717 506 864 567 sodalibus
880 506 915 565 de
930 508 1010 565 omni
1055 522 1243 567 monumenta
1256 525 1340 569 sectae
1359 515 1469 572 auctori
1490 515 1635 590 tribuere,
1652 538 1738 595 quam
1760 540 1831 597 pro-

234 601 394 681 quaestione
407 598 743 678 disputasse,sedetiam
756 595 887 671 magistri
898 594 1011 652 decretu
1055 596 1120 673 pria
1141 599 1260 655 nomina
1284 599 1316 656 in
1339 602 1554 661 commentariis
1581 603 1741 662 inscribere
1767 626 1830 664 ma-

234 689 382 765 evulgasse
396 707 404 747 t
421 708 484 746 cum
499 688 557 745 alia
571 688 727 764 quominus
741 685 795 740 hoc
814 684 938 740 lacerent
957 680 1011 739 ob·
1055 682 1144 742 luisse
1155 684 1228 762 (36).
1243 684 1313 755 Quae
1325 708 1414 765 quum
1435 690 1476 749 ita
1493 690 1566 762 sint,
1582 712 1640 749 non
1653 705 1697 749 est
1718 693 1829 752 mima.

234 776 362 847 stahant,
387 790 447 835 tum
471 776 564 853 ipsius
585 774 729 832 societatis
745 772 821 831 ratio
845 782 874 853 et
898 783 1010 831 natura.
1054 764 1141 839 dum,
1167 770 1252 847 plura
1279 771 1449 849 Pythagorae
1473 778 1613 852 opuscula
1641 780 1735 837 citari.
1757 779 1830 839 Sunt

233 864 345 923 Etenim
365 863 420 941 (33)
434 862 608 939 simulatque
622 859 812 938 aPythagora
831 860 862 921 in
882 856 1010 934 discipu·
1056 867 1148 912 autem
1162 856 1225 914 haec
1239 870 1310 915 teste
1327 861 1457 936 Diogene
1477 860 1592 921 Laertio
1605 866 1662 942 (37)
1677 865 1733 922 tria
1747 868 1829 925 volu·

233 951 329 1009 lorum
344 951 489 1009 cohortem
503 950 612 1026 recepti
626 960 724 1017 erant,
741 944 818 1023 quod
832 943 955 1020 quisque
970 943 1010 999 fa·
1055 941 1134 999 mina
1157 942 1193 1001 de
1215 945 1413 1021 institutione,
1428 948 1464 1006 de
1481 950 1598 1008 civitate
1611 971 1644 1009 ac
1657 953 1694 1010 de
1715 966 1829 1015 natura.

234 1038 323 1097 miliae
345 1039 532 1117 pecuniaeque
555 1034 693 1110 habebat,
716 1034 748 1091 in
774 1030 898 1091 medium
925 1029 1012 1089 dabat
1054 1028 1158 1107 Operis
1170 1052 1228 1109 quo
1240 1046 1349 1091 naturae
1361 1035 1435 1091 ratio
1445 1036 1829 1118 continebaturprincipium

234 1138 318 1202 atque
344 1125 474 1184 inibatur
498 1124 618 1183 societas
643 1118 862 1198 inseparabilis3
890 1137 954 1194 quae
978 1133 1011 1177 ut
1055 1116 1142 1175 fuisse
1160 1118 1307 1177 traditur:
1327 1119 1420 1179 «Non
1440 1143 1492 1199 per
1508 1143 1601 1182 aerem
1617 1143 1702 1201 quem
1725 1127 1831 1203 spiritu

230 1211 308 1288 juris
331 1233 363 1271 ac
382 1213 546 1287 dogmatum
564 1210 727 1288 aequalitate
741 1204 954 1287 continebatur,
970 1206 1011 1262 ita
1054 1203 1213 1277 duco,non
1227 1226 1280 1284 per
1290 1225 1394 1284 aquam
1412 1229 1497 1286 quam
1511 1210 1596 1283 bibo,
1609 1232 1667 1271 non
1679 1212 1830 1272 'admittam
1863 1198 1869 1207 ¹

232 1300 269 1359 ab
283 1301 406 1359 aliorum
422 1300 573 1358 hominum
593 1297 776 1356 consortione
797 1291 1010 1371 quodammodo
1053 1289 1143 1368 hujus
1165 1292 1308 1351 sermonis
1329 1295 1591 1372 reprehensionem.
1614 1323 1628 1349 ν
1654 1298 1743 1356 Addit
1761 1301 1831 1359 Dio-

232 1386 416 1462 abhorrebat.
432 1387 496 1455 Quo
512 1386 616 1443 factum
631 1398 688 1459 est,
704 1396 735 1440 ut
753 1379 929 1459 Pythagorei
951 1398 1009 1436 non
1054 1394 1141 1453 genes
1155 1377 1233 1455 quod
1246 1378 1301 1436 suh
1316 1378 1486 1457 Pythagorae
1499 1384 1617 1441 nomine
1640 1385 1758 1458 seratur,
1771 1388 1831 1466 Ly-

232 1477 330 1533 omnia
353 1472 488 1532 omnibus
513 1470 684 1550 exponenda
705 1490 768 1529 esse
794 1469 848 1526 rati
875 1468 932 1542 (31)
957 1488 1011 1545 per
1054 1466 1124 1522 sidis
1133 1484 1195 1525 esse
1206 1465 1367 1539 Tarentini,
1377 1462 1428 1545 qui
1437 1490 1525 1548 quum
1536 1469 1650 1529 Thebas
1657 1474 1831 1550 profugisset

232 1575 318 1621 totam
343 1563 431 1619 vitam
456 1559 627 1635 grauissima
652 1556 843 1637 philosophiae
867 1568 1010 1632 praecepta
1054 1549 1262 1628 Epaminondae
1282 1568 1442 1632 praeceptor
1461 1558 1558 1617 fuerit.
1582 1557 1656 1616 Sunt
1677 1579 1749 1617 vero
1771 1562 1832 1622 haec

231 1670 295 1709 cum
329 1650 395 1707 aliis
431 1648 627 1723 colloquentes
665 1644 782 1703 silentio
817 1640 1007 1719 praeterirent.
1053 1637 1144 1695 verba
1165 1641 1329 1699 necessario
1350 1655 1399 1699 aut
1424 1642 1459 1702 de
1481 1646 1609 1703 camnine
1631 1666 1719 1705 aureo
1734 1663 1782 1707 aut
1795 1652 1832 1709 de

230 1725 424 1807 Quamobrem
436 1733 562 1812 plurima
572 1730 695 1789 obscure
709 1734 805 1807 potius
818 1726 1009 1803 significanda
1053 1726 1202 1784 volumine
1215 1728 1310 1786 soluta
1322 1730 1454 1789 oratione
1467 1733 1576 1808 scripto
1590 1746 1618 1790 et
1632 1732 1738 1809 laertii
1750 1750 1832 1795 aetate

231 1843 317 1901 quam
331 1822 484 1901 perspicue
497 1818 673 1879 enuntianda
687 1816 816 1875 arbitrati
830 1815 928 1873 multis
941 1834 1008 1892 per·
1054 1810 1090 1869 ad
1109 1812 1302 1889 Pythagoram
1329 1829 1473 1875 auctorem
1498 1820 1587 1877 relato
1607 1821 1832 1899 interpretanda.

229 1923 317 1987 petuo
340 1922 368 1967 et
395 1905 536 1984 symbolis
560 1917 589 1963 et
611 1906 761 1963 sententiis
790 1917 819 1961 et
842 1901 1008 1961 similitudi·
1053 1897 1117 1968 Qua
1130 1899 1166 1957 de
1181 1920 1212 1958 re
1226 1903 1374 1979 copiosius
1390 1905 1422 1962 in
1435 1906 1603 1982 praelatione
1617 1907 1652 1965 ad
1667 1909 1829 1969 Hieroclem

230 1996 318 2057 nibus
333 1994 393 2072 (35)
410 1992 564 2051 utebantur
579 2013 643 2070 quae
664 1994 779 2070 penitus
802 1989 925 2065 intelligi
951 1990 1008 2048 nisi
1054 1985 1191 2045 disserui.
1214 1988 1355 2046 Praeterea
1380 1990 1546 2051 lleraclides
1565 1996 1732 2071 Sarapionis
1756 1998 1833 2057 filius

230 2084 267 2141 ab
292 2084 365 2161 ipsis
388 2082 559 2159 Pythagorae
583 2080 773 2139 sectatoribus
793 2098 854 2136 non
878 2090 1006 2154 possent.
1044 2073 1085 2132 'in
1106 2074 1234 2133 Sotionis
1263 2077 1388 2152 epitome
1419 2078 1545 2152 rettulit,
1570 2074 1765 2157 Pythagoram
1796 2086 1832 2144 de

229 2170 314 2240 Quod
329 2170 473 2245 reliquum
488 2181 546 2241 est,
561 2168 674 2225 Samius
688 2165 879 2244 philosophus
895 2163 1007 2221 nullum
1054 2181 1151 2219 rerum
1175 2163 1365 2221 universitate
1389 2166 1516 2223 carmine
1541 2168 1730 2228 vaticinatum
1752 2189 1829 2243 esse,

229 2257 346 2315 videtur
363 2254 471 2313 librum
490 2256 658 2332 scripsisse,
674 2255 723 2313 sed
746 2251 926 2331 quotidianis
945 2263 1009 2308 tan·
1053 2250 1133 2327 quod
1144 2268 1247 2326 poema
1255 2251 1382 2328 primum
1391 2252 1563 2329 Pythagorae
1573 2274 1647 2332 opus
1657 2258 1830 2321 nominarit.

230 2358 290 2403 tum
318 2342 501 2401 sermonibus
532 2363 566 2401 ac
599 2339 843 2419 disputationibus
871 2338 1008 2395 familiam
1053 2337 1184 2395 Secundo
1196 2338 1260 2395 loco
1274 2340 1373 2416 posuit
1385 2360 1494 2397 sacrum
1506 2364 1658 2401 sermonem
1672 2346 1756 2422 cujus
1774 2348 1831 2406 ini·

229 2430 399 2488 erudivisse.
413 2429 484 2498 Quae
503 2430 580 2487 enim
605 2449 622 2489 a
644 2427 789 2487 ueteribus
812 2438 1008 2485 memorantur
1053 2424 1125 2480 tium
1140 2424 1215 2481 fuit:
1517 2440 1525 2455 ·

229 2519 401 2597 Pythagoraa
422 2506 542 2593 scripta,
560 2534 593 2574 ea
611 2516 711 2573 omnia
732 2513 902 2591 posterioris
912 2512 1009 2569 etatis
1114 2510 1246 2573 Ojuvenes
1253 2511 1326 2559 tacita
1338 2510 1409 2560 colite
1419 2512 1473 2562 haec
1486 2513 1526 2575 pia
1538 2528 1607 2564 sacra
1620 2516 1712 2578 quiete.

229 2605 477 2682 Pythagoreorum
509 2604 597 2661 fuisse
628 2600 782 2680 probabile
812 2613 864 2659 est.
894 2598 1010 2675 Quippe
1054 2596 1183 2672 Tertium
1199 2595 1294 2653 locum
1309 2595 1389 2653 dedit
1400 2597 1500 2657 libello
1518 2604 1554 2657 de
1572 2609 1676 2673 auimo,
1697 2618 1830 2679 quartum

229 2711 314 2750 nemo
329 2691 600 2768 ignorat,sequenti
614 2702 742 2766 tempore
756 2688 861 2747 summi
874 2686 932 2743 uiri
947 2704 1009 2742 suc·
1053 2695 1147 2740 autem
1162 2681 1241 2740 libro
1258 2686 1294 2740 de
1308 2691 1423 2759 pietate.
1439 2686 1492 2743 liis
1510 2704 1691 2748 accesserunt
1712 2693 1832 2768 quintus

230 2798 357 2840 cessores
385 2779 561 2855 laudumque
587 2776 648 2855 ejus
677 2776 800 2835 aemulos
822 2792 874 2833 sua
898 2772 1009 2847 ingenii
1054 2770 1279 2829 commentarius
1299 2770 1336 2828 de
1353 2774 1512 2843 Helotlrale,
1532 2776 1694 2849 Epicharmi
1710 2780 1760 2836 Coi
1775 2802 1830 2856 pa.

260 2945 310 3010 (οθ)
325 2943 416 2996 Gellius
432 2944 502 2994 Ποοθ.
516 2942 588 2992 Attio.
602 2941 643 2991 lib.
656 2944 668 2991 l
683 2953 737 3002 cap.
754 2946 777 2990 9.
793 2938 943 2990 lamblichus
962 2938 1006 2986 rit.
1051 2935 1223 2998 Πυθαγορείων,
1234 2936 1271 2985 οὐ
1282 2936 1390 2989 δύνανται
1398 2937 1485 2994 διδάξαι
1496 2955 1524 3001 με
1535 2938 1565 2987 τὰ
1575 2940 1731 3002 aestimato
1739 2946 1784 3009 γὰρ
1795 2946 1831 2995 ἀεὶ

229 3017 298 3077 ryth.
316 3023 343 3064 81
357 3034 362 3062 :
373 3019 419 3062 τῶν
431 3014 472 3075 μίν
486 3011 526 3061 σύν
539 3012 702 3074 Πυθαγορείων
714 3011 792 3068 κοινὴν
804 3011 862 3059 εἰναι
874 3010 916 3067 την
925 3007 1007 3057 οὐσίαν
1050 3007 1090 3054 οιαὶ
1102 3006 1219 3068 άλλαπερλ
1230 3012 1277 3054 τῶν
1289 3008 1365 3056 αὐτῶν
1375 3009 1517 3072 φθέγγομαι,
1527 3009 1554 3058 rh
1563 3011 1588 3058 δι’
1599 3028 1625 3070 γε
1638 3014 1725 3074 βιὸἰίον
1734 3018 1764 3064 τὰ
1772 3016 1831 3066 αύτόι

228 3085 315 3140 διέταξε
327 3083 366 3131 καί
375 3083 420 3140 τὴν
431 3081 560 3142 συμόίωσιν
574 3083 623 3142 ἅμα
636 3081 673 3128 διὰ
685 3080 769 3134 παντὸς
782 3081 823 3126 τοῦ
837 3077 922 3141 χρόνου
932 3078 1008 3125 διατε-
1049 3077 1086 3124 tut
1098 3077 1149 3138 περὶ
1160 3082 1207 3124 τῶν
1216 3077 1292 3125 αὐτῶν
1304 3078 1379 3138 λέγει,
1387 3079 1426 3126 καὶ
1439 3080 1467 3129 ού
1477 3081 1572 3129 δύναται
1580 3084 1636 3146 πρὸς
1646 3083 1673 3130 τό
1684 3085 1831 3149 ἐρωτώμενον

228 3155 284 3215 λεῑν,
295 3152 348 3206 τοίω
368 3151 393 3199 δὲ
408 3151 497 3212 ἑτέρους
514 3150 573 3204 ἰδίας
585 3150 626 3210 μὲν
641 3149 733 3206 κτήσεις
744 3149 805 3210 ἔχειν
822 3147 927 3195 ἐκόλουσε
934 3180 942 3204 ,
954 3161 1008 3194 συν·
1050 3145 1227 3210 ἀποκρίνασθαι.
1240 3182 1246 3194 .
1261 3181 1268 3193 .
1282 3182 1289 3195 .
1304 3147 1369 3204 Μηδὲ
1379 3148 1424 3211 γάρ
1436 3164 1469 3204 τις
1479 3151 1564 3198 οἰέσθω
1574 3151 1604 3198 τὰ
1617 3158 1694 3214 χρυσᾶ
1705 3155 1749 3211 ἔπη
1759 3157 1831 3206 αὐτοῦ

228 3221 304 3289 ,ὄργας
325 3221 350 3270 δὲ
370 3222 403 3275 εἷς
422 3220 493 3268 ταύτὸ
517 3219 667 3281 συσχολάζειν
692 3218 811 3275 ἀλλήλοις·
824 3217 862 3264 καὶ
883 3216 945 3264 ούτω
964 3215 1006 3272 τὴν
1050 3211 1109 3260 εἶναι
1116 3212 1195 3272 ,άλλά
1205 3229 1239 3268 τις
1251 3217 1297 3261 τῶν
1309 3215 1473 3277 Πυθαγορείων
1484 3215 1580 3274 ίποίησε
1593 3223 1667 3266 ταῦτα
1680 3220 1787 3284 καὶπρὸς
1795 3241 1831 3273 τι·

228 3291 337 3354 διαδοχὴν
348 3290 432 3348 ταύτην
446 3289 493 3338 άπὸ
509 3288 647 3351 Πυθαγόρου
659 3288 711 3336 κατΙ
729 3289 869 3350 ἀμφοτέρους
881 3287 934 3342 τοὺς
952 3285 1007 3346 τρό-
1049 3283 1095 3344 μὴν
1114 3282 1199 3344 ἔγραψε
1218 3282 1246 3331 τό
1265 3281 1340 3344 ὄνομα
1357 3287 1400 3330 τοῦ
1419 3284 1507 3332 οἰκείου
1526 3285 1676 3335 διδασκάλου.
1689 3290 1725 3338 ld.
1741 3292 1829 3343 smott.

228 3377 285 3417 πους
297 3365 418 3416 συστῆναι.
437 3358 495 3408 Κατ’
506 3358 574 3408 ἄλλον
592 3359 616 3406 δὲ
630 3356 659 3405 αὔ
670 3357 753 3420 τρόπον
766 3359 806 3405 δύο
816 3357 844 3416 ἠν
856 3355 905 3412 εἰθη
917 3359 957 3411 τῆς
969 3371 1006 3416 φί-
1049 3351 1121 3401 Aris!-
1134 3366 1157 3414 p.
1170 3359 1198 3402 28
1211 3365 1234 3401 ὃ·
1246 3343 1285 3401 ed.
1299 3351 1407 3401 Βῐδῦύίθ·
1420 3371 1426 3401 ²
1443 3353 1467 3402 lv
1477 3354 1511 3411 0ῑὶ
1524 3356 1630 3413 (militi
1645 3359 1685 3418 καί
1698 3359 1725 3407 τὸ
1735 3361 1829 3420 γνήσιον

228 3429 350 3494 λοσοφίας·
361 3429 401 3477 δύο
419 3428 463 3492 γὰρ
478 3428 507 3488 ἦν
518 3429 573 3489 γένη
584 3429 624 3476 καὶ
636 3433 682 3476 τῶν
697 3428 912 3490 μεταχειριζομένων
927 3424 1006 3481 αὐτόν,
1049 3424 1088 3473 διὰ
1098 3425 1140 3482 τὴν
1147 3425 1268 3485 γινομένην
1274 3423 1373 3472 νοθείαν·
1382 3425 1513 3474 νοθεύονται
1522 3427 1566 3488 γάρ
1575 3427 1605 3475 τό
1615 3428 1692 3490 βιόλία
1698 3437 1827 3494 πανταχῶς·

228 3503 250 3550 οἰ
265 3499 305 3564 μλν
318 3497 496 3561 Ἀκουσματικοί
503 3499 541 3560 ,οἰ
550 3499 574 3546 δὲ
587 3496 759 3559 Μαθηματικοί.
773 3497 876 3544 Τουτωυί
888 3495 913 3542 δὲ
928 3495 950 3541 οἰ
965 3494 1006 3552 μὲν
1048 3495 1119 3558 ἡγὰρ
1129 3495 1159 3544 δι’
1170 3495 1348 3558 εὐγνωμοσύνην
1360 3497 1469 3556 μαθητῶν
1481 3497 1511 3544 τά
1522 3498 1596 3546 οἰκεῖα
1604 3499 1775 3561 συγγράμματα
1783 3508 1831 3560 τοῖς

229 3568 394 3627 Μαθηματικοὶ
404 3569 565 3629 ὡμολογοῦντο
575 3567 726 3629 Πυθαγόρειοι
736 3566 795 3614 εἰναι
806 3565 852 3614 όπό
860 3568 906 3612 τῶν
915 3563 1006 3625 ἐτέρων·
1049 3565 1143 3621 οἰκείοις
1156 3565 1302 3619 διδασκάλοις
1316 3563 1476 3624 ἀνατιθέντων,
1489 3569 1521 3621 ὡς
1532 3566 1561 3614 τά
1572 3567 1710 3632 Πυθαγόρου
1723 3571 1763 3618 καὶ
1778 3573 1830 3619 Σω-

227 3637 281 3693 reug
294 3637 320 3686 δὲ
333 3636 527 3696 Ἀκουσματικοὺς
537 3634 600 3684 οὗτοι
612 3635 656 3698 οὐχ
667 3634 812 3697 ὡμολόγουν,
825 3633 878 3680 ούτε
895 3631 935 3688 τὴν
947 3647 1005 3690 πρα-
1048 3635 1144 3698 κράτους
1158 3634 1328 3698 ἰπιγραρόρενα
1346 3635 1437 3697 βιὸλία,
1453 3637 1485 3697 μή
1498 3637 1554 3684 όντα
1572 3639 1709 3699 Σωκράτους
1722 3641 1738 3698 1)
1750 3643 1831 3690 Πυθα-

227 3708 338 3772 γματείαν
352 3709 427 3755 αὐτῶν
440 3708 498 3756 εἶναι
510 3705 660 3768 Πυθαγόρου,
671 3703 720 3752 ἀλλ’
731 3703 858 3752 Ἱππάσου·
868 3701 908 3750 τόν
918 3700 942 3749 δὲ
954 3701 1006 3748 Ἱπ·
1048 3703 1118 3766 γόρου
1132 3704 1191 3752 ἀλλά
1207 3706 1362 3767 Σωκρατικῶν
1376 3705 1416 3752 καὶ
1429 3707 1606 3768 ΠυθαγορικῶνΙ
1617 3709 1632 3764 ἢ
1645 3707 1682 3755 διά
1701 3709 1832 3771 φιλοτιμίαν

227 3793 304 3830 παραυ
315 3780 337 3826 ot
350 3777 390 3838 μὲν
400 3777 561 3839 Κροτωνιάτην
572 3775 650 3839 φασίν,
661 3777 683 3824 ol
695 3775 719 3824 δὲ
727 3776 905 3823 Μεταποντῖνον.
915 3797 947 3807 -
957 3773 1005 3831 (at)
1049 3773 1180 3836 βασιλικήν
1189 3769 1308 3828 Ἰοθίιτούς
1316 3773 1361 3837 γὰρ
1371 3779 1413 3822 τού
1423 3774 1517 3824 Διόύων
1530 3777 1643 3837 βασιλέως
1654 3777 1793 3838 συνάγοντος
1802 3781 1832 3828 τά

228 3848 298 3909 Πίος.
311 3849 388 3896 haetl.
402 3845 443 3894 llb.
456 3849 526 3906 vlit,
541 3851 586 3895 to:
603 3845 681 3906 ἔλεγόν
692 3861 718 3894 τε
728 3846 768 3893 καί
783 3846 805 3893 ol
819 3843 883 3892 άλλοι
897 3841 1005 3902 Πυθαγό-
1048 3844 1187 3906 Πυθαγόρου
1196 3845 1235 3892 καὶ
1245 3843 1391 3904 Πτολεμαίου
1403 3844 1433 3892 τόν
1443 3842 1625 3907 Ἅριστοτελους,
1637 3847 1695 3902 τινὲς
1705 3850 1832 3904 καπηλείας

228 3934 285 3982 ρειοι
291 3953 300 3978 ,
316 3917 348 3979 με)
362 3916 420 3964 εἰναι
432 3916 488 3978 πρὸς
499 3917 585 3972 πάντας
606 3915 681 3964 πάντα
694 3915 765 3978 ῥητά,
777 3915 808 3969 ὥς
824 3930 892 3976 φησιν
904 3911 1006 3974 Ἀριστό-
1048 3914 1115 3978 χάριν
1134 3913 1165 3962 τὰ
1184 3913 1287 3976 τυχόντα
1307 3913 1476 3977 συγγράμματα
1494 3914 1649 3978 λαμόάνοντες
1670 3917 1776 3981 ἰκίδρουν
1788 3922 1829 3967 καί

228 3990 288 4045 ξενος
309 3986 333 4035 ἰν
351 3983 436 4047 δεκάτη
446 3985 600 4033 παιδευτικῶν
618 3983 704 4044 νόμων.
723 4013 754 4024 -
771 3985 819 4045 (35)
840 3981 894 4031 vti.
916 3980 1004 4029 Philus.
1048 3981 1184 4036 Ισηπονδιὰ
1194 3984 1341 4045 παραθέσεως
1352 3983 1573 4049 νέωνπνφρῶνῌεμ.
1583 3987 1740 4050 μυρρῶν),ἰνα
1750 3997 1829 4052 σχοῖεν

180 4111 187 4120 ‚
228 4051 570 4115 oraec.t²ngm.vot.1pag.·
588 4051 857 4103 tas-sat.tamhttctius
874 4048 1004 4110 vtthttr.
1050 4051 1116 4109 δῆθεν
1127 4051 1207 4110 τήνίιι
1222 4053 1362 4117 τοῦχρόνου
1382 4054 1534 4110 ἀξιοπιστίαν·
1548 4058 1563 4114 ἢ
1576 4058 1605 4104 δι’
1618 4058 1752 4122 ὁμωνυμίας
1772 4078 1827 4124 συγ-

228 4139 282 4188 εομ.
291 4131 320 4174 32
331 4137 355 4185 ρ.
371 4129 411 4173 191
427 4123 480 4172 :tut
491 4124 516 4172 δί
527 4129 574 4173 τῶν
586 4125 684 4187 θυραίων
694 4125 734 4172 καί
746 4127 777 4179 ὡς
787 4123 858 4171 εἰπεῖν
870 4121 974 4183 βεθήλων
986 4121 1007 4168 εἰ
1048 4121 1152 4182 γραφίων
1166 4123 1181 4178 ἡ
1193 4124 1380 4185 συγγραμμάτων
1392 4124 1407 4181 ἢ
1419 4125 1600 4186 θπομνημάτων.

228 4197 268 4244 καί
281 4209 339 4245 ποτε
358 4193 439 4254 τύχοι,
452 4193 490 4241 διὰ
502 4194 624 4253 συμόόλων
636 4194 741 4250 ἀλλήλοις
752 4195 774 4242 οἰ
790 4191 867 4256 ἄνδρες
878 4191 1005 4253 ᾐνίττοντο.
1082 4188 1131 4251 (37)
1148 4189 1266 4249 Diogenes
1287 4192 1394 4240 Laertius
1408 4190 1449 4240 lib.
1463 4194 1592 4255 v111,o·7
1612 4214 1618 4242 a
1638 4195 1699 4243 οότω
1710 4198 1735 4246 tt
1755 4199 1828 4261 εἶπεν,

228 4266 266 4317 ld.
274 4278 326 4327 cap.
337 4267 368 4313 35
380 4277 403 4326 ρ.
416 4269 457 4310 211
471 4281 477 4310 ε
490 4263 674 4324 διευλαὸοιίμενοι
685 4264 710 4311 δὲ
721 4264 753 4324 με)
765 4263 881 4316 παντελῶς
896 4260 954 4318 ἐξείη
966 4261 1007 4310 άν-
1048 4256 1173 4322 truttam
1190 4259 1342 4322 ἐναρχόμενος
1355 4263 1369 4310 ό
1381 4262 1518 4325 Πυθαγόρας
1536 4269 1577 4312 τοῦ
1595 4269 1693 4322 φυσικοῦ
1711 4269 1831 4332 συγγράμ,

229 4337 327 4398 θρῶπων
338 4335 366 4382 τό
377 4331 509 4396 φιλοσοφίας
522 4331 608 4394 ὄνομα,
618 4333 659 4380 καί
671 4333 729 4387 tait<
740 4331 805 4380 αὐτοὶ
817 4331 855 4378 διὰ
865 4333 933 4378 τοῦτο
950 4330 1007 4379 όπε·
1050 4345 1122 4390 ματος
1143 4330 1204 4389 λέγει
1224 4330 1279 4378 ὦδε·
1293 4331 1328 4378 Οὐ
1343 4331 1376 4392 μὰ
1386 4331 1426 4379 τόν
1445 4331 1502 4396 ἀέρα
1518 4332 1558 4382 τόν
1578 4333 1684 4382 άναπνὲω
1691 4372 1699 4398 ,
1709 4338 1737 4385 οὐ
1750 4340 1783 4400 μὰ
1801 4342 1829 4389 τὸ

229 4401 525 4466 χθάνωνται,διολέσαντες
544 4401 613 4465 ἄρδην
630 4403 657 4450 τό
675 4403 808 4458 τηλικοῦτον
828 4399 904 4447 αὐτῶν
923 4400 1006 4461 δῶρον,
1049 4398 1111 4462 ὕδωρ
1125 4399 1152 4447 τὸ
1164 4399 1238 4464 πίνω,
1251 4400 1280 4448 ού
1292 4400 1397 4448 κατοίσω
1409 4401 1483 4463 ψόγου
1494 4404 1544 4464 περὶ
1558 4403 1680 4464 τοῦλόγου
1693 4409 1768 4457 τοῦδε.
1785 4410 1828 4460 Γέ·

229 4472 383 4536 ὑπομνήματά
394 4488 445 4522 τινα
454 4472 599 4534 κεφαλαιώδη
610 4473 649 4520 καί
659 4471 763 4532 σύμθολα
772 4469 934 4532 συνταξάμενοι
941 4469 971 4518 τά
981 4485 1007 4518 τε
1049 4484 1149 4532 γραπται
1161 4470 1186 4518 δί
1195 4474 1230 4532 τῷ
1239 4470 1363 4534 Πυθαγόρᾳ
1372 4472 1541 4533 συγγράμματα
1550 4473 1610 4536 τρία·
1619 4476 1775 4539 παιδευτικόν,
1784 4497 1827 4529 πο·

229 4549 276 4593 τῶν
290 4544 450 4607 πρεσόυτίρων
466 4541 634 4606 συγγράμματα
644 4543 684 4590 καὶ
696 4542 728 4590 ὧν
740 4541 890 4602 διεμέρνηντο
910 4540 1004 4589 συναλί-
1049 4540 1259 4603 λιτικόν,φυσικόν.
1267 4541 1462 4604 Τόδὲρερόμενον
1471 4544 1502 4598 ὡς
1515 4545 1659 4607 Πυθαγόρου,
1667 4546 1768 4601 Λύσιδός
1777 4549 1828 4597 ἰστι

230 4629 311 4669 σαντες
329 4615 452 4663 κατελιπον
471 4615 568 4668 ἔκαστος
588 4611 615 4661 οὗ
633 4613 742 4675 ἐτύγχανε
762 4613 886 4671 τελευτῶν,
907 4613 1006 4668 ἰπισκή-
1048 4613 1424 4675 τούΤοιρανιίνσυΠνθαγοριιιού,
1436 4613 1829 4680 φνγόντοςείςθὴόαςκαὶἘπαμι·

230 4685 313 4746 ψαντες
325 4686 382 4738 υἱοῖς
392 4686 407 4741 ἢ
417 4683 554 4746 θυγατράσιν
565 4684 579 4741 ἣ
589 4682 693 4744 γυναιξί,
703 4681 781 4744 μηδενί
792 4681 877 4730 διδόναι
886 4685 932 4729 τῶν
942 4681 1006 4736 ἐκτός
1049 4681 1137 4731 νύνδου
1157 4683 1357 4745 καθηγησαμένου.
1372 4683 1437 4738 Φησὶ
1456 4683 1481 4731 δὲ
1492 4683 1640 4745 Ἡρακλείδης
1660 4688 1674 4735 ό
1693 4692 1734 4735 τοῦ
1753 4690 1826 4751 Σαρα-

229 4754 271 4810 τδις
282 4752 367 4807 αἰκίας.
380 4753 416 4801 cl.
430 4754 648 4815 οοωο1,Ρνοθιορι.
661 4766 683 4815 p.
697 4756 749 4801 130.
1049 4751 1135 4807 πίωνος
1147 4751 1171 4800 έν
1182 4758 1211 4812 τῇ
1222 4753 1342 4807 Σωτίωνος
1355 4752 1466 4814 ἐπιτομῇ,
1479 4753 1614 4815 γεγραφέναι
1633 4755 1702 4804 αι’πόν
1721 4757 1760 4804 καί
1776 4759 1828 4820 περὶ

262 4823 311 4887 (θθ)
322 4820 407 4871 David.
416 4823 503 4872 Scholl.
516 4825 586 4872 Arist.
598 4835 619 4884 p.
631 4827 658 4871 13
668 4822 705 4872 ed.
720 4821 827 4872 Brendls.
840 4825 921 4869 ιταθτο
930 4821 954 4869 δὲ
963 4821 1007 4870 ούκ
1049 4826 1091 4870 τοῦ
1104 4822 1158 4870 όλου
1176 4822 1200 4870 ἑν
1213 4823 1293 4872 ἰπεσι·
1303 4823 1416 4885 δεύτερον,
1428 4824 1467 4872 τόν
1478 4825 1537 4886 ἰερὸν
1548 4824 1626 4886 λόγον,
1636 4824 1663 4872 ού
1676 4827 1691 4882 ἡ
1706 4826 1781 4889 ἇρχή,
1794 4827 1828 4876 Ὦ

230 4893 314 4955 ἰχομεν
325 4889 396 4945 δεῖξαι
409 4889 456 4938 ἀπό
470 4891 630 4952 Πυθαγορείων
649 4889 844 4954 συγγραμμάτων·
857 4889 900 4938 citu
911 4888 1007 4947 ἐποίησε
1050 4892 1097 4940 νέοι
1117 4890 1175 4940 ἀλλὰ
1195 4893 1290 4957 σε’άεσθε
1311 4893 1359 4956 μεθ’
1375 4893 1473 4955 ἡσυχίας
1492 4894 1547 4943 τάδε
1568 4895 1657 4943 πάντα·
1674 4897 1759 4959 τρίτον,
1775 4903 1827 4964 περὶ

230 4962 275 5024 γὰρ
292 4961 434 5021 σύγγραμμα
446 4961 459 5008 ό
471 4959 619 5023 Πυθαγόρας·
630 4961 693 5022 ἔλεγε
704 4961 748 5024 γὰρ
761 4959 796 5008 ότι
811 4960 839 5009 ού
858 4959 969 5023 βούλομαι
982 4959 1006 5007 ἐν
1049 4961 1140 5022 ψυχῆς·
1157 4962 1273 5023 τέταρτον,
1295 4962 1347 5026 περί
1368 4962 1498 5017 εύσεθείας·
1517 4964 1630 5024 πέμπτον,
1649 4965 1764 5025 Ἡλοθαλῆ
1787 4967 1827 5016 τόν

230 5032 328 5095 ἀψύχοις
344 5029 374 5076 τὰ
393 5029 438 5086 tut
454 5031 586 5078 καταλιπεῖν
598 5030 686 5091 (ἀψυχα
697 5029 805 5079 δὲὲκάλει
817 5031 847 5079 τά
859 5030 944 5092 βιάλία)
957 5031 1006 5078 ἀλλ’
1050 5028 1194 5091 Ἐπιχάρμου
1204 5035 1246 5078 τοῦ
1266 5031 1337 5094 Κῴου
1354 5033 1455 5094 πατέρα·
1465 5033 1541 5091 ίκτσν,
1555 5031 1665 5095 Κρότωνα
1678 5036 1718 5082 καί
1734 5035 1825 5092 ἄλλους.

231 5104 255 5150 δν
265 5099 385 5163 ’ἐμψύχοις
398 5099 449 5156 ἢτοι
469 5099 492 5146 ἐν
510 5103 557 5155 τοῖς
571 5103 696 5161 μαθηταῖς,
706 5101 786 5156 οθτινες
803 5102 843 5148 καὶ
862 5101 1007 5162 ἐρωτώμενοι
1050 5101 1097 5150 Τόν
1109 5100 1134 5148 δὲ
1146 5103 1256 5162 μυστικόν
1268 5102 1336 5164 λόγον
1347 5102 1463 5152 Ἱππάσου
1474 5103 1543 5165 φασὶν
1551 5103 1618 5165 εἰναι,
1625 5107 1780 5168 γεγραμμένον
1788 5107 1829 5154 ἰπὶ

231 5171 340 5222 δύνανται
348 5167 524 5231 άποκρίνιεθαι,
533 5168 560 5217 τό
572 5169 596 5218 δὲ
607 5170 694 5232 βιόλίον
702 5171 738 5220 οὔ.
750 5171 795 5220 Καὶ
807 5173 838 5226 ῶς
847 5171 909 5231 urit
918 5187 951 5227 τις
959 5175 1006 5218 τῶν
1054 5173 1150 5234 διαθολῇ
1164 5172 1315 5235 Πυθαγόρου·
1329 5174 1427 5229 πολλοὺς
1437 5169 1462 5222 δί
1474 5174 1514 5220 καὶ
1528 5173 1574 5221 ύπό
1585 5173 1698 5232 Ἄστωνος
1710 5181 1752 5224 τοῦ
1766 5178 1827 5240 Προ-
