3959 5925
240 416 340 461 carru
886 394 939 455 DE
959 392 1207 453 PROTAGORA.

239 533 492 594 nobilissimorum
509 528 659 587 hominum
673 526 787 604 judicia
802 524 1020 584 dcsehonori·
1064 537 1151 601 prout
1175 541 1303 601 praecem
1336 522 1506 600 reipublicae
1538 521 1668 581 conditio
1691 523 1843 601 postulare

241 621 429 679 licentissime
443 628 614 676 consecutus
628 628 682 672 est.
699 616 884 692 Quapropter
897 616 1021 672 Athenas
1063 612 1220 685 videretur,
1234 611 1339 689 partim
1348 623 1471 669 novaret
1481 610 1586 689 partim
1601 608 1770 687 abrogaret.
1776 612 1844 671 Cal·

149 768 154 776 ,
240 728 374 787 quoqne,
390 706 662 765 liberalissimorum
683 703 846 762 studiorum
861 702 1020 761 laudanda·
1064 699 1188 758 limacho
1200 698 1277 756 enim
1294 696 1431 755 archonte
1445 699 1587 777 primam,
1611 697 1757 757 Praxitele
1772 700 1844 758 alte·

239 815 362 873 rumque
384 793 515 853 omnium
537 793 642 851 artium
664 792 861 863 domicilium,
876 812 911 849 ea
926 804 1022 849 mente
1065 804 1126 843 ram
1153 784 1371 842 Atheniensium
1399 785 1562 855 coloniam,
1587 782 1672 860 cujus
1695 786 1795 862 Lysias
1817 801 1845 845 et

239 884 321 955 adiit,
335 897 368 944 ut
380 881 617 959 ibisophisticam
629 895 730 952 artem,
742 880 832 952 idest,
845 880 1020 939 rhetoricam
1065 873 1228 931 Herodotus
1253 872 1412 949 participes
1429 872 1520 943 luere,
1540 870 1669 935 Thurios
1693 872 1844 931 deductam

239 992 304 1031 cum
321 970 508 1050 philosophia
521 968 716 1046 conjunctam,
729 970 924 1048 profiteretur.
942 968 1021 1026 Con·
1065 980 1127 1019 esse
1146 974 1258 1020 veteres
1282 960 1441 1036 scriptores
1464 958 1578 1018 docent.
1603 957 1657 1017 llla
1680 958 1712 1017 in
1737 978 1844 1019 aunum

239 1062 305 1137 tigit
317 1060 372 1118 hoc
387 1060 464 1117 circa
478 1056 680 1135 Olympiadem
697 1056 900 1133 octogesimam
918 1075 1021 1115 secun-
1065 1064 1130 1109 ante
1144 1051 1215 1109 Chr.
1232 1070 1262 1109 u.
1287 1050 1344 1117 115
1366 1049 1481 1121 incidit,
1503 1049 1564 1107 haec
1584 1046 1707 1105 biennio
1733 1061 1800 1125 post
1814 1048 1844 1106 in

238 1149 304 1206 dam
325 1148 372 1205 vel
395 1166 503 1204 annum
527 1159 591 1204 ante
616 1145 685 1205 Chr.
704 1146 772 1213 451.
787 1144 904 1203 Primus
926 1156 1020 1201 autem
1064 1139 1186 1197 eundem
1201 1140 1298 1196 locum
1313 1138 1402 1197 missa
1415 1150 1469 1198 est.
1486 1136 1672 1213 Nequaquam
1687 1154 1760 1193 vcro
1775 1136 1847 1194 Pro·

239 1235 408 1296 Graecorum
419 1233 613 1312 philosophus
625 1234 680 1291 luit
692 1233 743 1310 qui
758 1232 888 1291 venalem
901 1230 1023 1289 baberet
1043 1230 1046 1279 l
1065 1241 1179 1301 tagoras
1193 1226 1321 1285 civitatis
1342 1225 1475 1301 regendae
1488 1224 1642 1303 imperitus
1656 1238 1728 1294 erat,
1742 1238 1776 1282 ut
1792 1227 1844 1301 qui

209 1376 212 1397 ,
238 1324 401 1382 doctrinam
424 1341 458 1379 ac
482 1321 642 1379 mercedem
666 1340 685 1378 a
706 1320 861 1398 discipulis
878 1319 1019 1395 exigeret.
1066 1334 1124 1373 non
1140 1314 1234 1373 solum
1250 1314 1366 1373 virtutis
1382 1326 1412 1373 et
1431 1312 1624 1391 eloquentiae,
1640 1312 1845 1370 verumetiam

239 1410 382 1468 Poscebat
403 1409 493 1483 igitur
507 1426 523 1465 a
538 1408 663 1483 singulis
684 1406 870 1467 auditoribus
892 1426 948 1485 pro
967 1407 1019 1465 do·
1064 1402 1233 1480 reipublicae
1264 1401 1338 1460 benc
1360 1401 1595 1459 administrandae
1618 1401 1790 1475 magistrum
1817 1420 1848 1460 se

240 1499 325 1555 cendi
340 1496 441 1553 labore
456 1508 589 1553 centenas
600 1496 710 1567 minas,
725 1514 790 1571 quae
805 1496 841 1553 ad
854 1507 959 1553 nostrae
971 1515 1021 1573 pe·
1064 1490 1260 1567 profiteretur.
1277 1487 1377 1546 Testes
1391 1501 1459 1546 sunt
1473 1488 1531 1547 duo
1545 1486 1609 1564 ejus
1623 1486 1707 1558 libri,
1720 1487 1793 1545 alter
1811 1488 1846 1548 de

239 1585 333 1643 cuniae
339 1584 466 1641 rationes
473 1595 614 1640 revocatae
622 1582 682 1640 duo
692 1583 752 1641 fere
762 1582 856 1641 millia
864 1602 1021 1642 numorum
1064 1576 1230 1655 republica,
1248 1579 1320 1635 allel·
1333 1576 1369 1633 de
1380 1574 1583 1652 antiquissima
1594 1595 1691 1634 retum
1708 1574 1847 1653 publica=

238 1671 437 1750 imperialium
447 1671 590 1741 efficiunt,
600 1670 751 1747 autmajus
763 1670 849 1728 etiam
860 1669 1022 1748 disciplinae
1064 1686 1128 1726 rum
1150 1667 1264 1725 ratione
1286 1665 1480 1743 compositus,
1498 1663 1655 1741 dequibus
1679 1664 1757 1722 inira
1774 1684 1846 1740 age-

237 1762 365 1839 pretium
396 1762 540 1818 statuebat
567 1760 645 1836 (οο)..
660 1758 705 1815 Ad
731 1778 817 1837 quem
842 1759 1020 1819 audiendum
1066 1773 1141 1813 mus.
1164 1753 1242 1823 Quin
1266 1754 1354 1811 etiam
1382 1752 1422 1809 ita
1443 1752 1617 1810 exercitatus
1640 1754 1672 1809 in
1695 1750 1847 1829 republica

237 1868 327 1926 quum
359 1847 493 1907 discendi
530 1846 631 1923 cupidi
663 1846 858 1904 adolescentes
892 1847 1022 1925 undique
1064 1842 1228 1914 videbatur,
1243 1854 1275 1899 111
1285 1843 1364 1899 Crito
1384 1840 1515 1898 libellum
1531 1840 1711 1919 Πρωταγόρας
1725 1839 1742 1911 ἢ
1757 1842 1845 1900 Πολι-

238 1936 365 1995 Athenas
380 1930 575 2004 continerent,
592 1934 696 2008 ingens
714 1933 910 1992 studiosorum
927 1936 1021 1993 bomi-
1063 1930 1133 1995 τικότ
1148 1930 1318 2007 inscriptum
1333 1928 1432 1988 ederet
1448 1928 1518 2005 (23).
1538 1928 1618 1989 Adde
1632 1929 1711 2006 quod
1724 1930 1846 2008 Apollo-

236 2045 307 2084 num
330 2021 545 2097 numerusejus
561 2021 674 2080 scholas
698 2020 909 2098 frequentabat.
936 2020 1017 2081 Nihil
1065 2010 1156 2079 dorus
1187 2020 1248 2097 (2ll
1280 2018 1357 2098 apud
1384 2018 1560 2092 Diogenem,
1600 2017 1843 2094 quemadmodum

237 2113 316 2171 enim
331 2111 479 2187 antiquius
490 2109 659 2184 Protagorae
672 2109 708 2167 de
722 2130 818 2167 rerum
836 2122 939 2167 natura
953 2108 1017 2167 dis·
1066 2130 1154 2189 supra
1186 2108 1267 2181 dixi,
1295 2108 1374 2165 circa
1404 2105 1607 2183 Olympiadem
1637 2108 1843 2181 octogesimam

236 2197 436 2277 putationibus
451 2196 625 2272 dicendique
644 2216 678 2254 ac
696 2196 890 2274 philosophiae
909 2216 1020 2274 pracce-
1064 2212 1194 2275 quartam
1220 2196 1345 2253 maxime
1365 2193 1500 2253 llornisse
1522 2192 1712 2269 Protagoram
1739 2194 1841 2265 tradit,

237 2289 296 2366 ptis
306 2285 487 2365 judicabant.
503 2283 600 2353 Quid?
615 2282 792 2360 quodetiam
806 2284 843 2341 de
857 2284 964 2359 linguae
979 2285 1020 2341 le·
1065 2286 1128 2344 sine
1141 2284 1234 2344 dubio
1254 2297 1368 2361 tempus
1388 2282 1552 2360 disciplinae
1572 2280 1598 2339 T
1600 2282 1773 2342 hurinorum
1793 2302 1844 2361 per

236 2376 323 2453 gibus
347 2388 376 2434 et
400 2387 461 2433 arte
484 2372 672 2449 grammatica
695 2385 756 2429 tum
786 2372 932 2431 subtiliter
958 2386 1019 2430 tum
1065 2374 1148 2432 illum
1164 2373 1278 2449 legibus
1294 2372 1418 2431 astrictae
1432 2371 1612 2447 significans.
1626 2370 1842 2449 Apollodorum

156 2497 159 2501 ·
237 2467 354 2543 copiose
365 2461 534 2521 disserebat.
548 2461 644 2530 Quum
660 2479 729 2517 vero
745 2460 792 2519 his
808 2461 921 2535 ingenii
935 2460 1017 2519 doti·
1065 2462 1197 2538 sequitur
1220 2460 1362 2519 Eusebius
1380 2458 1579 2543 inyChronicis
1599 2459 1727 2517 secundo
1742 2458 1843 2536 Olym·

236 2552 292 2612 bus
305 2552 467 2618 excelleret,
483 2549 565 2607 brevi
574 2548 699 2607 Periclis
711 2547 946 2607 benevolentiam
961 2548 1018 2607 sibi
1063 2549 1159 2628 piaclis
1173 2549 1356 2625 octogesimae
1376 2560 1487 2624 quartae
1507 2566 1584 2604 anno
1599 2547 1729 2622 viguisse
1745 2549 1845 2623 sophi·

237 2640 415 2715 conciliavit.
452 2637 566 2697 Etenim
581 2636 709 2695 Pericles
728 2650 789 2695 tum
809 2636 1018 2715 rempublicam
1064 2650 1135 2695 stam
1146 2648 1282 2705 statuens,
1293 2647 1378 2711 atque
1392 2635 1423 2693 in
1431 2633 1529 2692 eadem
1541 2633 1683 2692 sententia
1694 2632 1846 2711 Syncellns

236 2725 475 2799 administrabat,
491 2724 561 2783 belli
582 2727 721 2801 pacisque
745 2724 858 2784 artibus
880 2725 1019 2803 princeps
1064 2744 1180 2802 quoque
1192 2738 1236 2783 est
1247 2710 1409 2797 Ch'ronogr.
1424 2744 1455 2801 p.
1469 2724 1527 2789 atil
1546 2723 1581 2781 Α.
1596 2722 1691 2791 Quum
1707 2724 1799 2798 igitur
1814 2725 1844 2783 in

235 2814 370 2892 idemque
386 2813 566 2873 cruditorum
588 2812 739 2871 hominum
757 2813 862 2871 fautor.
883 2813 1018 2873 Familia·
1064 2812 1175 2872 ltaliam
1197 2802 1245 2871 vii·
1265 2826 1293 2870 et
1312 2811 1417 2871 studiis
1431 2810 1571 2868 doctrinae
1586 2823 1614 2867 et
1631 2811 1757 2887 regenda
1771 2813 1844 2870 ciri-

236 2904 352 2963 rissirnc
368 2915 461 2961 autem
477 2900 607 2979 sophista
617 2920 683 2958 eum
699 2920 782 2959 usum
797 2920 860 2961 esse
880 2902 1018 2978 intelligi·
1065 2912 1121 2957 tate
1143 2899 1281 2978 princeps
1300 2897 1451 2978 proiectus
1474 2911 1559 2970 esset,
1588 2912 1747 2976 procuratu
1767 2900 1844 2978 qnod

236 3005 284 3050 tur
297 3011 333 3050 ex
344 2991 396 3049 illa
406 2989 721 3065 narratiunculaquam
739 2989 826 3047 habet
843 2982 1016 3050 Plutarchus
1064 2990 1092 3046 ei
1107 2988 1234 3046 Pericles
1244 2989 1362 3046 dederat
1371 2987 1489 3062 negotio
1499 3031 1507 3063 ,
1518 2986 1681 3046 Siculorum
1696 2989 1843 3048 rhetorum

238 3077 300 3158 (οι)
313 3080 344 3154 ip
357 3078 422 3153 ejus
430 3077 502 3133 vita.
516 3075 624 3133 Ferunt
637 3077 715 3133 enim
727 3076 854 3134 civitatis
863 3091 1017 3151 rectorem,
1064 3075 1181 3134 Coracis
1191 3088 1220 3134 et
1229 3075 1317 3134 Tisias
1330 3075 1423 3151 gloria
1434 3088 1540 3148 motus,
1553 3089 1656 3134 utmca
1667 3079 1722 3134 sert
1732 3079 1844 3155 opinio,

236 3185 326 3242 tynum
339 3164 526 3240 quinquertio
537 3161 655 3238 quidam
664 3161 822 3240 Epitimum
836 3163 1018 3224 Pharsaliam
1068 3164 1198 3222 Siciliam
1212 3165 1304 3242 petiit.
1327 3163 1470 3232 Quamvis
1485 3165 1561 3222 enim
1572 3178 1657 3223 antea
1669 3165 1731 3242 jam
1745 3165 1843 3225 dicere

233 3252 332 3330 jaculo
346 3249 644 3318 inritusoccidisset,·
660 3271 726 3308 cum
751 3251 909 3327 Protagora
925 3267 1018 3312 totum
1064 3252 1199 3330 coepisset
1230 3252 1427 3310 adolescentes
1457 3252 1562 3310 docere
1593 3265 1622 3310 et
1660 3252 1843 3330 prudentiam

236 3340 312 3398 diem
336 3337 512 3416 disputando
533 3338 570 3395 de
593 3339 694 3396 mortis
717 3337 803 3395 istius
821 3359 906 3398 causa
928 3353 956 3398 et
971 3360 1020 3398 au·
1064 3359 1129 3398 cum
1144 3340 1310 3415 eloquentia
1333 3339 1514 3416 conjungere
1542 3359 1549 3397 ε
1573 3353 1669 3402 tamen
1687 3339 1761 3397 nihil
1786 3341 1844 3398 nisi

236 3441 316 3486 ctore
326 3426 530 3486 consumsisse.
543 3425 1016 3505 Quaerebantvidelicetjaculone,
1064 3447 1160 3487 rerum
1176 3427 1334 3485 illustrium
1358 3426 1570 3506 disputationes
1590 3428 1654 3485 sive
1667 3427 1749 3485 locos
1763 3447 1845 3484 cum-

234 3534 272 3572 an
286 3514 525 3592 quinquertium,
544 3532 581 3570 an
595 3514 784 3571 certaminum
802 3514 923 3575 arbitris
932 3537 1019 3576 causa
1065 3534 1165 3573 munes
1180 3516 1350 3593 scripserat,
1367 3514 1475 3592 quibus
1485 3519 1535 3594 qui
1545 3515 1690 3573 orationes
1700 3514 1843 3573 haberent

236 3602 338 3660 mortis
349 3602 456 3661 rectius
471 3600 690 3658 attribueretur.
702 3600 790 3658 Dedit
808 3615 950 3679 praterea
963 3604 1017 3662 Pe·
1064 3616 1213 3663 uterentur
1227 3606 1298 3682 (25).
1325 3605 1349 3660 ll
1373 3603 1481 3662 Corace
1500 3624 1568 3680 ergo
1592 3617 1621 3662 et
1641 3603 1741 3673 Tisia,
1772 3605 1845 3661 artis

235 3789 399 3833 rumentum
415 3789 520 3852 quarto
531 3775 715 3852 Olympiadis
729 3778 912 3852 octogesimae
925 3779 1017 3836 tertiae
1064 3799 1131 3836 nam
1159 3779 1347 3854 Protagoram
1373 3781 1403 3837 in
1418 3779 1519 3839 Sicilia
1543 3780 1689 3858 accepisse
1703 3778 1841 3856 conjicio.

237 3883 314 3921 anno
326 3863 372 3921 rel
388 3877 454 3920 ante
465 3862 533 3923 Chr.
551 3864 620 3930 115.
636 3864 752 3942 Quippe
771 3867 881 3924 colonis
898 3887 932 3924 eo
946 3881 1019 3925 teru-
1066 3869 1123 3926 Diu
1145 3882 1239 3926 autem
1263 3868 1294 3925 in
1308 3868 1368 3926 illis
1383 3867 1552 3943 regionibus
1567 3867 1631 3925 fuit.
1661 3868 1774 3924 Etenim
1791 3867 1844 3923 vix

235 3971 309 4030 pore
323 3971 359 4008 ex
375 3952 593 4010 Atheniensium
604 3955 676 4010 urbe
689 3955 817 4012 Thurios
828 3957 1034 4036 proficiscen-U
1064 3969 1129 4013 ante
1158 3953 1315 4014 secundum
1341 3955 1517 4032 olympiadis
1542 3958 1725 4030 octogesimae
1758 3968 1845 4012 sextae

236 4041 315 4100 tibus
326 4053 374 4098 aut
387 4059 483 4098 comes
494 4038 647 4116 adjunctus
659 4054 702 4100 est
715 4041 888 4116 Protagoras
900 4057 948 4101 aut
960 4045 1019 4102 dux
1041 4061 1043 4102 ι
1064 4063 1174 4100 annum
1187 4043 1232 4100 vel
1250 4057 1315 4101 ante
1327 4042 1395 4099 Chr.
1412 4043 1468 4110 435
1483 4043 1640 4120 sophistam
1658 4041 1742 4100 ltalia
1753 4056 1781 4098 et
1796 4041 1845 4099 Si-

237 4129 408 4206 prael'ectus,
425 4147 460 4184 eo
476 4127 601 4185 consilio
618 4142 648 4185 ut
664 4127 806 4186 Thurinis
820 4128 896 4204 leges
911 4131 1018 4188 scribe·
1040 4107 1043 4202 (
1063 4131 1130 4188 cilia
1151 4131 1275 4202 relictis,
1299 4129 1351 4188 ubi
1379 4149 1511 4206 magnam
1533 4130 1647 4190 laudem
1671 4145 1844 4190 consecutus

135 4217 140 4226 ’
236 4231 289 4290 ret,
305 4217 349 4274 vel
366 4216 463 4293 potius
478 4227 510 4271 ut
528 4227 639 4273 veteres
658 4214 818 4273 Clrarondae
837 4215 895 4294 (οο)
919 4217 1015 4292 leges,
1041 4207 1043 4272 l
1063 4232 1135 4290 erat,
1151 4219 1302 4296 repetiisse
1323 4217 1465 4276 Graeciam
1485 4218 1640 4298 probabile
1654 4232 1707 4278 est.
1725 4219 1844 4289 Quaeri-
1943 4267 1944 4298 ἒ

235 4441 430 4501 cognominatum
439 4453 493 4490 etse
503 4439 713 4490 testanturSuidas
722 4454 747 4490 τ.
759 4443 901 4506 Δημόκριτος
906 4447 929 4492 et
939 4443 1015 4494 Clem.
1062 4459 1100 4498 τος
1111 4479 1118 4502 ,
1129 4443 1215 4504 ἡμέραν
1225 4442 1280 4499 ὅλην
1292 4442 1414 4492 ἀναλῶσαι
1433 4443 1491 4504 μετὰ
1502 4443 1661 4506 Πρωταγόρου
1673 4445 1843 4508 διαποροῦντι,

236 4511 303 4560 Alex.
321 4516 414 4568 Strem.
434 4512 477 4562 lib.
498 4513 530 4560 vt
549 4525 573 4572 p.
595 4514 639 4560 tat
662 4515 693 4561 D.
714 4539 745 4548 —
764 4514 812 4573 (20)
833 4514 900 4563 Plato
921 4518 1016 4576 l'rulag.
1062 4514 1158 4576 πότερον
1173 4515 1200 4563 τὸ
1213 4513 1773 4578 artuicusratpodum,ratramnum
1782 4517 1843 4564 rard
1942 4563 1943 4566 ,

236 4597 261 4644 p.
280 4586 327 4632 aas
346 4587 384 4632 Αι
403 4583 472 4643 σύγ’
494 4582 623 4641 ἀναφανδὸν
650 4583 747 4632 σεαυτὸν
766 4585 968 4648 ὑποκηρυξάμενος
986 4588 1017 4642 εἰς
1062 4587 1101 4635 τὸν
1122 4585 1245 4648 ὀρθότατον
1263 4585 1331 4645 λόγον
1353 4586 1442 4642 αἰτίους
1463 4587 1508 4650 χρὴ
1521 4590 1563 4634 τοῦ
1581 4586 1668 4642 πάθους
1680 4589 1795 4648 ἡγεῖσθαι.
1811 4612 1842 4621 -

235 4653 321 4708 πάντας
329 4651 382 4707 τοὺς
392 4652 515 4710 Ἕλληνας,
526 4652 637 4711 ποριστὴν
645 4652 915 4715 ἐπονομάσας,οεαυτὸν
926 4655 1016 4716 dasou-
1062 4657 1112 4717 (22)
1133 4656 1194 4706 Vidc
1210 4669 1265 4717 quae
1288 4668 1361 4717 supra
1387 4655 1494 4705 diximus
1514 4654 1545 4706 tle
1565 4655 1701 4706 Oltaronda.
1724 4655 1792 4706 Adde
1813 4657 1840 4704 b.

234 4721 427 4777 νοςποιδιύσιος
437 4723 476 4770 καὶ
486 4722 567 4783 ἀρετῆς
576 4722 725 4780 διδάσκαλον,
739 4729 830 4786 πρῶτος
839 4725 923 4774 τούτου
934 4725 1017 4786 μισθὸν
1062 4726 1169 4776 Sclrilterl
1181 4732 1206 4776 ct
1215 4727 1260 4776 Tb.
1277 4727 1371 4776 Mttlleri
1389 4727 1419 4776 de
1431 4726 1593 4776 Thurinorum
1611 4725 1685 4777 rebus
1697 4725 1841 4789 disputatio·

235 4791 337 4847 ἀξιώσας
351 4791 470 4852 ἄρνυσθαι.
483 4792 551 4853 Dicg.
562 4793 644 4841 Laert.
660 4791 700 4839 lib.
717 4794 765 4852 111,
782 4799 811 4842 52
827 4794 913 4850 (οὗτος
926 4801 1017 4859 πρῶτος
1063 4811 1107 4846 nes
1116 4798 1237 4860 Gottingae
1248 4801 1309 4848 isat
1318 4798 1486 4861 promulgatas.
1497 4798 1614 4859 Diogenes
1624 4799 1735 4848 Laertius
1747 4798 1789 4846 uu.
1799 4799 1842 4854 lx.
1941 4811 1942 4828 ι

237 4862 318 4924 μισθὸν
331 4863 482 4922 εἰσεπράξατο
503 4867 560 4923 μνᾶς
581 4861 677 4926 ἔκαμόν.
701 4892 730 4902 -
743 4865 793 4925 (21)
814 4865 958 4915 Plutarchus
970 4865 1013 4916 rit.
1063 4876 1111 4919 50:
1125 4869 1280 4932 Πρωταγόρας
1337 4869 1481 4932 Ὰὸδηρίτης,
1497 4869 1556 4918 καθά
1577 4886 1646 4931 φησιν
1663 4869 1843 4932 Ἡρακλείδηςό

236 4931 320 4983 Periti.
333 4945 385 4994 ray).
399 4935 428 4981 ³6
441 4946 447 4974 τ
460 4934 487 4981 τὸ
498 4935 522 4982 u
533 4932 650 4996 μειράκιον
662 4935 676 4982 d
686 4935 820 4991 Ξάνθιππος
829 4936 867 4984 ἐπὶ
881 4936 957 4999 τούτῳ
968 4954 1013 5000 χο·
1062 4940 1175 5008 Demade
1190 4940 1213 4988 1(
1227 4941 1336 5002 τοῖςπερὶ
1352 4939 1429 5002 νόμοι(
1439 4975 1446 5000 ,
1457 4941 1482 4996 ὃς
1492 4941 1531 4988 καὶ
1545 4939 1651 5003 θουρίοις
1661 4941 1744 5001 νόμους
1755 4939 1841 5002 γράψαι

235 5006 311 5059 λτπῶς
326 5005 436 5059 διατεθεὶς
451 5005 558 5068 ἐλοιδόρει
574 5007 614 5055 τὸ(
627 5008 726 5069 πατέρα,
741 5013 834 5071 πρῶτον
848 5010 890 5067 μί(
908 5011 1012 5073 ἐκφέρων
1061 5010 1130 5072 ρησλν
1144 5010 1266 5060 οὐτάπ-
1287 5012 1335 5072 (23)
1357 5012 1475 5072 Diogenes
1496 5012 1604 5060 Laertius
1622 5010 1664 5060 lib.
1688 5013 1720 5070 ll,
1745 5015 1797 5060 121.
1812 5038 1842 5053 -·
1884 5009 1889 5018 ’
1940 5057 1941 5070 ,

235 5078 274 5126 tat
291 5077 374 5137 γελωτι
387 5076 430 5131 τὰς
449 5075 510 5124 uiroc
527 5077 646 5138 διατριὸὰς
658 5079 745 5140 αὐτοῦ,
760 5079 800 5127 καὶ
814 5081 866 5135 τοὺς
878 5080 961 5140 λόγους
976 5080 1015 5133 οὓς
1062 5083 1111 5142 (21)
1136 5081 1254 5142 Diogenes
1273 5082 1384 5134 Laertius
1410 5082 1455 5130 lib.
1479 5084 1522 5140 lx,
1547 5089 1576 5132 51
1598 5081 1793 5144 (Ἀπολλόδωρος
1816 5081 1840 5130 δέ

235 5146 309 5196 ἐποίει
330 5146 389 5209 μετ’(
405 5152 452 5195 τῶν
464 5153 588 5208 οοριστῶν.
624 5149 753 5198 Πεντάθλου
775 5149 819 5211 γάρ
837 5167 896 5206 τινος
914 5151 1016 5214 ἀκοντίῳ
1061 5168 1129 5212 φησιν
1184 5150 1295 5214 ἀκμάζειν
1309 5149 1406 5216 [αὐτὸν]
1423 5153 1482 5200 κατὰ
1502 5153 1543 5210 τήν
1556 5152 1663 5216 τετάρτη(
1678 5153 1717 5200 καὶ
1732 5152 1842 5213 trunio·

235 5219 377 5275 cardiacae:
389 5218 511 5279 Ἐπίτιμον
522 5219 561 5267 τὸ(
570 5217 704 5282 Φαρσάλιον
715 5220 845 5281 ἀκουσίως,
856 5222 894 5269 rai
908 5222 1014 5271 κτείνιιν-
1037 5240 1041 5266 ι
1060 5222 1118 5280 arur
1128 5221 1267 5284 ὀλυμπιάδι.
1285 5253 1314 5264 -
1329 5223 1379 5285 (25)
1389 5222 1450 5272 Vide
1462 5223 1655 5274 dissertationem
1668 5221 1699 5272 tle
1713 5221 1841 5284 sophistis.
1938 5269 1940 5302 p
