3959 5925
746 389 983 449 annonarum
1006 390 1140 477 vaura,
1185 458 1198 483 ·
1659 370 1662 379 '
1700 404 1735 453 m

145 518 174 576 τὸ
188 522 214 577 ἐν
232 518 370 598 συμποσίῳ
388 522 500 588 καθῆκον
524 518 750 598 ἀναστρεφομένην
771 518 920 593 ἐπιστήμην
940 538 943 563 ¹
965 522 1047 597 δευμα
1070 526 1160 579 τοῦτον
1183 518 1369 599 περιγράφουσι
1381 520 1415 554 ¹⁰⁴
1431 519 1473 578 τὸν
1495 520 1600 599 τρόπον,
1620 522 1676 581 ὁδὸν
1694 523 1735 580 διὰ

143 598 225 664 ούσαν
239 611 284 665 τοῦ
299 610 353 672 πῶς
371 608 412 664 δεῖ
429 606 564 680 ἐξάγεσθαι
588 605 622 663 τὰ
643 606 793 681 συμπόσια,
812 607 856 665 καὶ
875 611 920 664 τοῦ
964 607 1056 686 τέχνης
1078 606 1175 685 ἡμέρου
1199 604 1311 681 ἄγουσαν
1339 607 1381 665 ἐπ’
1402 609 1494 685 ἀρετήν
1516 604 1562 667 ¹⁰⁵.
1604 608 1690 665 Μόνον
1709 609 1736 665 δέ

142 698 200 761 πῶς
214 696 255 752 δεῖ
268 694 413 764 συμπίνειν·
427 694 474 764 τὴν
495 695 517 751 δ’
540 693 686 769 ἐπιστήμην
700 694 762 752 νέων
777 695 857 773 θήρας
877 696 920 753 εὖ·
965 716 1029 773 φασι
1042 693 1085 751 τὸν
1100 693 1178 772 σοφὸν
1195 692 1240 750 καί
1255 694 1346 767 μάντιν
1362 692 1456 770 ἀγαθὸν
1470 685 1551 765 εἶναι,
1566 693 1610 753 καί
1627 694 1736 767 ποιητὴν

144 782 215 858 φυῶν
226 780 289 858 πρὸς
301 780 390 859 τρέψεν
400 771 480 839 οὖσαν
491 779 537 851 τὴν
548 781 589 839 ἐπ’
600 782 694 862 ἀρετήν
703 780 740 855 9⁶,
754 781 798 840 καί
811 784 920 842 καθολου
965 780 1009 838 καί
1029 781 1142 860 ῥήτορα,
1153 780 1196 839 καί
1219 780 1388 853 διαλεκτικόν,
1405 782 1449 838 καὶ
1468 781 1589 860 κριτικόν,
1608 784 1636 839 οὐ
1644 782 1737 839 ’πάντα

144 868 291 942 ἐπιστήμην
306 873 352 925 τοῦ
367 872 452 933 καλῶς
466 871 537 947 ἐρᾶν·
553 868 592 926 διὸ
612 870 657 926 καί
678 892 756 950 φασιν
777 872 921 949 ἓρασθήσε-
965 868 1009 939 δέ,
1019 867 1099 926 iniri
1109 868 1275 945 προσδεῖσθαι
1287 868 1322 934 είς
1333 890 1390 925 τινα
1405 867 1500 925 τούτων
1511 868 1555 927 καί
1563 871 1737 948 θεωρημάτων

143 959 204 1015 σθαι
225 965 251 1004 97
274 953 317 1013 τὸν
339 960 398 1013 νοῦν
422 956 525 1034 ἔχοντα.
569 956 606 1015 Τὸ
632 958 659 1017 δὲ
680 961 740 1037 ε’ρᾶν
763 959 827 1017 αὐτὸ
843 959 919 1035 μόνον
965 959 1041 1012 τινῶν
1056 956 1219 1035 ἀναλήψεως·
1262 946 1340 1014 ffluoa
1354 953 1381 1013 δὲ
1395 953 1441 1025 τὴν
1456 956 1582 1031 immoti
1595 980 1671 1037 φαῦῑν
1684 960 1740 1016 ἕπῑ·

145 1044 285 1122 ἀδιάφορον
299 1032 377 1113 εἶναι,
393 1043 482 1113 ἐπειδὴ
501 1043 617 1121 γίγνεταί
637 1068 699 1102 ποτε
714 1045 834 1125 καὶπερὶ
856 1046 920 1126 φαύ·
966 1045 1068 1120 στήμην
1082 1042 1282 1122 θεωρηματικὴν
1304 1043 1418 1117 σημείων
1441 1048 1491 1101 τῶν
1506 1044 1557 1102 ἀπὸ
1572 1049 1634 1103 θεῶν
1648 1044 1664 1114 ἢ
1679 1046 1738 1103 δαι-

143 1132 215 1195 λους.
258 1129 312 1189 Τὸν
326 1129 352 1187 δὲ
368 1130 452 1208 ἔρυντο
465 1130 523 1188 ούτε
536 1132 674 1206 ἐπιθυμίαν
689 1124 771 1205 εἶναι,
785 1132 844 1192 ούτε
855 1134 921 1200 τινός
941 1160 944 1225 γ
966 1136 1051 1206 μόνων
1068 1130 1131 1209 πρὸς
1146 1129 1303 1209 ἀνθρώπινον
1326 1130 1380 1208 βίον
1394 1130 1584 1193 συντεινόντων.
1627 1130 1739 1208 Ὁμοίοις

144 1214 247 1294 φαύλου
269 1217 434 1295 πράγματος,
451 1217 509 1274 ἀλλ’
533 1216 656 1290 ἐπιόολὴν
678 1219 823 1298 φιλοποιίας
836 1219 861 1266 9⁸
879 1218 922 1279 td
966 1218 1045 1279 δὲκαὶ
1053 1218 1086 1277 τδι
1097 1218 1152 1289 είδη
1165 1223 1211 1289 τῆς
1220 1222 1356 1295 μαντικῆς.
1370 1218 1481 1295 Λέγουσι
1491 1218 1517 1275 δὲ
1527 1219 1571 1277 καὶ
1580 1218 1650 1298 ἱερέα
1663 1222 1739 1295 μόνον

144 1303 257 1369 κάλλους
268 1303 390 1383 ἔμφασιν.
432 1304 544 1381 Λέγουσι
556 1306 584 1363 δὲ
595 1306 641 1363 καί
651 1307 728 1365 πάντ’
739 1298 768 1365 ιθ
782 1309 863 1369 ποιεῖν
877 1307 920 1366 τὸν
965 1296 1033 1365 εἶναι
1052 1312 1094 1365 τὸν
1115 1305 1204 1385 σοφόν,
1225 1292 1321 1385 φαῦλον
1341 1304 1366 1364 δὲ
1384 1306 1494 1381 μηδένα.
1537 1306 1590 1366 Τὸν
1603 1306 1653 1385 γὰρ
1669 1308 1738 1385 ἱερέα

145 1390 236 1466 σοφόν,
251 1390 267 1448 ἃ
280 1400 385 1448 ussaiw
400 1386 528 1463 δηλονότι.
571 1392 623 1453 Ὃν
637 1396 732 1473 τρόπον
746 1394 796 1473 γὰρ
813 1395 921 1472 λέγομεν
966 1387 1031 1453 εἶναι
1044 1394 1079 1429 '⁰⁰
1095 1394 1145 1451 δεῖν
1169 1393 1291 1473 ἔμπειρον
1310 1392 1397 1468 νόμων
1417 1396 1467 1451 τῶν
1488 1394 1547 1474 περὶ
1569 1394 1676 1471 θυσίας,
1695 1396 1740 1453 καὶ

144 1477 224 1537 πάντ’
236 1470 265 1536 τό
289 1482 373 1537 ποιεῖν
395 1479 439 1536 τὸν
456 1478 616 1553 αὐλητέν,ἢ
638 1481 789 1561 κιθαρῳδόν,
803 1506 921 1540 συνυπα-
966 1482 1061 1559 εὐχοίς,
1082 1480 1127 1539 καί
1148 1478 1310 1558 καθαρμούς,
1328 1481 1373 1538 καί
1392 1480 1501 1559 ἱδρύσεις
1508 1525 1517 1553 ,
1539 1482 1583 1539 καὶ
1603 1482 1689 1539 πάντα
1706 1482 1740 1539 τδι

142 1565 285 1639 κουομένου
309 1572 353 1624 τοῦ
376 1566 416 1623 ὅτι
440 1566 536 1640 τὰμὲν
554 1569 623 1627 κατδι
641 1569 688 1639 τὴν
712 1568 831 1645 αὔλησιν,
845 1569 922 1627 etti
965 1567 1156 1648 τοιαῦτα,πρδς
1166 1566 1192 1625 δὲ
1206 1566 1304 1633 τούτοις
1317 1570 1361 1625 καὶ
1374 1567 1519 1637 ἄλλων,διυί
1530 1591 1558 1627 τε
1571 1567 1598 1626 τδ
1611 1569 1741 1635 εύσεόείας

144 1652 213 1711 κατὰ
227 1651 275 1722 τὴν
291 1654 460 1733 κιθαρῳδίαν,
470 1654 514 1712 τὸν
528 1655 604 1713 αὐτὸν
627 1656 722 1735 τρόπον
745 1656 831 1715 πάντα
845 1662 880 1691 ¹⁰⁰
893 1648 923 1715 εθ
967 1658 1066 1714 δεῖσθαι
1089 1655 1133 1713 καί
1157 1653 1293 1732 ίμπειρίας
1313 1656 1360 1723 τῆς
1379 1656 1430 1711 τῶν
1451 1658 1514 1713 θεῶν
1530 1655 1681 1734 θεραπείας,
1696 1657 1740 1715 καί

144 1748 227 1798 ποιεῖν
243 1738 288 1796 τὸν
303 1740 435 1819 φρόνιμον,
448 1740 493 1799 καί
506 1739 555 1799 ὅσα
569 1751 655 1813 ποιεῖ,
668 1744 712 1802 καί
722 1745 751 1800 οὐ
763 1743 802 1821 μδι
816 1742 866 1802 Δία
877 1741 922 1801 καί
966 1743 1036 1809 ἐντὸς
1046 1736 1110 1801 εἶναι
1120 1745 1165 1812 τῆς
1175 1742 1275 1821 φύσεως
1286 1745 1332 1812 τῆς
1342 1740 1421 1807 θείας.
1463 1742 1564 1809 Μηδενὶ
1574 1742 1602 1800 δέ
1611 1768 1635 1801 τι
1645 1744 1740 1803 τούτων

142 1826 216 1900 θμιλ
231 1836 310 1885 ποιεῖ.
329 1831 377 1906 Τῷ
390 1837 425 1861 ¹⁰¹
440 1828 490 1905 γὰρ
511 1828 579 1886 κατὰ
600 1829 675 1906 λόγον
698 1829 771 1909 ὀρθὸν
796 1831 945 1925 ἐπιτελεῖνΙ
967 1831 1093 1909 ὑπάρχειν
1118 1832 1169 1887 τῶν
1195 1826 1313 1909 φαύλιυν,
1338 1828 1377 1886 διὸ
1404 1828 1449 1886 καί
1470 1830 1570 1895 πάντας
1593 1819 1659 1889 εἶναι
1685 1830 1742 1897 τούς

145 1913 251 1985 πόντα,
276 1915 321 1974 καί
342 1906 396 1973 οίον
418 1918 476 1975 κατ’
491 1916 597 1994 ἀρετήν,
617 1917 678 1995 περί
700 1918 759 1975 ὅλον
779 1908 858 1975 οὖσαν
878 1917 921 1975 τὸν
968 1917 1080 1995 ἄφρονας
1097 1915 1211 1981 έσεύεῖς.
1252 1916 1310 1983 Τὴν
1329 1914 1379 1993 γὰρ
1401 1914 1521 1972 ἀσέόειαν
1542 1916 1637 1973 κακίαν
1651 1908 1740 1987 οὖσαν,

143 2001 200 2078 βίον
216 2002 321 2080 τέχνην,
338 2004 476 2062 ἀκολουθον
489 2004 614 2085 ᾠήθησαν
627 2005 658 2063 τὸ
668 2004 705 2041 ⁴⁰²
717 2004 776 2085 περί
787 2010 832 2063 τοῦ
846 2006 922 2063 πάντ’
968 2004 1073 2075 ἄγνοιαν
1096 1990 1162 2060 είναι
1183 2004 1247 2061 θεῶν
1270 2001 1421 2079 θεραπείας,
1445 1999 1492 2071 τλν
1513 2000 1535 2058 δ’
1550 2000 1692 2073 eistensi,
1707 2005 1742 2066 ὡς

144 2080 174 2146 εύ
188 2097 271 2147 ποιεῖν
285 2088 328 2147 τὸν
344 2089 423 2169 σοφόν
440 2091 536 2169 δόγμα.
556 2090 632 2150 Κατὰ
645 2090 676 2149 τό
694 2093 820 2169 ἀνάλογον
835 2090 862 2149 δὲ
876 2091 923 2149 καί
968 2089 1086 2165 είπομεν,
1111 2087 1261 2164 ἐπιστήμην
1286 2092 1349 2146 θεῶν
1373 2088 1521 2167 θεραπείας.
1577 2087 1691 2163 Ὁμοίως
1714 2088 1741 2145 δὲ

143 2175 188 2233 τὸν
204 2176 301 2255 φαῦλον
315 2176 404 2235 ποίντα
423 2176 472 2236 ὅσα
490 2186 558 2235 ποιεῖ
579 2182 665 2243 κακῶς
686 2185 779 2248 ποιεῖν,
795 2177 839 2235 καί
855 2176 923 2237 κατδι
970 2175 1032 2251 μηδ’
1046 2177 1129 2241 ὁσίους
1143 2164 1208 2234 εἷναί
1222 2198 1285 2255 φασι
1298 2173 1356 2241 τούς
1370 2174 1492 2253 φαύλους.
1535 2174 1592 2246 Τὴν
1606 2174 1656 2255 γδρ
1672 2175 1742 2233 ὁσιό-

146 2263 232 2329 πόσας
243 2263 291 2330 τίς
303 2264 407 2331 κακίας.
447 2266 628 2342 Φιλομουσίαν
642 2266 668 2323 δὲ
682 2266 728 2323 καί
739 2270 923 2345 φιλογραμμα-
966 2278 1033 2336 τητα
1058 2263 1251 2343 θπογροίφεσθαι
1274 2261 1437 2335 δικαιοσύνην
1458 2262 1522 2341 πρὸς
1537 2262 1620 2330 θεούς·
1634 2262 1692 2329 τοὺς
1711 2260 1739 2319 δὲ

144 2349 203 2407 τίαν
216 2350 261 2407 καί
275 2352 412 2431 φιλιππίαν
428 2352 473 2410 καὶ
487 2353 682 2431 φιλοκυνηγίαν,
693 2352 737 2411 καί
751 2354 861 2411 καθολου
876 2352 922 2419 τὰς
967 2352 1079 2430 φαύλως
1097 2350 1281 2429 παρεκόαίνειν
1295 2350 1381 2409 πολλὰ
1402 2350 1432 2408 τὸ
1455 2350 1519 2429 πρὸς
1541 2349 1612 2416 θεοὺς
1632 2350 1739 2422 δίκαιον,

145 2437 295 2514 ἐγκυκλίως
315 2437 456 2513 λεγομένας
475 2441 568 2517 τέχνας
592 2439 785 2515 ἐπιτηδεύματα
806 2440 853 2515 μὲν
874 2463 921 2498 κα·
966 2438 1035 2517 παρὸ
1046 2437 1091 2497 καί
1104 2440 1220 2505 ἀνοσίους
1232 2429 1312 2510 τίνοι,
1321 2437 1366 2495 καί
1376 2438 1544 2516 ἀκαθάρτους,
1553 2438 1597 2496 καί
1607 2440 1740 2516 θνόγνους,

143 2526 245 2593 λοῦσιν,
263 2524 407 2602 ἐπιστήμας
426 2526 448 2582 δ’
462 2526 510 2597 οὔ,
524 2527 551 2583 ἔν
572 2550 600 2583 τε
615 2535 672 2592 ταῖς
688 2526 839 2592 σπουδαίαις
855 2526 922 2594 ἕξεσι
967 2525 1013 2583 καί
1037 2524 1157 2602 μιαρούς,
1172 2524 1217 2583 καί
1241 2525 1435 2602 ἂνεσρτοίστους.
1477 2524 1516 2584 Τὸ
1539 2524 1589 2600 γδρ
1612 2524 1741 2602 ἑορτάζειν

144 2617 229 2670 ταῦτα
243 2617 432 2691 καταριθμοῦσι
445 2610 495 2683 ¹⁰³,
511 2614 555 2671 καί
570 2614 714 2680 ἀκολούθως
726 2613 803 2685 μόνον
818 2615 861 2672 τὸν
875 2638 920 2672 σο·
967 2613 1070 2671 ἀστείου
1085 2612 1163 2692 φασίν
1178 2601 1259 2683 εἶναι,
1275 2616 1321 2683 τῆς
1335 2615 1424 2690 ἑορτῆς
1440 2610 1517 2683 ούοης
1529 2612 1622 2691 χρόνου
1635 2611 1703 2677 τινὸς
1715 2614 1740 2669 ἐν

145 2698 192 2776 φύν
215 2699 371 2777 φιλόμουσον
396 2689 462 2758 εἶναι
488 2699 606 2775 λέγουσι,
628 2699 672 2758 καί
695 2701 920 2781 φιλογράμματον,
966 2692 1051 2780 ᾧχρλ
1065 2698 1125 2778 περὶ
1138 2700 1167 2758 τδ
1180 2704 1245 2759 θεῖον
1259 2699 1390 2776 γίγνεσθαι
1405 2704 1483 2775 τιμῆς
1495 2698 1641 2779 χόριν,καί
1661 2704 1742 2767 καθη-

145 2784 191 2841 καί
202 2784 244 2841 ἐπὶ
259 2790 309 2843 τῶν
324 2786 411 2843 τίλλων
427 2785 494 2844 κατὰ
510 2786 539 2843 τὸ
554 2786 691 2862 ἀνάλογον.
733 2786 771 2846 Τό
787 2809 816 2843 τε
831 2787 922 2857 ἐπιτή·
966 2787 1061 2858 κούσης
1077 2784 1269 2862 ἐπισημασίας,
1285 2784 1341 2845 όθιν
1358 2784 1459 2845 καὶτὸν
1474 2787 1626 2867 ἑορτάζοντα
1645 2810 1741 2863 συγκα-

141 3007 221 3054 artem
230 3005 293 3054 inter
301 3005 401 3056 uirtutes
412 3006 531 3066 inierunt,
542 3020 616 3069 quum
628 3008 681 3056 iseo
690 3009 721 3059 sit
732 3007 825 3058 deooria
839 3009 921 3058 enori-
945 3015 949 3068 i
966 3008 1072 3057 νοτίοισι
1086 3009 1148 3057 viam
1168 3021 1210 3069 per
1224 3013 1300 3056 artem
1322 3008 1404 3057 mitem
1423 3007 1452 3056 ad
1472 3009 1584 3058 uirtutem
1603 3009 1737 3060 dueentem.

144 3092 241 3140 viomm
255 3093 370 3154 seientia,
381 3093 503 3155 qumoodo
512 3095 650 3143 convivium
661 3095 747 3144 insum
756 3097 865 3157 oporteat
877 3095 922 3143 do-
945 3069 948 3132 Ι
966 3095 1102 3156 sapientam
1117 3097 1229 3156 proterea
1245 3093 1323 3142 sotum
1341 3093 1408 3154 ajunt
1417 3095 1441 3142 et
1452 3094 1531 3142 vatem
1549 3093 1638 3143 bonum
1654 3107 1705 3144 ease
1717 3097 1742 3144 et

146 3189 203 3226 esna
224 3179 250 3226 et
269 3191 325 3240 qum
343 3179 524 3240 compotationis
544 3181 605 3229 ratio
624 3193 676 3230 ease
697 3180 796 3242 debeat;
809 3181 849 3230 ilia
866 3193 923 3229 τετυ
945 3133 949 3225 ί
966 3185 1063 3245 postam
1085 3183 1109 3230 et
1130 3184 1247 3230 oratorem
1267 3183 1292 3228 et
1310 3179 1460 3232 dialecticum
1475 3185 1500 3230 et
1518 3163 1641 3242 oritioum;
1656 3187 1681 3231 at
1692 3195 1741 3230 non

146 3267 315 3316 donandorum
334 3266 449 3327 juvenum
463 3267 640 3329 ingeniosomm
651 3268 751 3317 scientia
761 3267 790 3317 iis
801 3267 832 3316 ad
848 3269 923 3316 virtu·
966 3267 1091 3330 quemvis,
1103 3267 1159 3330 quia
1172 3266 1202 3315 ad
1213 3266 1302 3314 dorum
1313 3266 1424 3328 quaedam
1436 3269 1460 3316 ot
1473 3268 1588 3329 pereopus
1596 3267 1741 3329 quibusdam

145 3355 197 3401 tem
208 3353 380 3403 convertendis
391 3354 524 3413 destinata,
537 3355 589 3405 sisa
601 3356 699 3404 omnino
716 3356 813 3406 seientia
824 3335 924 3405 Ιίουειια
967 3358 1055 3418 regulis
1065 3369 1125 3418 opus
1137 3357 1177 3404 sit.
1210 3355 1386 3406 Divinationem
1397 3357 1476 3404 autem
1488 3355 1611 3417 perhibent
1620 3357 1743 3410 seientiam
1788 3391 1789 3396 ,

145 3440 251 3489 amandi
284 3445 363 3499 Quam
374 3444 518 3503 pmdeutnm
529 3455 626 3505 quoque
641 3447 776 3492 auratorum
787 3456 839 3493 esse
858 3443 923 3491 aiiir·
947 3462 950 3523 γ
967 3443 1175 3506 contemplativam
1187 3442 1307 3504 signorum
1318 3455 1372 3504 quaa
1383 3455 1398 3491 a
1409 3441 1455 3491 diis
1472 3444 1514 3491 aut
1526 3443 1599 3503 geniis
1610 3443 1640 3492 ad
1657 3445 1742 3492 imma·

146 3528 223 3575 mant·
257 3531 377 3577 atemere
387 3527 484 3590 quidem
500 3528 579 3591 ipsum
589 3532 685 3579 tanturn
703 3529 840 3578 indiiierena
856 3543 922 3590 εστι,
947 3525 1023 3579 'nam
1046 3531 1119 3580 vitam
1144 3530 1284 3593 pertinentia
1302 3529 1467 3580 ostenduntur.
1505 3530 1570 3578 idem
1590 3529 1621 3579 de
1644 3529 1743 3591 singuiis
1823 3555 1827 3564 ·

946 3568 951 3626 Ι

144 3614 206 3674 qrria
216 3618 241 3662 et
252 3614 276 3661 iu
292 3614 411 3676 impmtnos
428 3615 511 3677 eadat;
521 3629 627 3665 amorem
643 3629 700 3666 aero
710 3622 761 3666 'nen
771 3617 924 3678 cupiditatem
947 3631 950 3654 ι
967 3630 1065 3680 quoque
1088 3617 1239 3666 divinationis
1260 3615 1384 3678 generibus
1405 3615 1542 3664 dicendum.
1590 3614 1742 3664 Sacerdotem

147 3713 220 3758 mse,
232 3713 309 3762 neque
323 3701 395 3750 uitiua
416 3702 449 3751 rei
468 3704 554 3764 turpis,
567 3704 609 3752 aed
622 3703 794 3753 benevotentiaa
809 3704 923 3766 irnpetum
947 3661 950 3782 ί
968 3705 1042 3754 etium
1055 3705 1132 3754 sotum
1147 3705 1233 3753 uniunt
1244 3715 1298 3752 esus
1308 3703 1452 3762 sapientem,
1463 3699 1597 3761 improbum
1609 3701 1689 3748 autem
1702 3714 1742 3750 ne·

151 3789 249 3848 propter
260 3787 345 3836 betium
355 3787 439 3838 orme
451 3789 564 3851 speeiem
595 3790 682 3838 omnia
690 3791 762 3839 etiam
774 3793 839 3840 recte
847 3791 925 3839 tacere
968 3792 1067 3841 minem.
1099 3790 1250 3841 Sacerdotem
1261 3788 1325 3837 enim
1337 3787 1423 3836 debera
1434 3786 1614 3848 saoritioiomm,
1631 3799 1743 3851 proeium,

146 3881 236 3930 dieunt
253 3880 383 3942 sapientem
405 3895 462 3944 quaa
483 3883 593 3932 ridetioet
612 3885 694 3934 toeiat.
726 3888 786 3934 Nam
803 3872 928 3945 quonrodo
948 3894 951 3986 γ
969 3882 1150 3940 lustrationum,
1178 3871 1321 3939 templorum
1349 3876 1547 3926 exstruendorum
1574 3878 1599 3926 et
1632 3876 1743 3926 similium

147 3971 215 4018 reate
225 3970 306 4019 omnia
317 3969 395 4019 iaeere
406 3970 507 4019 dicimus
518 3971 555 4020 rei
570 3970 691 4020 tibicinem
704 3970 742 4020 rei
753 3970 923 4029 eidraroedum,
948 3991 951 4022 ι
967 3968 1076 4017 οιυινίιιιιι
1090 3967 1154 4028 teges
1171 3967 1264 4025 tenere,
1279 3965 1309 4013 ad
1329 3965 1380 4012 tino
1392 3964 1491 4013 atiamm
1502 3963 1572 4012 etiarn
1588 3975 1667 4012 rerum
1681 3965 1743 4011 noti·

147 4055 320 4105 uahaudieotea
330 4060 384 4105 tum
399 4069 427 4106 aa
437 4070 493 4118 qum
505 4057 537 4106 ad
554 4057 656 4106 tibicinis
667 4059 720 4106 tum
738 4069 794 4119 quae
806 4056 837 4104 ad
850 4056 926 4106 citina-
948 4023 951 4138 1
969 4056 1028 4105 tiam
1050 4055 1147 4116 trabere,
1161 4053 1217 4115 quia
1239 4053 1325 4115 pietate
1344 4053 1410 4113 agnat
1429 4063 1458 4099 eo
1474 4050 1573 4099 deorum
1590 4049 1743 4099 colendorum

87 4170 90 4173 ·
148 4143 937 4206 roediartempertinent,sieprudeatsmqumiaoiteonotareote·
970 4141 1077 4203 ratione,
1091 4141 1193 4202 denique
1216 4139 1303 4188 divinas
1323 4140 1415 4187 naturae
1434 4137 1502 4200 quasi
1516 4137 1681 4186 adhmresoore.
1713 4141 1745 4184 At

149 4231 242 4290 tacere,
261 4243 306 4279 nso
328 4244 376 4279 ooo
396 4233 539 4292 petionem
558 4244 587 4280 ee
604 4243 701 4293 qouque
720 4244 776 4293 quse
797 4243 845 4280 nou
863 4231 925 4281 iuuit.
970 4229 1028 4276 nihii
1043 4229 1128 4278 horum
1147 4239 1252 4289 unquam
1271 4229 1295 4274 tn
1313 4225 1420 4288 improbo
1433 4225 1496 4274 cerni
1507 4226 1533 4278 et
1553 4223 1640 4272 idcireo
1658 4223 1745 4272 stultos

149 4319 248 4368 Etenim
268 4318 372 4379 opinioni
392 4318 426 4366 iiii
444 4323 530 4368 ounotn
548 4332 606 4367 erran
627 4331 696 4379 agere
718 4322 783 4368 reeta
802 4319 892 4367 ratione
902 4321 928 4368 et
970 4331 1066 4380 quoque
1080 4314 1165 4376 impios
1179 4325 1335 4362 esseomnes.
1368 4315 1476 4372 Namque
1493 4312 1651 4373 impietatem,
1668 4323 1744 4370 quum

147 4405 221 4466 quasi
239 4405 327 4455 uirtute
344 4405 419 4464 duna,
430 4419 487 4468 puae
502 4410 541 4456 est
559 4406 616 4454 uitas
632 4406 748 4455 uniuersae
763 4409 877 4468 tanquam
889 4419 928 4454 ars
950 4424 952 4477 γ
970 4407 1056 4455 vitium
1067 4405 1107 4464 sit,
1116 4415 1169 4451 esse
1180 4402 1258 4450 cuitus
1270 4400 1369 4450 deomm
1381 4399 1546 4461 ignorantium,
1558 4399 1667 4460 pietatem
1677 4409 1744 4455 vero,

148 4492 245 4553 atique,
261 4495 446 4542 consentaneum
467 4494 582 4555 putarunt
604 4493 690 4555 dogrna
709 4492 740 4541 da
753 4494 812 4546 ‚viro
831 4493 928 4542 cordato
950 4480 953 4534 Ι
971 4499 998 4541 ut
1011 4492 1131 4550 diximus,
1141 4490 1265 4539 seientiam
1277 4487 1413 4538 ouitosdiis
1425 4485 1597 4536 immortaiibos
1608 4483 1744 4537 adhibendi.

147 4579 235 4626 omnia
260 4581 325 4628 reete
348 4579 457 4628 ῖνοίευιε.
488 4583 586 4642 insuper
607 4583 657 4642 pari
680 4579 771 4629 ratione
792 4579 928 4644 improbum
971 4575 1623 4638 similiterprofanosomoesimprobosstatuont,qoum
1632 4572 1744 4620 sanctitas

146 4679 306 4730 quaeeunque
318 4668 390 4730 tacit,
403 4682 477 4733 preve
488 4674 513 4719 et
526 4671 665 4719 omnimodo
676 4669 760 4719 vitiose
771 4670 856 4720 iecere,
874 4674 928 4721 sam
951 4702 954 4756 Ι
973 4646 1100 4714 definiatur
1115 4665 1138 4712 in
1152 4664 1210 4713 dens
1222 4663 1326 4724 justitia,
1340 4674 1411 4724 quam
1427 4659 1525 4722 improbi
1542 4659 1680 4720 ptsmmqos
1700 4671 1742 4706 no·

153 4759 281 4806 itusamm
293 4756 373 4806 studia
381 4761 408 4807 et
428 4757 574 4819 litterarum,
585 4761 647 4808 utet
658 4757 779 4819 equitandi
792 4764 816 4806 et
827 4758 929 4807 renaudi
952 4765 954 4795 Ξ
972 4752 1076 4812 elisisti»
1087 4750 1187 4812 ideoque
1202 4749 1293 4811 Ρῐθίῦῐθ
1305 4749 1366 4806 ὓῑῡῑι
1375 4747 1477 4808 impuri,
1488 4745 1613 4806 Ῑωθῦθίθίι
1624 4744 1744 4807 ”idme

150 4842 303 4902 voluptatem
316 4849 389 4906 etque
405 4844 578 4894 inuniversum
590 4844 928 4907 arteatiberaieaatodiaqnt-
974 4840 1088 4888 tentorum
1101 4836 1320 4898 dirrunreapertes.
1354 4837 1412 4883 itam
1430 4830 1744 4882 teotosdisareiebraresa·

148 4931 214 4978 dem
228 4931 360 4992 appetimt,
373 4945 422 4981 oon
440 4936 522 4982 tamen
541 4933 746 4992 scientiamque
766 4933 827 4982 inter
843 4932 930 4995 probos
975 4924 1060 4987 prieotis
1075 4923 1374 4983 essearbitraotur‚quum
1390 4919 1444 4968 tatia
1455 4918 1502 4968 diei
1516 4917 1745 4979 oetenritastempus

148 5016 254 5066 flabiam
265 5030 293 5066 ω
309 5022 449 5080 numerat,
462 5021 562 5083 iamne
575 5021 652 5070 mium
664 5021 794 5082 sapientem
809 5023 929 5070 musarum
974 5014 1006 5062 sit
1017 5025 1065 5074 quo
1074 5011 1120 5060 diis
1130 5011 1204 5058 honos
1214 5009 1330 5057 trabatur
1338 5021 1367 5056 ao
1377 5005 1470 5069 publice
1478 5005 1631 5066 significatum
1643 5003 1745 5066 ideoque

150 5100 183 5146 et
205 5096 336 5146 litterarum
359 5110 388 5146 ao
406 5098 515 5148 aimiliter
536 5101 681 5160 retinuerum
705 5098 784 5148 rarum
799 5099 930 5149 studiosum
974 5101 1062 5150 dsbem
1071 5098 1112 5161 qui
1125 5099 1210 5146 testum
1220 5096 1282 5145 diem
1291 5099 1354 5157 agat,
1363 5105 1447 5156 magna
1456 5105 1510 5142 ou
1523 5094 1608 5155 pietate
1618 5091 1660 5141 taii
1668 5092 1745 5156 oiiroio

149 5195 211 5236 aaa
227 5197 278 5246 pre
297 5198 324 5235 οε
345 5185 433 5237 imunt.
465 5186 576 5238 studium
593 5187 931 5270 seruitudedniuot,utesse
955 5186 1048 5247 ¹iungi.
1082 5177 1744 5245 adhooimprobosdiouotomnesimanire,aspariter

1646 5272 1659 5308 ν
