<?xml version="1.0" encoding="UTF-8"?>
<!DOCTYPE html PUBLIC "-//W3C//DTD XHTML 1.0 Transitional//EN"
    "http://www.w3.org/TR/xhtml1/DTD/xhtml1-transitional.dtd">
<html xmlns="http://www.w3.org/1999/xhtml" xml:lang="en" lang="en">
 <head>
  <title>
</title>
<meta http-equiv="Content-Type" content="text/html;charset=utf-8" />
  <meta name='ocr-system' content='tesseract 3.04.00' />
  <meta name='ocr-capabilities' content='ocr_page ocr_carea ocr_par ocr_line ocrx_word'/>
</head>
<body>
  <div class='ocr_page' id='page_1' title='image "./fragmentaphilos02mullgoog/fragmentaphilos02mullgoog_0456.png"; bbox 0 0 3959 5925; ppageno 0'>
   <div class='ocr_carea' id='block_1_1' title="bbox 259 366 1291 448">
    <p class='ocr_par' dir='ltr' id='par_1_1' title="bbox 259 366 1291 448">
     <span class='ocr_line' id='line_1_1' title="bbox 259 366 1291 448; baseline -0.021 -1"><span class='ocrx_word' id='word_1_1' title='bbox 259 395 319 448; x_wconf 73' lang='lat' dir='ltr'>teo</span> <span class='ocrx_word' id='word_1_2' title='bbox 674 397 679 407; x_wconf 86' lang='lat'><strong>·</strong></span> <span class='ocrx_word' id='word_1_3' title='bbox 827 369 1016 434; x_wconf 78' lang='lat' dir='ltr'>nloontiis</span> <span class='ocrx_word' id='word_1_4' title='bbox 1036 366 1291 430; x_wconf 74' lang='lat' dir='ltr'><strong>FRAGMENTA.</strong></span> 
     </span>
    </p>
   </div>
   <div class='ocr_carea' id='block_1_2' title="bbox 208 481 1869 2778">
    <p class='ocr_par' dir='ltr' id='par_1_2' title="bbox 208 481 1869 2778">
     <span class='ocr_line' id='line_1_2' title="bbox 255 481 1867 596; baseline -0.017 -19"><span class='ocrx_word' id='word_1_5' title='bbox 255 520 457 596; x_wconf 78' lang='grc' dir='ltr'>καταφρονοῦσι.</span> <span class='ocrx_word' id='word_1_6' title='bbox 474 515 593 574; x_wconf 78' lang='grc' dir='ltr'>Τοιαῦτα</span> <span class='ocrx_word' id='word_1_7' title='bbox 608 508 737 588; x_wconf 73' lang='grc' dir='ltr'>διελέγετο</span> <span class='ocrx_word' id='word_1_8' title='bbox 747 506 793 568; x_wconf 84' lang='grc' dir='ltr'>καλ</span> <span class='ocrx_word' id='word_1_9' title='bbox 807 509 888 566; x_wconf 85' lang='grc' dir='ltr'>ποιῶν</span> <span class='ocrx_word' id='word_1_10' title='bbox 903 503 1038 584; x_wconf 67' lang='lat' dir='ltr'>ipsisne,</span> <span class='ocrx_word' id='word_1_11' title='bbox 1084 503 1136 561; x_wconf 87' lang='grc' dir='ltr'>τῶν</span> <span class='ocrx_word' id='word_1_12' title='bbox 1151 497 1224 580; x_wconf 78' lang='grc' dir='ltr'>ζῴων</span> <span class='ocrx_word' id='word_1_13' title='bbox 1244 496 1311 563; x_wconf 79' lang='grc' dir='ltr'>τινὸς</span> <span class='ocrx_word' id='word_1_14' title='bbox 1329 493 1488 575; x_wconf 77' lang='grc' dir='ltr'>γεύσασθαι·</span> <span class='ocrx_word' id='word_1_15' title='bbox 1503 493 1565 570; x_wconf 81' lang='grc' dir='ltr'>μηδ’</span> <span class='ocrx_word' id='word_1_16' title='bbox 1579 492 1680 552; x_wconf 74' lang='grc' dir='ltr'>ὀνόσιον</span> <span class='ocrx_word' id='word_1_17' title='bbox 1694 481 1765 550; x_wconf 78' lang='grc' dir='ltr'>εἶναι</span> <span class='ocrx_word' id='word_1_18' title='bbox 1784 489 1867 572; x_wconf 72' lang='grc' dir='ltr'>τθριαί</span> 
     </span>
     <span class='ocr_line' id='line_1_3' title="bbox 255 578 1863 681; baseline -0.019 -15"><span class='ocrx_word' id='word_1_19' title='bbox 255 607 335 670; x_wconf 86' lang='grc' dir='ltr'>ὀντως</span> <span class='ocrx_word' id='word_1_20' title='bbox 348 604 465 681; x_wconf 89' lang='grc' dir='ltr'>νόμισμα</span> <span class='ocrx_word' id='word_1_21' title='bbox 480 598 706 679; x_wconf 74' lang='grc' dir='ltr'>παραχαράττων,</span> <span class='ocrx_word' id='word_1_22' title='bbox 722 595 802 675; x_wconf 68' lang='grc' dir='ltr'>μηδὲν</span> <span class='ocrx_word' id='word_1_23' title='bbox 816 593 884 654; x_wconf 79' lang='grc' dir='ltr'>οὕτω</span> <span class='ocrx_word' id='word_1_24' title='bbox 897 597 950 658; x_wconf 84' lang='grc' dir='ltr'>τοῖς</span> <span class='ocrx_word' id='word_1_25' title='bbox 970 590 1039 648; x_wconf 77' lang='grc' dir='ltr'>κατὰ</span> <span class='ocrx_word' id='word_1_26' title='bbox 1084 591 1136 646; x_wconf 88' lang='grc' dir='ltr'>τῶν</span> <span class='ocrx_word' id='word_1_27' title='bbox 1151 583 1319 667; x_wconf 76' lang='grc' dir='ltr'>ἀνθρωπείων</span> <span class='ocrx_word' id='word_1_28' title='bbox 1330 586 1414 664; x_wconf 83' lang='grc' dir='ltr'>κρεῶν</span> <span class='ocrx_word' id='word_1_29' title='bbox 1429 581 1560 663; x_wconf 73' lang='grc' dir='ltr'>ἅψασθαι,</span> <span class='ocrx_word' id='word_1_30' title='bbox 1575 584 1610 648; x_wconf 80' lang='grc' dir='ltr'>ὥς</span> <span class='ocrx_word' id='word_1_31' title='bbox 1622 582 1699 652; x_wconf 84' lang='grc' dir='ltr'>δῆλον</span> <span class='ocrx_word' id='word_1_32' title='bbox 1712 581 1745 639; x_wconf 81' lang='grc' dir='ltr'>ἔκ</span> <span class='ocrx_word' id='word_1_33' title='bbox 1757 581 1809 636; x_wconf 86' lang='grc' dir='ltr'>τῶν</span> <span class='ocrx_word' id='word_1_34' title='bbox 1821 578 1863 637; x_wconf 85' lang='grc' dir='ltr'>ὀλ-</span> 
     </span>
     <span class='ocr_line' id='line_1_4' title="bbox 257 655 1864 769; baseline -0.017 -16"><span class='ocrx_word' id='word_1_35' title='bbox 257 695 335 769; x_wconf 83' lang='grc' dir='ltr'>νόμον</span> <span class='ocrx_word' id='word_1_36' title='bbox 347 695 382 758; x_wconf 80' lang='grc' dir='ltr'>ὡς</span> <span class='ocrx_word' id='word_1_37' title='bbox 394 698 447 756; x_wconf 88' lang='grc' dir='ltr'>τοῖς</span> <span class='ocrx_word' id='word_1_38' title='bbox 460 687 531 747; x_wconf 81' lang='grc' dir='ltr'>κατό</span> <span class='ocrx_word' id='word_1_39' title='bbox 542 689 618 768; x_wconf 83' lang='grc' dir='ltr'>ρότεν</span> <span class='ocrx_word' id='word_1_40' title='bbox 632 686 724 753; x_wconf 79' lang='grc' dir='ltr'>διδούς·</span> <span class='ocrx_word' id='word_1_41' title='bbox 735 682 779 743; x_wconf 81' lang='grc' dir='ltr'>τόν</span> <span class='ocrx_word' id='word_1_42' title='bbox 790 683 867 742; x_wconf 75' lang='grc' dir='ltr'>αὐτὸν</span> <span class='ocrx_word' id='word_1_43' title='bbox 881 684 1040 761; x_wconf 79' lang='grc' dir='ltr'>χαρακτῆρα</span> <span class='ocrx_word' id='word_1_44' title='bbox 1084 675 1194 756; x_wconf 89' lang='grc' dir='ltr'>λοτρίων</span> <span class='ocrx_word' id='word_1_45' title='bbox 1209 676 1284 734; x_wconf 79' lang='grc' dir='ltr'>ἐθῶν·</span> <span class='ocrx_word' id='word_1_46' title='bbox 1294 671 1342 732; x_wconf 83' lang='grc' dir='ltr'>καλ</span> <span class='ocrx_word' id='word_1_47' title='bbox 1355 675 1394 752; x_wconf 77' lang='grc' dir='ltr'>τῷ</span> <span class='ocrx_word' id='word_1_48' title='bbox 1408 673 1477 751; x_wconf 79' lang='grc' dir='ltr'>ὀρθῷ</span> <span class='ocrx_word' id='word_1_49' title='bbox 1487 669 1558 750; x_wconf 79' lang='grc' dir='ltr'>λόγῳ</span> <span class='ocrx_word' id='word_1_50' title='bbox 1569 667 1656 726; x_wconf 78' lang='grc' dir='ltr'>πάντα</span> <span class='ocrx_word' id='word_1_51' title='bbox 1668 671 1695 727; x_wconf 81' lang='grc' dir='ltr'>ἐν</span> <span class='ocrx_word' id='word_1_52' title='bbox 1708 675 1793 727; x_wconf 72' lang='grc' dir='ltr'>πᾶσιν</span> <span class='ocrx_word' id='word_1_53' title='bbox 1806 655 1864 726; x_wconf 74' lang='grc' dir='ltr'>ι’ίνιι</span> 
     </span>
     <span class='ocr_line' id='line_1_5' title="bbox 256 754 1864 859; baseline -0.019 -18"><span class='ocrx_word' id='word_1_54' title='bbox 256 787 300 841; x_wconf 83' lang='grc' dir='ltr'>τοῦ</span> <span class='ocrx_word' id='word_1_55' title='bbox 317 780 373 859; x_wconf 90' lang='grc' dir='ltr'>βίον</span> <span class='ocrx_word' id='word_1_56' title='bbox 392 777 475 854; x_wconf 79' lang='grc' dir='ltr'>λόγων</span> <span class='ocrx_word' id='word_1_57' title='bbox 489 771 715 853; x_wconf 55' lang='lat' dir='ltr'>intepentem</span> <span class='ocrx_word' id='word_1_58' title='bbox 733 771 779 831; x_wconf 87' lang='grc' dir='ltr'>καλ</span> <span class='ocrx_word' id='word_1_59' title='bbox 792 769 944 850; x_wconf 76' lang='grc' dir='ltr'>Ἡρακλῆς,</span> <span class='ocrx_word' id='word_1_60' title='bbox 957 765 1039 846; x_wconf 80' lang='grc' dir='ltr'>μηδὲν</span> <span class='ocrx_word' id='word_1_61' title='bbox 1085 763 1130 823; x_wconf 83' lang='grc' dir='ltr'>καὶ</span> <span class='ocrx_word' id='word_1_62' title='bbox 1147 761 1190 823; x_wconf 64' lang='lat' dir='ltr'>tri</span> <span class='ocrx_word' id='word_1_63' title='bbox 1210 761 1319 822; x_wconf 83' lang='grc' dir='ltr'>ποίντων</span> <span class='ocrx_word' id='word_1_64' title='bbox 1338 759 1404 820; x_wconf 84' lang='grc' dir='ltr'>λίναι</span> <span class='ocrx_word' id='word_1_65' title='bbox 1419 759 1514 836; x_wconf 87' lang='grc' dir='ltr'>λε’γων.</span> <span class='ocrx_word' id='word_1_66' title='bbox 1558 755 1613 825; x_wconf 77' lang='grc' dir='ltr'>Καὶ</span> <span class='ocrx_word' id='word_1_67' title='bbox 1628 754 1679 836; x_wconf 74' lang='grc' dir='ltr'>γὰρ</span> <span class='ocrx_word' id='word_1_68' title='bbox 1696 758 1724 815; x_wconf 74' lang='lat' dir='ltr'>tv</span> <span class='ocrx_word' id='word_1_69' title='bbox 1740 757 1780 834; x_wconf 76' lang='grc' dir='ltr'>τῷ</span> <span class='ocrx_word' id='word_1_70' title='bbox 1803 755 1864 835; x_wconf 77' lang='grc' dir='ltr'>θριμ</span> 
     </span>
     <span class='ocr_line' id='line_1_6' title="bbox 256 839 1864 945; baseline -0.017 -17"><span class='ocrx_word' id='word_1_71' title='bbox 256 866 402 945; x_wconf 73' lang='grc' dir='ltr'>ἐλευθερίας</span> <span class='ocrx_word' id='word_1_72' title='bbox 414 864 571 944; x_wconf 77' lang='grc' dir='ltr'>προκρίνων.</span> <span class='ocrx_word' id='word_1_73' title='bbox 766 870 769 878; x_wconf 90' lang='grc'><strong>’</strong></span> <span class='ocrx_word' id='word_1_74' title='bbox 920 904 923 909; x_wconf 31' lang='lat'><strong>⁴</strong></span> <span class='ocrx_word' id='word_1_75' title='bbox 1085 852 1162 931; x_wconf 84' lang='grc' dir='ltr'>κρίας</span> <span class='ocrx_word' id='word_1_76' title='bbox 1184 839 1268 920; x_wconf 79' lang='grc' dir='ltr'>εἶναι,</span> <span class='ocrx_word' id='word_1_77' title='bbox 1287 847 1333 907; x_wconf 83' lang='grc' dir='ltr'>καί</span> <span class='ocrx_word' id='word_1_78' title='bbox 1356 848 1382 907; x_wconf 75' lang='grc' dir='ltr'>ἓν</span> <span class='ocrx_word' id='word_1_79' title='bbox 1403 849 1441 926; x_wconf 80' lang='grc' dir='ltr'>τῷ</span> <span class='ocrx_word' id='word_1_80' title='bbox 1462 845 1573 926; x_wconf 74' lang='grc' dir='ltr'>λαχάνῳ</span> <span class='ocrx_word' id='word_1_81' title='bbox 1591 846 1682 925; x_wconf 78' lang='grc' dir='ltr'>ἄρτον,</span> <span class='ocrx_word' id='word_1_82' title='bbox 1694 843 1744 902; x_wconf 82' lang='grc' dir='ltr'>καλ</span> <span class='ocrx_word' id='word_1_83' title='bbox 1759 843 1802 902; x_wconf 79' lang='grc' dir='ltr'>ἐπὶ</span> <span class='ocrx_word' id='word_1_84' title='bbox 1819 846 1864 902; x_wconf 84' lang='grc' dir='ltr'>τῶν</span> 
     </span>
     <span class='ocr_line' id='line_1_7' title="bbox 296 929 1864 1030; baseline -0.017 -17"><span class='ocrx_word' id='word_1_85' title='bbox 296 954 452 1030; x_wconf 76' lang='lat' dir='ltr'>(Diogenes</span> <span class='ocrx_word' id='word_1_86' title='bbox 466 951 598 1010; x_wconf 77' lang='lat' dir='ltr'><strong>Laertius</strong></span> <span class='ocrx_word' id='word_1_87' title='bbox 612 948 666 1010; x_wconf 84' lang='lat' dir='ltr'>iib.</span> <span class='ocrx_word' id='word_1_88' title='bbox 682 947 732 1019; x_wconf 84' lang='lat' dir='ltr'>Vi,</span> <span class='ocrx_word' id='word_1_89' title='bbox 746 969 794 1020; x_wconf 84' lang='lat'>7¹·</span> <span class='ocrx_word' id='word_1_90' title='bbox 812 945 939 1025; x_wconf 81' lang='lat' dir='ltr'>Reposui</span> <span class='ocrx_word' id='word_1_91' title='bbox 962 943 1041 1020; x_wconf 83' lang='grc' dir='ltr'>μελε·</span> <span class='ocrx_word' id='word_1_92' title='bbox 1085 937 1217 1014; x_wconf 84' lang='grc' dir='ltr'>σωμιίτων</span> <span class='ocrx_word' id='word_1_93' title='bbox 1227 939 1279 994; x_wconf 88' lang='grc' dir='ltr'>τῶν</span> <span class='ocrx_word' id='word_1_94' title='bbox 1290 935 1390 993; x_wconf 83' lang='grc' dir='ltr'>λοιπῶν</span> <span class='ocrx_word' id='word_1_95' title='bbox 1401 934 1427 992; x_wconf 74' lang='grc' dir='ltr'>ἐν</span> <span class='ocrx_word' id='word_1_96' title='bbox 1440 939 1507 990; x_wconf 72' lang='grc' dir='ltr'>πᾶσι</span> <span class='ocrx_word' id='word_1_97' title='bbox 1521 930 1564 990; x_wconf 79' lang='grc' dir='ltr'>διά</span> <span class='ocrx_word' id='word_1_98' title='bbox 1575 954 1653 990; x_wconf 86' lang='grc' dir='ltr'>τινων</span> <span class='ocrx_word' id='word_1_99' title='bbox 1666 929 1776 1004; x_wconf 80' lang='grc' dir='ltr'>εἰδιίλοιν</span> <span class='ocrx_word' id='word_1_100' title='bbox 1786 929 1864 1010; x_wconf 82' lang='grc' dir='ltr'>πόρων</span> 
     </span>
     <span class='ocr_line' id='line_1_8' title="bbox 256 1018 1692 1116; baseline -0.015 -16"><span class='ocrx_word' id='word_1_101' title='bbox 256 1046 365 1113; x_wconf 85' lang='grc' dir='ltr'>τηθεῑσα</span> <span class='ocrx_word' id='word_1_102' title='bbox 376 1059 414 1098; x_wconf 84' lang='lat' dir='ltr'>ex</span> <span class='ocrx_word' id='word_1_103' title='bbox 426 1039 515 1096; x_wconf 85' lang='lat' dir='ltr'>Henr.</span> <span class='ocrx_word' id='word_1_104' title='bbox 527 1037 666 1116; x_wconf 79' lang='lat' dir='ltr'><strong>Stephani</strong></span> <span class='ocrx_word' id='word_1_105' title='bbox 676 1036 791 1105; x_wconf 68' lang='lat' dir='ltr'>codice,</span> <span class='ocrx_word' id='word_1_106' title='bbox 807 1035 898 1110; x_wconf 83' lang='lat' dir='ltr'>vulgo</span> <span class='ocrx_word' id='word_1_107' title='bbox 915 1033 1041 1113; x_wconf 76' lang='lat' dir='ltr'>npopsie·</span> <span class='ocrx_word' id='word_1_108' title='bbox 1085 1025 1171 1104; x_wconf 86' lang='grc' dir='ltr'>ὀγκων</span> <span class='ocrx_word' id='word_1_109' title='bbox 1184 1021 1382 1103; x_wconf 76' lang='grc' dir='ltr'>εἰσκρινομένων</span> <span class='ocrx_word' id='word_1_110' title='bbox 1396 1020 1441 1080; x_wconf 81' lang='grc' dir='ltr'>καὶ</span> <span class='ocrx_word' id='word_1_111' title='bbox 1455 1018 1692 1094; x_wconf 79' lang='grc' dir='ltr'>συνατμιζομένων.</span> 
     </span>
     <span class='ocr_line' id='line_1_9' title="bbox 208 1106 1633 1204; baseline -0.019 -14"><span class='ocrx_word' id='word_1_112' title='bbox 208 1179 212 1184; x_wconf 93' lang='grc'>.</span> <span class='ocrx_word' id='word_1_113' title='bbox 256 1136 365 1204; x_wconf 81' lang='grc' dir='ltr'>τηθιῑσα</span> <span class='ocrx_word' id='word_1_114' title='bbox 378 1128 497 1204; x_wconf 83' lang='lat' dir='ltr'>iegitur.</span> <span class='ocrx_word' id='word_1_115' title='bbox 513 1126 658 1185; x_wconf 78' lang='lat' dir='ltr'>Arrianus</span> <span class='ocrx_word' id='word_1_116' title='bbox 671 1123 726 1184; x_wconf 90' lang='lat' dir='ltr'>iib.</span> <span class='ocrx_word' id='word_1_117' title='bbox 740 1116 829 1199; x_wconf 85' lang='lat' dir='ltr'>icap.</span> <span class='ocrx_word' id='word_1_118' title='bbox 845 1121 945 1191; x_wconf 66' lang='grc' dir='ltr'>υίιτὸ</span> <span class='ocrx_word' id='word_1_119' title='bbox 959 1119 986 1178; x_wconf 77' lang='grc' dir='ltr'>δὲ</span> <span class='ocrx_word' id='word_1_120' title='bbox 997 1143 1043 1198; x_wconf 83' lang='grc' dir='ltr'>γυ·</span> <span class='ocrx_word' id='word_1_121' title='bbox 1127 1115 1284 1192; x_wconf 81' lang='lat' dir='ltr'>(Diogenes</span> <span class='ocrx_word' id='word_1_122' title='bbox 1295 1111 1429 1170; x_wconf 87' lang='lat' dir='ltr'>Laertius</span> <span class='ocrx_word' id='word_1_123' title='bbox 1440 1108 1495 1168; x_wconf 90' lang='lat' dir='ltr'>iih.</span> <span class='ocrx_word' id='word_1_124' title='bbox 1506 1106 1557 1180; x_wconf 85' lang='lat' dir='ltr'>ri,</span> <span class='ocrx_word' id='word_1_125' title='bbox 1573 1109 1633 1184; x_wconf 82' lang='lat'>73.)</span> 
     </span>
     <span class='ocr_line' id='line_1_10' title="bbox 258 1195 1863 1297; baseline -0.015 -21"><span class='ocrx_word' id='word_1_126' title='bbox 258 1213 455 1297; x_wconf 80' lang='grc' dir='ltr'>μνᾶσιουλίγει,</span> <span class='ocrx_word' id='word_1_127' title='bbox 469 1213 509 1272; x_wconf 81' lang='grc' dir='ltr'>ότι</span> <span class='ocrx_word' id='word_1_128' title='bbox 522 1212 643 1293; x_wconf 84' lang='grc' dir='ltr'>κρεῖσσόν</span> <span class='ocrx_word' id='word_1_129' title='bbox 657 1214 713 1272; x_wconf 77' lang='grc' dir='ltr'>ἔστι</span> <span class='ocrx_word' id='word_1_130' title='bbox 726 1213 814 1284; x_wconf 76' lang='grc' dir='ltr'>πόσης</span> <span class='ocrx_word' id='word_1_131' title='bbox 823 1207 1040 1289; x_wconf 76' lang='grc' dir='ltr'>περιπορφύρου.)</span> <span class='ocrx_word' id='word_1_132' title='bbox 1126 1225 1176 1264; x_wconf 83' lang='lat' dir='ltr'>seo.</span> <span class='ocrx_word' id='word_1_133' title='bbox 1201 1204 1339 1271; x_wconf 81' lang='grc' dir='ltr'>Μουσικῆς</span> <span class='ocrx_word' id='word_1_134' title='bbox 1352 1221 1382 1257; x_wconf 90' lang='grc' dir='ltr'>τε</span> <span class='ocrx_word' id='word_1_135' title='bbox 1396 1197 1441 1257; x_wconf 81' lang='grc' dir='ltr'>καὶ</span> <span class='ocrx_word' id='word_1_136' title='bbox 1456 1199 1636 1276; x_wconf 79' lang='grc' dir='ltr'>γεωμετρικῆς</span> <span class='ocrx_word' id='word_1_137' title='bbox 1647 1195 1694 1256; x_wconf 85' lang='grc' dir='ltr'>καλ</span> <span class='ocrx_word' id='word_1_138' title='bbox 1706 1195 1863 1277; x_wconf 73' lang='grc' dir='ltr'>ἀστρολογίας</span> 
     </span>
     <span class='ocr_line' id='line_1_11' title="bbox 297 1281 1864 1381; baseline -0.017 -16"><span class='ocrx_word' id='word_1_139' title='bbox 297 1323 349 1365; x_wconf 75' lang='lat' dir='ltr'>aar.</span> <span class='ocrx_word' id='word_1_140' title='bbox 373 1302 440 1381; x_wconf 75' lang='grc' dir='ltr'>Περὶ</span> <span class='ocrx_word' id='word_1_141' title='bbox 455 1306 501 1360; x_wconf 81' lang='grc' dir='ltr'>τοῦ</span> <span class='ocrx_word' id='word_1_142' title='bbox 515 1301 613 1378; x_wconf 90' lang='grc' dir='ltr'>νόμον,</span> <span class='ocrx_word' id='word_1_143' title='bbox 627 1299 667 1359; x_wconf 85' lang='grc' dir='ltr'>ότι</span> <span class='ocrx_word' id='word_1_144' title='bbox 685 1298 767 1379; x_wconf 82' lang='grc' dir='ltr'>χωρὶς</span> <span class='ocrx_word' id='word_1_145' title='bbox 782 1300 860 1358; x_wconf 80' lang='grc' dir='ltr'>αὐτοῦ</span> <span class='ocrx_word' id='word_1_146' title='bbox 875 1299 924 1376; x_wconf 80' lang='grc' dir='ltr'>οὐχ</span> <span class='ocrx_word' id='word_1_147' title='bbox 940 1287 993 1355; x_wconf 82' lang='grc' dir='ltr'>οἶόν</span> <span class='ocrx_word' id='word_1_148' title='bbox 1013 1318 1042 1354; x_wconf 85' lang='grc' dir='ltr'>τε</span> <span class='ocrx_word' id='word_1_149' title='bbox 1086 1293 1132 1352; x_wconf 81' lang='grc' dir='ltr'>καί</span> <span class='ocrx_word' id='word_1_150' title='bbox 1146 1294 1199 1350; x_wconf 84' lang='grc' dir='ltr'>τῶν</span> <span class='ocrx_word' id='word_1_151' title='bbox 1212 1289 1337 1349; x_wconf 84' lang='grc' dir='ltr'>τοιούτων</span> <span class='ocrx_word' id='word_1_152' title='bbox 1352 1287 1462 1365; x_wconf 76' lang='grc' dir='ltr'>ἠμέλει,</span> <span class='ocrx_word' id='word_1_153' title='bbox 1476 1287 1511 1351; x_wconf 83' lang='grc' dir='ltr'>ὡς</span> <span class='ocrx_word' id='word_1_154' title='bbox 1526 1283 1667 1365; x_wconf 69' lang='grc' dir='ltr'>ἀχρήστων</span> <span class='ocrx_word' id='word_1_155' title='bbox 1679 1281 1727 1342; x_wconf 78' lang='grc' dir='ltr'>καὶ</span> <span class='ocrx_word' id='word_1_156' title='bbox 1739 1287 1787 1342; x_wconf 81' lang='grc' dir='ltr'>οὐκ</span> <span class='ocrx_word' id='word_1_157' title='bbox 1797 1283 1864 1360; x_wconf 81' lang='grc' dir='ltr'>ὀνιγ·</span> 
     </span>
     <span class='ocr_line' id='line_1_12' title="bbox 259 1379 1181 1467; baseline -0.014 -17"><span class='ocrx_word' id='word_1_158' title='bbox 259 1390 453 1452; x_wconf 75' lang='grc' dir='ltr'>πολιτεύεσθαν</span> <span class='ocrx_word' id='word_1_159' title='bbox 468 1391 498 1449; x_wconf 76' lang='grc' dir='ltr'>οὗ</span> <span class='ocrx_word' id='word_1_160' title='bbox 522 1388 573 1467; x_wconf 75' lang='grc' dir='ltr'>γάρ</span> <span class='ocrx_word' id='word_1_161' title='bbox 597 1409 676 1466; x_wconf 84' lang='grc' dir='ltr'>ρησιν</span> <span class='ocrx_word' id='word_1_162' title='bbox 697 1385 758 1445; x_wconf 84' lang='grc' dir='ltr'>σῖνευ</span> <span class='ocrx_word' id='word_1_163' title='bbox 783 1384 884 1452; x_wconf 81' lang='grc' dir='ltr'>πόλεως</span> <span class='ocrx_word' id='word_1_164' title='bbox 906 1382 996 1463; x_wconf 81' lang='grc' dir='ltr'>ὀρελός</span> <span class='ocrx_word' id='word_1_165' title='bbox 1016 1407 1043 1444; x_wconf 91' lang='grc' dir='ltr'>τι</span> <span class='ocrx_word' id='word_1_166' title='bbox 1086 1379 1181 1440; x_wconf 86' lang='grc' dir='ltr'>καίων.</span> 
     </span>
     <span class='ocr_line' id='line_1_13' title="bbox 259 1457 1648 1550; baseline -0.017 -10"><span class='ocrx_word' id='word_1_167' title='bbox 259 1471 325 1540; x_wconf 73' lang='grc' dir='ltr'>ε’ίναι</span> <span class='ocrx_word' id='word_1_168' title='bbox 339 1476 459 1540; x_wconf 79' lang='grc' dir='ltr'>ἀστείου·</span> <span class='ocrx_word' id='word_1_169' title='bbox 475 1477 578 1535; x_wconf 85' lang='grc' dir='ltr'>σἰστεῖον</span> <span class='ocrx_word' id='word_1_170' title='bbox 591 1474 618 1532; x_wconf 83' lang='grc' dir='ltr'>δὲ</span> <span class='ocrx_word' id='word_1_171' title='bbox 631 1479 649 1546; x_wconf 84' lang='grc' dir='ltr'>ἡ</span> <span class='ocrx_word' id='word_1_172' title='bbox 664 1473 751 1541; x_wconf 87' lang='grc' dir='ltr'>πολις·</span> <span class='ocrx_word' id='word_1_173' title='bbox 763 1473 844 1549; x_wconf 90' lang='grc' dir='ltr'>νόμου</span> <span class='ocrx_word' id='word_1_174' title='bbox 859 1471 887 1530; x_wconf 82' lang='grc' dir='ltr'>δὲ</span> <span class='ocrx_word' id='word_1_175' title='bbox 902 1471 979 1548; x_wconf 79' lang='grc' dir='ltr'>ἄνευ,</span> <span class='ocrx_word' id='word_1_176' title='bbox 993 1468 1042 1530; x_wconf 86' lang='grc' dir='ltr'>πό·</span> <span class='ocrx_word' id='word_1_177' title='bbox 1129 1468 1285 1550; x_wconf 75' lang='lat' dir='ltr'>(Diogenes</span> <span class='ocrx_word' id='word_1_178' title='bbox 1298 1463 1432 1544; x_wconf 79' lang='lat' dir='ltr'>Laertius</span> <span class='ocrx_word' id='word_1_179' title='bbox 1449 1460 1503 1520; x_wconf 84' lang='lat' dir='ltr'>lib.</span> <span class='ocrx_word' id='word_1_180' title='bbox 1519 1458 1570 1532; x_wconf 89' lang='lat' dir='ltr'>vi,</span> <span class='ocrx_word' id='word_1_181' title='bbox 1588 1457 1648 1539; x_wconf 80' lang='lat'><strong>73.)</strong></span> 
     </span>
     <span class='ocr_line' id='line_1_14' title="bbox 260 1543 1863 1645; baseline -0.016 -18"><span class='ocrx_word' id='word_1_182' title='bbox 260 1573 324 1635; x_wconf 88' lang='grc' dir='ltr'>λεως</span> <span class='ocrx_word' id='word_1_183' title='bbox 338 1564 409 1626; x_wconf 76' lang='grc' dir='ltr'>οὐδὲν</span> <span class='ocrx_word' id='word_1_184' title='bbox 424 1564 531 1645; x_wconf 82' lang='grc' dir='ltr'>όρελσς·</span> <span class='ocrx_word' id='word_1_185' title='bbox 543 1565 647 1622; x_wconf 89' lang='grc' dir='ltr'>ιἰστεῐσν</span> <span class='ocrx_word' id='word_1_186' title='bbox 663 1561 714 1642; x_wconf 78' lang='grc' dir='ltr'>ἄρα</span> <span class='ocrx_word' id='word_1_187' title='bbox 729 1565 743 1619; x_wconf 84' lang='grc' dir='ltr'>θ</span> <span class='ocrx_word' id='word_1_188' title='bbox 758 1561 846 1636; x_wconf 90' lang='grc' dir='ltr'>νόμος.</span> <span class='ocrx_word' id='word_1_189' title='bbox 863 1557 1002 1637; x_wconf 79' lang='grc' dir='ltr'>Εὐγενείας</span> <span class='ocrx_word' id='word_1_190' title='bbox 1016 1556 1043 1616; x_wconf 85' lang='grc' dir='ltr'>δὲ</span> <span class='ocrx_word' id='word_1_191' title='bbox 1127 1575 1180 1615; x_wconf 83' lang='lat' dir='ltr'>sot.</span> <span class='ocrx_word' id='word_1_192' title='bbox 1202 1551 1327 1630; x_wconf 74' lang='grc' dir='ltr'>Διογένης</span> <span class='ocrx_word' id='word_1_193' title='bbox 1347 1546 1529 1622; x_wconf 83' lang='grc' dir='ltr'>θΣινωπεός,</span> <span class='ocrx_word' id='word_1_194' title='bbox 1550 1543 1594 1605; x_wconf 79' lang='grc' dir='ltr'>ὅτε</span> <span class='ocrx_word' id='word_1_195' title='bbox 1615 1545 1707 1606; x_wconf 71' lang='grc' dir='ltr'>λοιπόν</span> <span class='ocrx_word' id='word_1_196' title='bbox 1729 1545 1811 1605; x_wconf 84' lang='grc' dir='ltr'>ἐνόσει</span> <span class='ocrx_word' id='word_1_197' title='bbox 1829 1543 1863 1603; x_wconf 68' lang='lat' dir='ltr'>tet</span> 
     </span>
     <span class='ocr_line' id='line_1_15' title="bbox 259 1633 1864 1726; baseline -0.015 -10"><span class='ocrx_word' id='word_1_198' title='bbox 259 1655 304 1716; x_wconf 84' lang='grc' dir='ltr'>καὶ</span> <span class='ocrx_word' id='word_1_199' title='bbox 314 1653 388 1724; x_wconf 75' lang='grc' dir='ltr'>δόξας</span> <span class='ocrx_word' id='word_1_200' title='bbox 396 1652 442 1714; x_wconf 79' lang='grc' dir='ltr'>καί</span> <span class='ocrx_word' id='word_1_201' title='bbox 449 1651 483 1712; x_wconf 77' lang='grc' dir='ltr'>τὰ</span> <span class='ocrx_word' id='word_1_202' title='bbox 489 1649 691 1711; x_wconf 77' lang='grc' dir='ltr'>τοιαῦταπσίντα</span> <span class='ocrx_word' id='word_1_203' title='bbox 696 1646 821 1719; x_wconf 77' lang='grc' dir='ltr'>διέπαιζε,</span> <span class='ocrx_word' id='word_1_204' title='bbox 828 1645 1044 1726; x_wconf 77' lang='grc' dir='ltr'>προκοσμήματα</span> <span class='ocrx_word' id='word_1_205' title='bbox 1087 1640 1298 1722; x_wconf 77' lang='grc' dir='ltr'>θανότῳ,ίαντόν</span> <span class='ocrx_word' id='word_1_206' title='bbox 1310 1638 1394 1719; x_wconf 82' lang='grc' dir='ltr'>ρέρων</span> <span class='ocrx_word' id='word_1_207' title='bbox 1405 1638 1480 1716; x_wconf 79' lang='grc' dir='ltr'>μόγις</span> <span class='ocrx_word' id='word_1_208' title='bbox 1492 1637 1582 1718; x_wconf 74' lang='grc' dir='ltr'>ἔρριψε</span> <span class='ocrx_word' id='word_1_209' title='bbox 1594 1641 1665 1694; x_wconf 86' lang='grc' dir='ltr'>κατσί</span> <span class='ocrx_word' id='word_1_210' title='bbox 1676 1659 1743 1704; x_wconf 88' lang='grc' dir='ltr'>τινος</span> <span class='ocrx_word' id='word_1_211' title='bbox 1753 1633 1864 1714; x_wconf 78' lang='grc' dir='ltr'>γεφυρίυι</span> 
     </span>
     <span class='ocr_line' id='line_1_16' title="bbox 259 1723 1864 1819; baseline -0.015 -14"><span class='ocrx_word' id='word_1_212' title='bbox 259 1744 355 1811; x_wconf 88' lang='grc' dir='ltr'>κακίας</span> <span class='ocrx_word' id='word_1_213' title='bbox 367 1735 433 1802; x_wconf 76' lang='grc' dir='ltr'>εἶναι</span> <span class='ocrx_word' id='word_1_214' title='bbox 444 1740 538 1819; x_wconf 73' lang='grc' dir='ltr'>λέγων,</span> <span class='ocrx_word' id='word_1_215' title='bbox 551 1738 633 1816; x_wconf 87' lang='grc' dir='ltr'>μόνην</span> <span class='ocrx_word' id='word_1_216' title='bbox 643 1737 671 1798; x_wconf 80' lang='grc' dir='ltr'>θλ</span> <span class='ocrx_word' id='word_1_217' title='bbox 684 1735 760 1818; x_wconf 70' lang='grc' dir='ltr'>ὀρθὴν</span> <span class='ocrx_word' id='word_1_218' title='bbox 774 1733 908 1796; x_wconf 83' lang='grc' dir='ltr'>πολιτείαν</span> <span class='ocrx_word' id='word_1_219' title='bbox 918 1725 983 1794; x_wconf 75' lang='grc' dir='ltr'>εἶναι</span> <span class='ocrx_word' id='word_1_220' title='bbox 995 1731 1043 1807; x_wconf 72' lang='grc' dir='ltr'>τὴν</span> <span class='ocrx_word' id='word_1_221' title='bbox 1088 1731 1153 1809; x_wconf 79' lang='grc' dir='ltr'>πρὸς</span> <span class='ocrx_word' id='word_1_222' title='bbox 1172 1725 1310 1808; x_wconf 83' lang='grc' dir='ltr'>γυμνασίῳ</span> <span class='ocrx_word' id='word_1_223' title='bbox 1331 1727 1420 1798; x_wconf 78' lang='grc' dir='ltr'>ὄντος,</span> <span class='ocrx_word' id='word_1_224' title='bbox 1436 1724 1481 1783; x_wconf 79' lang='grc' dir='ltr'>καὶ</span> <span class='ocrx_word' id='word_1_225' title='bbox 1496 1723 1640 1804; x_wconf 71' lang='grc' dir='ltr'>προσέταξε</span> <span class='ocrx_word' id='word_1_226' title='bbox 1658 1727 1698 1805; x_wconf 84' lang='grc' dir='ltr'>τῷ</span> <span class='ocrx_word' id='word_1_227' title='bbox 1711 1725 1864 1802; x_wconf 85' lang='grc' dir='ltr'>παλαιστρο-</span> 
     </span>
     <span class='ocr_line' id='line_1_17' title="bbox 260 1810 1866 1910; baseline -0.017 -17"><span class='ocrx_word' id='word_1_228' title='bbox 260 1836 287 1893; x_wconf 85' lang='grc' dir='ltr'>ἐν</span> <span class='ocrx_word' id='word_1_229' title='bbox 298 1833 401 1910; x_wconf 82' lang='grc' dir='ltr'>κόσμῳ.</span> <span class='ocrx_word' id='word_1_230' title='bbox 1091 1817 1198 1902; x_wconf 81' lang='grc' dir='ltr'>ρόλακι,</span> <span class='ocrx_word' id='word_1_231' title='bbox 1211 1813 1316 1879; x_wconf 68' lang='lat' dir='ltr'>inuiis</span> <span class='ocrx_word' id='word_1_232' title='bbox 1327 1812 1451 1886; x_wconf 91' lang='grc' dir='ltr'>αίσθηται</span> <span class='ocrx_word' id='word_1_233' title='bbox 1464 1811 1685 1873; x_wconf 81' lang='grc' dir='ltr'>ἀποπεπνευκότα</span> <span class='ocrx_word' id='word_1_234' title='bbox 1699 1810 1787 1884; x_wconf 72' lang='grc' dir='ltr'>αὐτόν,</span> <span class='ocrx_word' id='word_1_235' title='bbox 1801 1814 1866 1891; x_wconf 72' lang='grc' dir='ltr'>ῥῖψαι</span> 
     </span>
     <span class='ocr_line' id='line_1_18' title="bbox 299 1895 1866 1994; baseline -0.014 -18"><span class='ocrx_word' id='word_1_236' title='bbox 299 1919 456 1994; x_wconf 81' lang='lat' dir='ltr'>(Diogenes</span> <span class='ocrx_word' id='word_1_237' title='bbox 470 1914 603 1973; x_wconf 62' lang='lat' dir='ltr'>laertius</span> <span class='ocrx_word' id='word_1_238' title='bbox 623 1913 679 1974; x_wconf 87' lang='lat' dir='ltr'>tib.</span> <span class='ocrx_word' id='word_1_239' title='bbox 694 1911 745 1983; x_wconf 84' lang='lat' dir='ltr'>Vi,</span> <span class='ocrx_word' id='word_1_240' title='bbox 760 1932 809 1986; x_wconf 77' lang='lat'>72.</span> <span class='ocrx_word' id='word_1_241' title='bbox 827 1913 969 1977; x_wconf 82' lang='lat' dir='ltr'>Similiter</span> <span class='ocrx_word' id='word_1_242' title='bbox 988 1913 1044 1970; x_wconf 73' lang='lat' dir='ltr'>Ar·</span> <span class='ocrx_word' id='word_1_243' title='bbox 1089 1909 1124 1975; x_wconf 77' lang='grc' dir='ltr'>εἰς</span> <span class='ocrx_word' id='word_1_244' title='bbox 1140 1905 1183 1965; x_wconf 85' lang='grc' dir='ltr'>τόν</span> <span class='ocrx_word' id='word_1_245' title='bbox 1199 1905 1323 1969; x_wconf 87' lang='grc' dir='ltr'>Ἰλισσόν.</span> <span class='ocrx_word' id='word_1_246' title='bbox 1335 1901 1428 1971; x_wconf 70' lang='grc' dir='ltr'>Οὕτως</span> <span class='ocrx_word' id='word_1_247' title='bbox 1442 1901 1493 1984; x_wconf 87' lang='grc' dir='ltr'>σίρα</span> <span class='ocrx_word' id='word_1_248' title='bbox 1505 1899 1594 1982; x_wconf 85' lang='grc' dir='ltr'>ὀλίγον</span> <span class='ocrx_word' id='word_1_249' title='bbox 1605 1900 1683 1978; x_wconf 80' lang='grc' dir='ltr'>ἔμελε</span> <span class='ocrx_word' id='word_1_250' title='bbox 1697 1897 1813 1978; x_wconf 81' lang='grc' dir='ltr'>Διογίνει</span> <span class='ocrx_word' id='word_1_251' title='bbox 1827 1895 1866 1958; x_wconf 86' lang='grc' dir='ltr'>καί</span> 
     </span>
     <span class='ocr_line' id='line_1_19' title="bbox 260 1993 1369 2079; baseline -0.009 -15"><span class='ocrx_word' id='word_1_252' title='bbox 260 2003 422 2065; x_wconf 86' lang='lat' dir='ltr'>rianuslib.</span> <span class='ocrx_word' id='word_1_253' title='bbox 439 2006 450 2063; x_wconf 94' lang='lat' dir='ltr'>i</span> <span class='ocrx_word' id='word_1_254' title='bbox 468 2003 589 2065; x_wconf 82' lang='lat' dir='ltr'>Dissert.</span> <span class='ocrx_word' id='word_1_255' title='bbox 606 2001 699 2060; x_wconf 81' lang='lat' dir='ltr'>xxiv</span> <span class='ocrx_word' id='word_1_256' title='bbox 713 2001 793 2079; x_wconf 77' lang='grc' dir='ltr'>Λέγει</span> <span class='ocrx_word' id='word_1_257' title='bbox 808 2023 816 2060; x_wconf 89' lang='lat'>:</span> <span class='ocrx_word' id='word_1_258' title='bbox 830 1998 988 2078; x_wconf 70' lang='grc' dir='ltr'>θᾼισγίνης)</span> <span class='ocrx_word' id='word_1_259' title='bbox 1005 1998 1044 2058; x_wconf 83' lang='grc' dir='ltr'>θτι</span> <span class='ocrx_word' id='word_1_260' title='bbox 1090 1993 1200 2054; x_wconf 77' lang='grc' dir='ltr'>θανᾶτου</span> <span class='ocrx_word' id='word_1_261' title='bbox 1215 1994 1261 2053; x_wconf 83' lang='grc' dir='ltr'>καλ</span> <span class='ocrx_word' id='word_1_262' title='bbox 1275 1996 1369 2073; x_wconf 78' lang='grc' dir='ltr'>ταφῆς.</span> 
     </span>
     <span class='ocr_line' id='line_1_20' title="bbox 260 2073 1868 2171; baseline -0.012 -20"><span class='ocrx_word' id='word_1_263' title='bbox 260 2091 349 2160; x_wconf 76' lang='grc' dir='ltr'>ἀδοξία</span> <span class='ocrx_word' id='word_1_264' title='bbox 363 2090 444 2171; x_wconf 77' lang='grc' dir='ltr'>ψόρσς</span> <span class='ocrx_word' id='word_1_265' title='bbox 465 2089 520 2148; x_wconf 79' lang='grc' dir='ltr'>ἐστὶ</span> <span class='ocrx_word' id='word_1_266' title='bbox 537 2087 702 2166; x_wconf 78' lang='grc' dir='ltr'>μαινομένων</span> <span class='ocrx_word' id='word_1_267' title='bbox 718 2087 874 2168; x_wconf 78' lang='grc' dir='ltr'>ἀνθρώπων.</span> <span class='ocrx_word' id='word_1_268' title='bbox 888 2087 934 2147; x_wconf 85' lang='lat' dir='ltr'>Ci.</span> <span class='ocrx_word' id='word_1_269' title='bbox 954 2105 1045 2166; x_wconf 81' lang='lat' dir='ltr'>supra</span> <span class='ocrx_word' id='word_1_270' title='bbox 1130 2081 1268 2158; x_wconf 82' lang='lat' dir='ltr'>(AElianus</span> <span class='ocrx_word' id='word_1_271' title='bbox 1281 2081 1352 2142; x_wconf 75' lang='grc' dir='ltr'>λίαν.</span> <span class='ocrx_word' id='word_1_272' title='bbox 1364 2079 1435 2138; x_wconf 87' lang='lat' dir='ltr'>hist.</span> <span class='ocrx_word' id='word_1_273' title='bbox 1448 2079 1504 2140; x_wconf 90' lang='lat' dir='ltr'>lib.</span> <span class='ocrx_word' id='word_1_274' title='bbox 1516 2077 1585 2138; x_wconf 82' lang='lat' dir='ltr'>viii</span> <span class='ocrx_word' id='word_1_275' title='bbox 1596 2097 1658 2157; x_wconf 82' lang='lat' dir='ltr'>cap.</span> <span class='ocrx_word' id='word_1_276' title='bbox 1677 2083 1722 2144; x_wconf 74' lang='grc' dir='ltr'>τί.</span> <span class='ocrx_word' id='word_1_277' title='bbox 1738 2073 1868 2154; x_wconf 87' lang='lat' dir='ltr'>Reposui</span> 
     </span>
     <span class='ocr_line' id='line_1_21' title="bbox 262 2163 1869 2256; baseline -0.011 -18"><span class='ocrx_word' id='word_1_278' title='bbox 262 2182 455 2256; x_wconf 65' lang='lat' dir='ltr'>i&#39;ragmma.)</span> <span class='ocrx_word' id='word_1_279' title='bbox 1091 2168 1168 2248; x_wconf 85' lang='grc' dir='ltr'>μόγις</span> <span class='ocrx_word' id='word_1_280' title='bbox 1193 2189 1248 2248; x_wconf 83' lang='lat' dir='ltr'>pro</span> <span class='ocrx_word' id='word_1_281' title='bbox 1271 2168 1357 2230; x_wconf 87' lang='lat' dir='ltr'><strong>codd.</strong></span> <span class='ocrx_word' id='word_1_282' title='bbox 1382 2168 1529 2246; x_wconf 81' lang='lat' dir='ltr'>scriptura</span> <span class='ocrx_word' id='word_1_283' title='bbox 1551 2166 1637 2244; x_wconf 85' lang='grc' dir='ltr'>μόνον.</span> <span class='ocrx_word' id='word_1_284' title='bbox 1661 2166 1698 2223; x_wconf 77' lang='grc' dir='ltr'>λι</span> <span class='ocrx_word' id='word_1_285' title='bbox 1723 2163 1869 2238; x_wconf 80' lang='lat' dir='ltr'>Diogenes</span> 
     </span>
     <span class='ocr_line' id='line_1_22' title="bbox 299 2250 1867 2341; baseline -0.011 -13"><span class='ocrx_word' id='word_1_286' title='bbox 299 2287 350 2329; x_wconf 71' lang='lat' dir='ltr'>aee.</span> <span class='ocrx_word' id='word_1_287' title='bbox 373 2265 470 2341; x_wconf 72' lang='grc' dir='ltr'>Ι’ίίλεγε</span> <span class='ocrx_word' id='word_1_288' title='bbox 487 2262 514 2322; x_wconf 79' lang='grc' dir='ltr'>δὲ</span> <span class='ocrx_word' id='word_1_289' title='bbox 528 2262 575 2322; x_wconf 80' lang='grc' dir='ltr'>καί</span> <span class='ocrx_word' id='word_1_290' title='bbox 589 2262 676 2330; x_wconf 82' lang='grc' dir='ltr'>κσινός</span> <span class='ocrx_word' id='word_1_291' title='bbox 690 2253 756 2322; x_wconf 71' lang='grc' dir='ltr'>ε’ίναι</span> <span class='ocrx_word' id='word_1_292' title='bbox 770 2264 823 2323; x_wconf 87' lang='grc' dir='ltr'>δεῖν</span> <span class='ocrx_word' id='word_1_293' title='bbox 838 2260 885 2329; x_wconf 86' lang='grc' dir='ltr'>τόις</span> <span class='ocrx_word' id='word_1_294' title='bbox 902 2265 1043 2339; x_wconf 84' lang='grc' dir='ltr'>γυναῖκας,</span> <span class='ocrx_word' id='word_1_295' title='bbox 1090 2259 1222 2316; x_wconf 74' lang='lat' dir='ltr'>Laertius</span> <span class='ocrx_word' id='word_1_296' title='bbox 1237 2255 1292 2316; x_wconf 88' lang='lat' dir='ltr'>iib.</span> <span class='ocrx_word' id='word_1_297' title='bbox 1309 2255 1360 2329; x_wconf 77' lang='lat' dir='ltr'>Vl,</span> <span class='ocrx_word' id='word_1_298' title='bbox 1376 2278 1413 2332; x_wconf 83' lang='lat'>79</span> <span class='ocrx_word' id='word_1_299' title='bbox 1426 2257 1463 2314; x_wconf 90' lang='lat' dir='ltr'>de</span> <span class='ocrx_word' id='word_1_300' title='bbox 1477 2255 1579 2314; x_wconf 88' lang='lat' dir='ltr'>morte</span> <span class='ocrx_word' id='word_1_301' title='bbox 1591 2255 1656 2333; x_wconf 86' lang='lat' dir='ltr'>ejus</span> <span class='ocrx_word' id='word_1_302' title='bbox 1672 2254 1730 2319; x_wconf 86' lang='lat' dir='ltr'>haee</span> <span class='ocrx_word' id='word_1_303' title='bbox 1744 2250 1867 2312; x_wconf 82' lang='lat' dir='ltr'>scribit:</span> 
     </span>
     <span class='ocr_line' id='line_1_23' title="bbox 260 2339 1867 2432; baseline -0.012 -20"><span class='ocrx_word' id='word_1_304' title='bbox 260 2354 346 2432; x_wconf 80' lang='grc' dir='ltr'>γόμον</span> <span class='ocrx_word' id='word_1_305' title='bbox 369 2351 469 2429; x_wconf 77' lang='grc' dir='ltr'>μηδένα</span> <span class='ocrx_word' id='word_1_306' title='bbox 494 2349 618 2428; x_wconf 80' lang='grc' dir='ltr'>νομίζων,</span> <span class='ocrx_word' id='word_1_307' title='bbox 635 2350 704 2410; x_wconf 71' lang='grc' dir='ltr'>ἀλλὰ</span> <span class='ocrx_word' id='word_1_308' title='bbox 720 2349 764 2409; x_wconf 85' lang='grc' dir='ltr'>τθν</span> <span class='ocrx_word' id='word_1_309' title='bbox 785 2349 913 2410; x_wconf 89' lang='grc' dir='ltr'>πείσαντα</span> <span class='ocrx_word' id='word_1_310' title='bbox 931 2353 965 2428; x_wconf 79' lang='grc' dir='ltr'>τῇ</span> <span class='ocrx_word' id='word_1_311' title='bbox 980 2369 1045 2406; x_wconf 86' lang='grc' dir='ltr'>πει-</span> <span class='ocrx_word' id='word_1_312' title='bbox 1091 2345 1153 2402; x_wconf 79' lang='grc' dir='ltr'>ίνιοι</span> <span class='ocrx_word' id='word_1_313' title='bbox 1179 2343 1208 2403; x_wconf 85' lang='grc' dir='ltr'>δι’</span> <span class='ocrx_word' id='word_1_314' title='bbox 1236 2366 1317 2425; x_wconf 87' lang='grc' dir='ltr'>ρασι,</span> <span class='ocrx_word' id='word_1_315' title='bbox 1340 2343 1504 2402; x_wconf 84' lang='grc' dir='ltr'>τελευτῶντα</span> <span class='ocrx_word' id='word_1_316' title='bbox 1531 2341 1610 2402; x_wconf 77' lang='grc' dir='ltr'>αὐτὸν</span> <span class='ocrx_word' id='word_1_317' title='bbox 1638 2341 1682 2402; x_wconf 88' lang='grc' dir='ltr'>καλ</span> <span class='ocrx_word' id='word_1_318' title='bbox 1714 2339 1867 2402; x_wconf 74' lang='grc' dir='ltr'>ἐντεῶασθαι</span> 
     </span>
     <span class='ocr_line' id='line_1_24' title="bbox 261 2427 1866 2519; baseline -0.01 -19"><span class='ocrx_word' id='word_1_319' title='bbox 261 2441 352 2519; x_wconf 81' lang='grc' dir='ltr'>σθείογ,</span> <span class='ocrx_word' id='word_1_320' title='bbox 379 2447 493 2500; x_wconf 82' lang='grc' dir='ltr'>συνεῖναι</span> <span class='ocrx_word' id='word_1_321' title='bbox 500 2483 510 2516; x_wconf 89' lang='grc'>,</span> <span class='ocrx_word' id='word_1_322' title='bbox 540 2437 642 2505; x_wconf 80' lang='grc' dir='ltr'>κοινοὺς</span> <span class='ocrx_word' id='word_1_323' title='bbox 669 2437 697 2497; x_wconf 75' lang='grc' dir='ltr'>δὲ</span> <span class='ocrx_word' id='word_1_324' title='bbox 729 2438 773 2498; x_wconf 76' lang='grc' dir='ltr'>διὰ</span> <span class='ocrx_word' id='word_1_325' title='bbox 806 2444 882 2498; x_wconf 78' lang='grc' dir='ltr'>τοῦτο</span> <span class='ocrx_word' id='word_1_326' title='bbox 911 2435 957 2497; x_wconf 83' lang='grc' dir='ltr'>καλ</span> <span class='ocrx_word' id='word_1_327' title='bbox 985 2435 1045 2501; x_wconf 86' lang='grc' dir='ltr'>τοὺς</span> <span class='ocrx_word' id='word_1_328' title='bbox 1092 2432 1191 2514; x_wconf 82' lang='grc' dir='ltr'>όταρσν</span> <span class='ocrx_word' id='word_1_329' title='bbox 1208 2436 1293 2515; x_wconf 72' lang='grc' dir='ltr'>ῥῖψαι,</span> <span class='ocrx_word' id='word_1_330' title='bbox 1306 2435 1407 2499; x_wconf 74' lang='grc' dir='ltr'>ὡςπθν</span> <span class='ocrx_word' id='word_1_331' title='bbox 1423 2431 1512 2511; x_wconf 90' lang='grc' dir='ltr'>θηρίον</span> <span class='ocrx_word' id='word_1_332' title='bbox 1525 2433 1604 2492; x_wconf 78' lang='grc' dir='ltr'>αὐτοῦ</span> <span class='ocrx_word' id='word_1_333' title='bbox 1619 2427 1785 2511; x_wconf 72' lang='grc' dir='ltr'>μετίσχονῆ</span> <span class='ocrx_word' id='word_1_334' title='bbox 1800 2427 1832 2494; x_wconf 83' lang='grc' dir='ltr'>εἷς</span> <span class='ocrx_word' id='word_1_335' title='bbox 1842 2447 1866 2502; x_wconf 88' lang='grc' dir='ltr'>γε</span> 
     </span>
     <span class='ocr_line' id='line_1_25' title="bbox 261 2515 1863 2603; baseline -0.007 -18"><span class='ocrx_word' id='word_1_336' title='bbox 261 2527 342 2589; x_wconf 82' lang='grc' dir='ltr'>νίίαι.</span> <span class='ocrx_word' id='word_1_337' title='bbox 1095 2521 1188 2603; x_wconf 86' lang='grc' dir='ltr'>βόθρον</span> <span class='ocrx_word' id='word_1_338' title='bbox 1203 2524 1335 2598; x_wconf 77' lang='grc' dir='ltr'>συνῶσαι,</span> <span class='ocrx_word' id='word_1_339' title='bbox 1349 2521 1396 2581; x_wconf 80' lang='grc' dir='ltr'>καί</span> <span class='ocrx_word' id='word_1_340' title='bbox 1418 2521 1508 2601; x_wconf 81' lang='grc' dir='ltr'>ὀλίγην</span> <span class='ocrx_word' id='word_1_341' title='bbox 1528 2518 1599 2602; x_wconf 53' lang='grc' dir='ltr'>κόνιν</span> <span class='ocrx_word' id='word_1_342' title='bbox 1619 2522 1772 2597; x_wconf 82' lang='grc' dir='ltr'>ἐπαμῆσαι·</span> <span class='ocrx_word' id='word_1_343' title='bbox 1792 2515 1863 2587; x_wconf 74' lang='lat' dir='ltr'>uiti,</span> 
     </span>
     <span class='ocr_line' id='line_1_26' title="bbox 301 2605 1865 2691; baseline -0.003 -19"><span class='ocrx_word' id='word_1_344' title='bbox 301 2615 458 2691; x_wconf 77' lang='lat' dir='ltr'>(Diogenes</span> <span class='ocrx_word' id='word_1_345' title='bbox 470 2611 603 2672; x_wconf 76' lang='lat' dir='ltr'>inertius</span> <span class='ocrx_word' id='word_1_346' title='bbox 615 2611 669 2670; x_wconf 88' lang='lat' dir='ltr'>lib.</span> <span class='ocrx_word' id='word_1_347' title='bbox 684 2611 735 2689; x_wconf 90' lang='lat' dir='ltr'>vi,</span> <span class='ocrx_word' id='word_1_348' title='bbox 747 2613 804 2688; x_wconf 74' lang='grc' dir='ltr'>γε.)</span> <span class='ocrx_word' id='word_1_349' title='bbox 1093 2613 1128 2678; x_wconf 81' lang='grc' dir='ltr'>εἰς</span> <span class='ocrx_word' id='word_1_350' title='bbox 1142 2610 1187 2669; x_wconf 85' lang='grc' dir='ltr'>τὸν</span> <span class='ocrx_word' id='word_1_351' title='bbox 1202 2609 1314 2671; x_wconf 83' lang='grc' dir='ltr'>Ἰλισσθν</span> <span class='ocrx_word' id='word_1_352' title='bbox 1335 2609 1470 2687; x_wconf 77' lang='grc' dir='ltr'>ἑμόαλιῒν,</span> <span class='ocrx_word' id='word_1_353' title='bbox 1487 2607 1530 2668; x_wconf 78' lang='grc' dir='ltr'>ἵνα</span> <span class='ocrx_word' id='word_1_354' title='bbox 1545 2617 1599 2676; x_wconf 85' lang='grc' dir='ltr'>τοῖς</span> <span class='ocrx_word' id='word_1_355' title='bbox 1616 2609 1736 2690; x_wconf 80' lang='grc' dir='ltr'>ὀθελροῑς</span> <span class='ocrx_word' id='word_1_356' title='bbox 1750 2605 1865 2690; x_wconf 71' lang='grc' dir='ltr'>χρήσιμοι</span> 
     </span>
     <span class='ocr_line' id='line_1_27' title="bbox 300 2688 1221 2778; baseline -0.008 -17"><span class='ocrx_word' id='word_1_357' title='bbox 300 2720 351 2761; x_wconf 77' lang='lat' dir='ltr'>tto.</span> <span class='ocrx_word' id='word_1_358' title='bbox 374 2699 466 2771; x_wconf 74' lang='grc' dir='ltr'>Μηδέν</span> <span class='ocrx_word' id='word_1_359' title='bbox 486 2721 515 2759; x_wconf 87' lang='grc' dir='ltr'>τε</span> <span class='ocrx_word' id='word_1_360' title='bbox 537 2701 632 2759; x_wconf 79' lang='grc' dir='ltr'>ἄτοπον</span> <span class='ocrx_word' id='word_1_361' title='bbox 654 2688 721 2756; x_wconf 81' lang='grc' dir='ltr'>ε’ίναι</span> <span class='ocrx_word' id='word_1_362' title='bbox 744 2697 771 2766; x_wconf 75' lang='grc' dir='ltr'>ἐξ</span> <span class='ocrx_word' id='word_1_363' title='bbox 785 2701 855 2778; x_wconf 79' lang='grc' dir='ltr'>ἱεροῦ</span> <span class='ocrx_word' id='word_1_364' title='bbox 871 2721 897 2756; x_wconf 90' lang='grc' dir='ltr'>τι</span> <span class='ocrx_word' id='word_1_365' title='bbox 909 2695 1045 2768; x_wconf 76' lang='grc' dir='ltr'>λαόεἵν,ἢ</span> <span class='ocrx_word' id='word_1_366' title='bbox 1093 2695 1221 2775; x_wconf 79' lang='grc' dir='ltr'>γένηται.)</span> 
     </span>
    </p>
   </div>
   <div class='ocr_carea' id='block_1_3' title="bbox 262 2858 1864 2930">
    <p class='ocr_par' dir='ltr' id='par_1_3' title="bbox 262 2858 1864 2930">
     <span class='ocr_line' id='line_1_28' title="bbox 262 2858 1864 2930; baseline -0.002 -13"><span class='ocrx_word' id='word_1_367' title='bbox 262 2869 330 2928; x_wconf 77' lang='lat' dir='ltr'>citati</span> <span class='ocrx_word' id='word_1_368' title='bbox 352 2873 431 2918; x_wconf 76' lang='lat' dir='ltr'>essem</span> <span class='ocrx_word' id='word_1_369' title='bbox 451 2867 564 2917; x_wconf 79' lang='lat' dir='ltr'>libentius</span> <span class='ocrx_word' id='word_1_370' title='bbox 583 2867 646 2930; x_wconf 83' lang='lat' dir='ltr'>ipsas</span> <span class='ocrx_word' id='word_1_371' title='bbox 663 2868 800 2924; x_wconf 83' lang='lat' dir='ltr'>roiuptates</span> <span class='ocrx_word' id='word_1_372' title='bbox 821 2879 942 2930; x_wconf 83' lang='lat' dir='ltr'>spernere.</span> <span class='ocrx_word' id='word_1_373' title='bbox 976 2864 1045 2916; x_wconf 81' lang='lat' dir='ltr'>Talin</span> <span class='ocrx_word' id='word_1_374' title='bbox 1124 2868 1181 2915; x_wconf 76' lang='grc'>299.</span> <span class='ocrx_word' id='word_1_375' title='bbox 1208 2866 1401 2929; x_wconf 75' lang='lat' dir='ltr'><strong>Haudquaquam</strong></span> <span class='ocrx_word' id='word_1_376' title='bbox 1419 2866 1560 2916; x_wconf 85' lang='lat' dir='ltr'>indecorum</span> <span class='ocrx_word' id='word_1_377' title='bbox 1577 2858 1864 2922; x_wconf 65' lang='lat' dir='ltr'>asserendorum</span> 
     </span>
    </p>
   </div>
   <div class='ocr_carea' id='block_1_4' title="bbox 148 2951 1932 4342">
    <p class='ocr_par' dir='ltr' id='par_1_4' title="bbox 148 2951 1862 3637">
     <span class='ocr_line' id='line_1_29' title="bbox 262 2951 1862 3018; baseline -0.003 -13"><span class='ocrx_word' id='word_1_378' title='bbox 262 2957 395 3007; x_wconf 68' lang='lat' dir='ltr'>disserebat</span> <span class='ocrx_word' id='word_1_379' title='bbox 415 2955 567 3018; x_wconf 71' lang='lat' dir='ltr'>iaciebainae</span> <span class='ocrx_word' id='word_1_380' title='bbox 587 2953 678 3018; x_wconf 83' lang='lat' dir='ltr'>palam,</span> <span class='ocrx_word' id='word_1_381' title='bbox 700 2967 782 3005; x_wconf 78' lang='lat' dir='ltr'>revera</span> <span class='ocrx_word' id='word_1_382' title='bbox 803 2952 928 3004; x_wconf 82' lang='lat' dir='ltr'>hominnm</span> <span class='ocrx_word' id='word_1_383' title='bbox 952 2967 1045 3004; x_wconf 86' lang='lat' dir='ltr'>morem</span> <span class='ocrx_word' id='word_1_384' title='bbox 1091 2951 1214 3017; x_wconf 75' lang='lat' dir='ltr'>quidpiam</span> <span class='ocrx_word' id='word_1_385' title='bbox 1231 2953 1340 3017; x_wconf 85' lang='lat' dir='ltr'>aniene,</span> <span class='ocrx_word' id='word_1_386' title='bbox 1351 2954 1390 3005; x_wconf 85' lang='lat' dir='ltr'>vei</span> <span class='ocrx_word' id='word_1_387' title='bbox 1404 2951 1492 3005; x_wconf 71' lang='lat' dir='ltr'>ani&#39;niai</span> <span class='ocrx_word' id='word_1_388' title='bbox 1509 2954 1589 3005; x_wconf 83' lang='lat' dir='ltr'>nescio</span> <span class='ocrx_word' id='word_1_389' title='bbox 1600 2953 1665 3018; x_wconf 83' lang='lat' dir='ltr'>quod</span> <span class='ocrx_word' id='word_1_390' title='bbox 1676 2955 1786 3017; x_wconf 73' lang='grc' dir='ltr'>μιιείειο,</span> <span class='ocrx_word' id='word_1_391' title='bbox 1797 2957 1862 3010; x_wconf 75' lang='lat' dir='ltr'>neque</span> 
     </span>
     <span class='ocr_line' id='line_1_30' title="bbox 167 3033 1851 3107; baseline -0.005 -13"><span class='ocrx_word' id='word_1_392' title='bbox 167 3033 180 3059; x_wconf 86' lang='lat'><strong><em>‘</em></strong></span> <span class='ocrx_word' id='word_1_393' title='bbox 263 3053 377 3107; x_wconf 78' lang='lat' dir='ltr'>tanquam</span> <span class='ocrx_word' id='word_1_394' title='bbox 390 3049 512 3093; x_wconf 75' lang='lat' dir='ltr'>monetam</span> <span class='ocrx_word' id='word_1_395' title='bbox 526 3042 680 3104; x_wconf 77' lang='lat' dir='ltr'>sdrriteram,</span> <span class='ocrx_word' id='word_1_396' title='bbox 693 3043 759 3105; x_wconf 85' lang='lat' dir='ltr'>quod</span> <span class='ocrx_word' id='word_1_397' title='bbox 775 3042 835 3092; x_wconf 83' lang='lat' dir='ltr'>niirii</span> <span class='ocrx_word' id='word_1_398' title='bbox 849 3042 1046 3105; x_wconf 74' lang='lat' dir='ltr'>iegitimisitant</span> <span class='ocrx_word' id='word_1_399' title='bbox 1092 3040 1223 3092; x_wconf 87' lang='lat' dir='ltr'>ueiasesse</span> <span class='ocrx_word' id='word_1_400' title='bbox 1236 3042 1330 3105; x_wconf 85' lang='lat' dir='ltr'>putarit</span> <span class='ocrx_word' id='word_1_401' title='bbox 1343 3043 1448 3092; x_wconf 81' lang='lat' dir='ltr'>numam</span> <span class='ocrx_word' id='word_1_402' title='bbox 1464 3043 1612 3093; x_wconf 82' lang='lat' dir='ltr'>etiamresri</span> <span class='ocrx_word' id='word_1_403' title='bbox 1625 3054 1714 3104; x_wconf 85' lang='lat' dir='ltr'>came,</span> <span class='ocrx_word' id='word_1_404' title='bbox 1728 3038 1851 3106; x_wconf 74' lang='lat' dir='ltr'>quaeerit</span> 
     </span>
     <span class='ocr_line' id='line_1_31' title="bbox 264 3126 1861 3193; baseline -0.005 -13"><span class='ocrx_word' id='word_1_405' title='bbox 264 3130 335 3183; x_wconf 84' lang='lat' dir='ltr'>rebus</span> <span class='ocrx_word' id='word_1_406' title='bbox 347 3130 497 3180; x_wconf 73' lang='lat' dir='ltr'>riatuzaiibus</span> <span class='ocrx_word' id='word_1_407' title='bbox 508 3129 664 3192; x_wconf 82' lang='lat' dir='ltr'>concederet,</span> <span class='ocrx_word' id='word_1_408' title='bbox 674 3131 763 3193; x_wconf 84' lang='lat' dir='ltr'>quippe</span> <span class='ocrx_word' id='word_1_409' title='bbox 774 3130 816 3193; x_wconf 82' lang='lat' dir='ltr'>qai</span> <span class='ocrx_word' id='word_1_410' title='bbox 826 3129 927 3180; x_wconf 79' lang='lat' dir='ltr'>eandem</span> <span class='ocrx_word' id='word_1_411' title='bbox 939 3130 998 3180; x_wconf 78' lang='lat' dir='ltr'>vitre</span> <span class='ocrx_word' id='word_1_412' title='bbox 1008 3143 1046 3179; x_wconf 89' lang='lat' dir='ltr'>ra·</span> <span class='ocrx_word' id='word_1_413' title='bbox 1093 3143 1176 3180; x_wconf 90' lang='lat' dir='ltr'>rarum</span> <span class='ocrx_word' id='word_1_414' title='bbox 1187 3132 1312 3182; x_wconf 76' lang='lat' dir='ltr'>uenenum</span> <span class='ocrx_word' id='word_1_415' title='bbox 1326 3131 1434 3181; x_wconf 87' lang='lat' dir='ltr'>moribus</span> <span class='ocrx_word' id='word_1_416' title='bbox 1450 3131 1621 3182; x_wconf 76' lang='lat' dir='ltr'>declararetur.</span> <span class='ocrx_word' id='word_1_417' title='bbox 1636 3130 1685 3182; x_wconf 82' lang='lat' dir='ltr'>sed</span> <span class='ocrx_word' id='word_1_418' title='bbox 1704 3132 1771 3181; x_wconf 86' lang='lat' dir='ltr'>recta</span> <span class='ocrx_word' id='word_1_419' title='bbox 1787 3126 1861 3177; x_wconf 82' lang='lat' dir='ltr'>ration</span> 
     </span>
     <span class='ocr_line' id='line_1_32' title="bbox 163 3210 1860 3291; baseline -0.003 -21"><span class='ocrx_word' id='word_1_420' title='bbox 163 3278 182 3285; x_wconf 34' lang='lat'>,-</span> <span class='ocrx_word' id='word_1_421' title='bbox 217 3269 221 3275; x_wconf 87' lang='grc'>,</span> <span class='ocrx_word' id='word_1_422' title='bbox 252 3220 356 3270; x_wconf 64' lang='lat' dir='ltr'>timi</span> <span class='ocrx_word' id='word_1_423' title='bbox 363 3230 419 3282; x_wconf 80' lang='grc' dir='ltr'>ηιιεο</span> <span class='ocrx_word' id='word_1_424' title='bbox 428 3218 527 3268; x_wconf 88' lang='lat' dir='ltr'>iiereuii</span> <span class='ocrx_word' id='word_1_425' title='bbox 536 3218 593 3268; x_wconf 88' lang='lat' dir='ltr'>oiim</span> <span class='ocrx_word' id='word_1_426' title='bbox 601 3218 733 3281; x_wconf 79' lang='lat' dir='ltr'>placuisset</span> <span class='ocrx_word' id='word_1_427' title='bbox 741 3217 1046 3282; x_wconf 83' lang='lat' dir='ltr'>suscepisseseaiflrmsret</span> <span class='ocrx_word' id='word_1_428' title='bbox 1093 3218 1215 3291; x_wconf 29' lang='lat' dir='ltr'>omnie&#39;in</span> <span class='ocrx_word' id='word_1_429' title='bbox 1233 3218 1346 3268; x_wconf 83' lang='lat' dir='ltr'>omnibus</span> <span class='ocrx_word' id='word_1_430' title='bbox 1366 3232 1421 3269; x_wconf 84' lang='lat' dir='ltr'>esse</span> <span class='ocrx_word' id='word_1_431' title='bbox 1439 3222 1464 3269; x_wconf 85' lang='lat' dir='ltr'>et</span> <span class='ocrx_word' id='word_1_432' title='bbox 1483 3219 1565 3269; x_wconf 86' lang='lat' dir='ltr'>omnia</span> <span class='ocrx_word' id='word_1_433' title='bbox 1587 3218 1720 3281; x_wconf 80' lang='lat' dir='ltr'>pervadere</span> <span class='ocrx_word' id='word_1_434' title='bbox 1744 3210 1860 3267; x_wconf 74' lang='lat' dir='ltr'>contendit</span> 
     </span>
     <span class='ocr_line' id='line_1_33' title="bbox 148 3290 1862 3371; baseline -0.002 -13"><span class='ocrx_word' id='word_1_435' title='bbox 148 3290 152 3297; x_wconf 60' lang='grc'><strong><em>’</em></strong></span> <span class='ocrx_word' id='word_1_436' title='bbox 220 3340 223 3345; x_wconf 92' lang='grc'><strong>-</strong></span> <span class='ocrx_word' id='word_1_437' title='bbox 263 3320 342 3371; x_wconf 85' lang='grc' dir='ltr'>οεςμισ</span> <span class='ocrx_word' id='word_1_438' title='bbox 354 3305 488 3369; x_wconf 70' lang='lat' dir='ltr'>quinorum</span> <span class='ocrx_word' id='word_1_439' title='bbox 498 3305 600 3356; x_wconf 82' lang='lat' dir='ltr'>libertati</span> <span class='ocrx_word' id='word_1_440' title='bbox 611 3308 777 3370; x_wconf 87' lang='lat' dir='ltr'>anteponeret.</span> <span class='ocrx_word' id='word_1_441' title='bbox 927 3354 931 3361; x_wconf 88' lang='grc'>,</span> <span class='ocrx_word' id='word_1_442' title='bbox 1014 3357 1017 3363; x_wconf 77' lang='grc'>,</span> <span class='ocrx_word' id='word_1_443' title='bbox 1093 3300 1538 3369; x_wconf 81' lang='lat' dir='ltr'>itteniininpsuecarnemesaeettn</span> <span class='ocrx_word' id='word_1_444' title='bbox 1551 3305 1615 3356; x_wconf 88' lang='lat' dir='ltr'>oiere</span> <span class='ocrx_word' id='word_1_445' title='bbox 1628 3306 1862 3369; x_wconf 76' lang='lat' dir='ltr'>panem3eodemttt</span> 
     </span>
     <span class='ocr_line' id='line_1_34' title="bbox 296 3393 1859 3460; baseline -0.003 -15"><span class='ocrx_word' id='word_1_446' title='bbox 296 3393 854 3458; x_wconf 68' lang='lat' dir='ltr'>sui.1)eiegeitaesposait,qaodsinees</span> <span class='ocrx_word' id='word_1_447' title='bbox 873 3394 1045 3457; x_wconf 78' lang='lat' dir='ltr'>rempuuteam</span> <span class='ocrx_word' id='word_1_448' title='bbox 1091 3394 1306 3457; x_wconf 83' lang='lat' dir='ltr'>modoinreiiquis</span> <span class='ocrx_word' id='word_1_449' title='bbox 1316 3395 1456 3457; x_wconf 85' lang='lat' dir='ltr'>corporibus</span> <span class='ocrx_word' id='word_1_450' title='bbox 1467 3408 1553 3445; x_wconf 82' lang='lat' dir='ltr'>remae</span> <span class='ocrx_word' id='word_1_451' title='bbox 1564 3393 1859 3460; x_wconf 81' lang='lat' dir='ltr'>habere‚qaumomuiirs</span> 
     </span>
     <span class='ocr_line' id='line_1_35' title="bbox 263 3466 1858 3549; baseline 0 -14"><span class='ocrx_word' id='word_1_452' title='bbox 263 3466 424 3535; x_wconf 76' lang='lat' dir='ltr'>administriri</span> <span class='ocrx_word' id='word_1_453' title='bbox 438 3489 629 3545; x_wconf 66' lang='lat' dir='ltr'>perseueraret.</span> <span class='ocrx_word' id='word_1_454' title='bbox 649 3485 750 3536; x_wconf 84' lang='lat' dir='ltr'>iiaiiam</span> <span class='ocrx_word' id='word_1_455' title='bbox 768 3486 848 3545; x_wconf 85' lang='lat' dir='ltr'>enim,</span> <span class='ocrx_word' id='word_1_456' title='bbox 863 3484 961 3549; x_wconf 85' lang='lat' dir='ltr'>inquit,-</span> <span class='ocrx_word' id='word_1_457' title='bbox 973 3500 1045 3536; x_wconf 87' lang='lat' dir='ltr'>usum</span> <span class='ocrx_word' id='word_1_458' title='bbox 1092 3492 1133 3546; x_wconf 88' lang='lat' dir='ltr'>per</span> <span class='ocrx_word' id='word_1_459' title='bbox 1147 3470 1252 3533; x_wconf 82' lang='lat' dir='ltr'>creuitoa</span> <span class='ocrx_word' id='word_1_460' title='bbox 1271 3482 1388 3546; x_wconf 75' lang='lat' dir='ltr'>eamdam</span> <span class='ocrx_word' id='word_1_461' title='bbox 1408 3487 1502 3533; x_wconf 84' lang='lat' dir='ltr'>meatus</span> <span class='ocrx_word' id='word_1_462' title='bbox 1521 3484 1665 3547; x_wconf 83' lang='lat' dir='ltr'>corpaseaia</span> <span class='ocrx_word' id='word_1_463' title='bbox 1681 3484 1719 3535; x_wconf 86' lang='lat' dir='ltr'>rei</span> <span class='ocrx_word' id='word_1_464' title='bbox 1734 3484 1858 3549; x_wconf 72' lang='lat' dir='ltr'>ingerantur</span> 
     </span>
     <span class='ocr_line' id='line_1_36' title="bbox 262 3567 1392 3637; baseline -0.001 -14"><span class='ocrx_word' id='word_1_465' title='bbox 262 3573 315 3624; x_wconf 82' lang='lat' dir='ltr'>siae</span> <span class='ocrx_word' id='word_1_466' title='bbox 332 3573 431 3623; x_wconf 78' lang='lat' dir='ltr'>civitate</span> <span class='ocrx_word' id='word_1_467' title='bbox 444 3572 535 3636; x_wconf 71' lang='lat' dir='ltr'>prebet</span> <span class='ocrx_word' id='word_1_468' title='bbox 551 3567 674 3623; x_wconf 83' lang='lat' dir='ltr'>u&#39;rbanitas</span> <span class='ocrx_word' id='word_1_469' title='bbox 686 3592 694 3623; x_wconf 77' lang='grc' dir='ltr'>ε</span> <span class='ocrx_word' id='word_1_470' title='bbox 706 3573 774 3636; x_wconf 84' lang='lat' dir='ltr'>atqui</span> <span class='ocrx_word' id='word_1_471' title='bbox 786 3574 872 3623; x_wconf 82' lang='lat' dir='ltr'>civitas</span> <span class='ocrx_word' id='word_1_472' title='bbox 888 3574 981 3623; x_wconf 86' lang='lat' dir='ltr'>urbana</span> <span class='ocrx_word' id='word_1_473' title='bbox 992 3576 1045 3637; x_wconf 85' lang='lat' dir='ltr'>est;</span> <span class='ocrx_word' id='word_1_474' title='bbox 1092 3572 1131 3621; x_wconf 83' lang='lat' dir='ltr'>rei</span> <span class='ocrx_word' id='word_1_475' title='bbox 1144 3586 1173 3622; x_wconf 84' lang='lat' dir='ltr'>ex</span> <span class='ocrx_word' id='word_1_476' title='bbox 1186 3572 1215 3621; x_wconf 86' lang='lat' dir='ltr'>iis</span> <span class='ocrx_word' id='word_1_477' title='bbox 1223 3577 1392 3635; x_wconf 74' lang='lat' dir='ltr'>eriperentur.</span> 
     </span>
    </p>

    <p class='ocr_par' dir='ltr' id='par_1_5' title="bbox 262 3648 1858 3733">
     <span class='ocr_line' id='line_1_37' title="bbox 262 3648 1858 3733; baseline -0.001 -24"><span class='ocrx_word' id='word_1_478' title='bbox 262 3660 314 3709; x_wconf 82' lang='lat' dir='ltr'>sine</span> <span class='ocrx_word' id='word_1_479' title='bbox 324 3659 377 3720; x_wconf 73' lang='lat' dir='ltr'>lege</span> <span class='ocrx_word' id='word_1_480' title='bbox 386 3663 467 3710; x_wconf 85' lang='lat' dir='ltr'>autem</span> <span class='ocrx_word' id='word_1_481' title='bbox 481 3660 566 3710; x_wconf 71' lang='lat' dir='ltr'>civitas</span> <span class='ocrx_word' id='word_1_482' title='bbox 579 3659 638 3711; x_wconf 84' lang='lat' dir='ltr'>niirii</span> <span class='ocrx_word' id='word_1_483' title='bbox 650 3660 760 3723; x_wconf 75' lang='lat' dir='ltr'>prodest3</span> <span class='ocrx_word' id='word_1_484' title='bbox 770 3674 826 3724; x_wconf 76' lang='lat' dir='ltr'>ergo</span> <span class='ocrx_word' id='word_1_485' title='bbox 838 3660 880 3711; x_wconf 87' lang='lat' dir='ltr'>iex</span> <span class='ocrx_word' id='word_1_486' title='bbox 891 3661 984 3711; x_wconf 85' lang='lat' dir='ltr'>urbana</span> <span class='ocrx_word' id='word_1_487' title='bbox 1000 3665 1044 3713; x_wconf 89' lang='lat' dir='ltr'>est.</span> <span class='ocrx_word' id='word_1_488' title='bbox 1122 3664 1177 3710; x_wconf 80' lang='lat' dir='ltr'>soc.</span> <span class='ocrx_word' id='word_1_489' title='bbox 1185 3660 1311 3723; x_wconf 75' lang='lat' dir='ltr'>Musicani,</span> <span class='ocrx_word' id='word_1_490' title='bbox 1322 3661 1487 3733; x_wconf 80' lang='lat' dir='ltr'>geometriam,</span> <span class='ocrx_word' id='word_1_491' title='bbox 1501 3648 1673 3729; x_wconf 76' lang='lat' dir='ltr'>astronomiam</span> <span class='ocrx_word' id='word_1_492' title='bbox 1683 3661 1778 3723; x_wconf 83' lang='lat' dir='ltr'>aliaque</span> <span class='ocrx_word' id='word_1_493' title='bbox 1790 3656 1858 3718; x_wconf 75' lang='lat' dir='ltr'>huju·</span> 
     </span>
    </p>

    <p class='ocr_par' dir='ltr' id='par_1_6' title="bbox 264 3745 1858 4255">
     <span class='ocr_line' id='line_1_38' title="bbox 265 3745 1820 3812; baseline -0.002 -15"><span class='ocrx_word' id='word_1_494' title='bbox 265 3745 418 3797; x_wconf 86' lang='lat' dir='ltr'>tiobtiitatem</span> <span class='ocrx_word' id='word_1_495' title='bbox 430 3760 488 3797; x_wconf 85' lang='lat' dir='ltr'>rere</span> <span class='ocrx_word' id='word_1_496' title='bbox 506 3750 532 3797; x_wconf 88' lang='lat' dir='ltr'>et</span> <span class='ocrx_word' id='word_1_497' title='bbox 550 3748 651 3808; x_wconf 76' lang='lat' dir='ltr'>noriam</span> <span class='ocrx_word' id='word_1_498' title='bbox 663 3750 690 3799; x_wconf 88' lang='lat' dir='ltr'>et</span> <span class='ocrx_word' id='word_1_499' title='bbox 699 3752 786 3799; x_wconf 73' lang='lat' dir='ltr'>netes</span> <span class='ocrx_word' id='word_1_500' title='bbox 798 3748 916 3811; x_wconf 74' lang='lat' dir='ltr'>eiusmodi</span> <span class='ocrx_word' id='word_1_501' title='bbox 935 3749 1046 3809; x_wconf 81' lang='lat' dir='ltr'>ridebat,</span> <span class='ocrx_word' id='word_1_502' title='bbox 1090 3747 1256 3811; x_wconf 74' lang='lat' dir='ltr'>mediatoriis,</span> <span class='ocrx_word' id='word_1_503' title='bbox 1268 3750 1296 3798; x_wconf 87' lang='lat' dir='ltr'>ut</span> <span class='ocrx_word' id='word_1_504' title='bbox 1307 3748 1402 3799; x_wconf 82' lang='lat' dir='ltr'>inutilia</span> <span class='ocrx_word' id='word_1_505' title='bbox 1413 3762 1492 3812; x_wconf 84' lang='lat' dir='ltr'>neque</span> <span class='ocrx_word' id='word_1_506' title='bbox 1500 3750 1635 3801; x_wconf 82' lang='lat' dir='ltr'>necessaria</span> <span class='ocrx_word' id='word_1_507' title='bbox 1646 3748 1820 3799; x_wconf 83' lang='lat' dir='ltr'>contemnebat.</span> 
     </span>
     <span class='ocr_line' id='line_1_39' title="bbox 265 3829 1858 3901; baseline 0.003 -20"><span class='ocrx_word' id='word_1_508' title='bbox 265 3832 364 3882; x_wconf 77' lang='lat' dir='ltr'>matitia</span> <span class='ocrx_word' id='word_1_509' title='bbox 386 3837 528 3885; x_wconf 86' lang='lat' dir='ltr'>ornamenta</span> <span class='ocrx_word' id='word_1_510' title='bbox 549 3849 604 3886; x_wconf 86' lang='lat' dir='ltr'>esse</span> <span class='ocrx_word' id='word_1_511' title='bbox 628 3836 726 3900; x_wconf 82' lang='lat' dir='ltr'>diceas,</span> <span class='ocrx_word' id='word_1_512' title='bbox 744 3838 870 3901; x_wconf 83' lang='lat' dir='ltr'>soianrqae</span> <span class='ocrx_word' id='word_1_513' title='bbox 891 3851 972 3889; x_wconf 79' lang='lat' dir='ltr'>veram</span> <span class='ocrx_word' id='word_1_514' title='bbox 995 3850 1047 3888; x_wconf 86' lang='lat' dir='ltr'>esse</span> <span class='ocrx_word' id='word_1_515' title='bbox 1123 3841 1179 3887; x_wconf 73' lang='lat' dir='ltr'>tot.</span> <span class='ocrx_word' id='word_1_516' title='bbox 1197 3838 1313 3899; x_wconf 76' lang='lat' dir='ltr'>Diogenes</span> <span class='ocrx_word' id='word_1_517' title='bbox 1328 3838 1479 3901; x_wconf 77' lang='lat' dir='ltr'>Sinopensis,</span> <span class='ocrx_word' id='word_1_518' title='bbox 1500 3852 1575 3901; x_wconf 88' lang='lat' dir='ltr'>quum</span> <span class='ocrx_word' id='word_1_519' title='bbox 1589 3838 1620 3888; x_wconf 90' lang='lat' dir='ltr'>ad</span> <span class='ocrx_word' id='word_1_520' title='bbox 1632 3842 1770 3889; x_wconf 82' lang='lat' dir='ltr'>extremum</span> <span class='ocrx_word' id='word_1_521' title='bbox 1791 3829 1858 3885; x_wconf 77' lang='lat' dir='ltr'>norit</span> 
     </span>
     <span class='ocr_line' id='line_1_40' title="bbox 265 3914 1858 3989; baseline 0.001 -20"><span class='ocrx_word' id='word_1_522' title='bbox 265 3919 438 3982; x_wconf 80' lang='lat' dir='ltr'>rempublicam</span> <span class='ocrx_word' id='word_1_523' title='bbox 451 3935 507 3985; x_wconf 80' lang='lat' dir='ltr'>que</span> <span class='ocrx_word' id='word_1_524' title='bbox 515 3922 600 3973; x_wconf 81' lang='lat' dir='ltr'>mundi</span> <span class='ocrx_word' id='word_1_525' title='bbox 613 3924 723 3974; x_wconf 83' lang='lat' dir='ltr'>terminia</span> <span class='ocrx_word' id='word_1_526' title='bbox 738 3926 919 3989; x_wconf 82' lang='lat' dir='ltr'>circumscripta</span> <span class='ocrx_word' id='word_1_527' title='bbox 933 3928 1001 3976; x_wconf 86' lang='lat' dir='ltr'>ieret.</span> <span class='ocrx_word' id='word_1_528' title='bbox 1091 3923 1181 3973; x_wconf 83' lang='lat' dir='ltr'>exitiali</span> <span class='ocrx_word' id='word_1_529' title='bbox 1191 3920 1400 3986; x_wconf 67' lang='lat' dir='ltr'>correpsisset,</span> <span class='ocrx_word' id='word_1_530' title='bbox 1412 3926 1451 3975; x_wconf 80' lang='lat' dir='ltr'>rix</span> <span class='ocrx_word' id='word_1_531' title='bbox 1465 3925 1573 3976; x_wconf 87' lang='lat' dir='ltr'>membra</span> <span class='ocrx_word' id='word_1_532' title='bbox 1583 3926 1704 3977; x_wconf 83' lang='lat' dir='ltr'>sustinens</span> <span class='ocrx_word' id='word_1_533' title='bbox 1712 3926 1744 3977; x_wconf 88' lang='lat' dir='ltr'>de</span> <span class='ocrx_word' id='word_1_534' title='bbox 1754 3914 1858 3988; x_wconf 73' lang='lat' dir='ltr'>pontiu!⁰</span> 
     </span>
     <span class='ocr_line' id='line_1_41' title="bbox 299 4010 1857 4079; baseline -0.001 -18"><span class='ocrx_word' id='word_1_535' title='bbox 299 4018 352 4063; x_wconf 76' lang='lat' dir='ltr'>sss.</span> <span class='ocrx_word' id='word_1_536' title='bbox 369 4011 471 4063; x_wconf 67' lang='lat' dir='ltr'>fluebat</span> <span class='ocrx_word' id='word_1_537' title='bbox 492 4018 517 4063; x_wconf 86' lang='lat' dir='ltr'>st</span> <span class='ocrx_word' id='word_1_538' title='bbox 542 4012 656 4065; x_wconf 85' lang='lat' dir='ltr'>mutieres</span> <span class='ocrx_word' id='word_1_539' title='bbox 682 4028 823 4066; x_wconf 84' lang='lat' dir='ltr'>commones</span> <span class='ocrx_word' id='word_1_540' title='bbox 844 4030 897 4067; x_wconf 87' lang='lat' dir='ltr'>esse</span> <span class='ocrx_word' id='word_1_541' title='bbox 919 4021 1045 4079; x_wconf 86' lang='lat' dir='ltr'>oportere,</span> <span class='ocrx_word' id='word_1_542' title='bbox 1091 4024 1165 4075; x_wconf 85' lang='lat' dir='ltr'>prope</span> <span class='ocrx_word' id='word_1_543' title='bbox 1178 4013 1330 4073; x_wconf 76' lang='lat' dir='ltr'>gymnasium</span> <span class='ocrx_word' id='word_1_544' title='bbox 1345 4013 1430 4064; x_wconf 82' lang='lat' dir='ltr'>sitose</span> <span class='ocrx_word' id='word_1_545' title='bbox 1444 4013 1628 4078; x_wconf 77' lang='lat' dir='ltr'>deiecit,atqus</span> <span class='ocrx_word' id='word_1_546' title='bbox 1642 4014 1742 4078; x_wconf 84' lang='lat' dir='ltr'>insuper</span> <span class='ocrx_word' id='word_1_547' title='bbox 1758 4010 1857 4077; x_wconf 64' lang='lat' dir='ltr'>palestre</span> 
     </span>
     <span class='ocr_line' id='line_1_42' title="bbox 264 4089 1856 4173; baseline -0.002 -24"><span class='ocrx_word' id='word_1_548' title='bbox 264 4100 443 4150; x_wconf 84' lang='lat' dir='ltr'>matrimonium</span> <span class='ocrx_word' id='word_1_549' title='bbox 453 4101 548 4151; x_wconf 80' lang='lat' dir='ltr'>nulium</span> <span class='ocrx_word' id='word_1_550' title='bbox 561 4104 685 4166; x_wconf 81' lang='lat' dir='ltr'>statuens,</span> <span class='ocrx_word' id='word_1_551' title='bbox 699 4102 742 4153; x_wconf 86' lang='lat' dir='ltr'>sed</span> <span class='ocrx_word' id='word_1_552' title='bbox 756 4104 898 4168; x_wconf 83' lang='lat' dir='ltr'>utquisque</span> <span class='ocrx_word' id='word_1_553' title='bbox 912 4106 979 4156; x_wconf 88' lang='lat' dir='ltr'>aiteri</span> <span class='ocrx_word' id='word_1_554' title='bbox 991 4118 1045 4169; x_wconf 89' lang='lat' dir='ltr'>per·</span> <span class='ocrx_word' id='word_1_555' title='bbox 1091 4100 1186 4150; x_wconf 85' lang='lat' dir='ltr'>custodi</span> <span class='ocrx_word' id='word_1_556' title='bbox 1196 4100 1332 4157; x_wconf 82' lang='lat' dir='ltr'>mandavit,</span> <span class='ocrx_word' id='word_1_557' title='bbox 1344 4103 1373 4151; x_wconf 85' lang='lat' dir='ltr'>ut</span> <span class='ocrx_word' id='word_1_558' title='bbox 1388 4104 1515 4165; x_wconf 84' lang='lat' dir='ltr'>postquam</span> <span class='ocrx_word' id='word_1_559' title='bbox 1525 4102 1659 4173; x_wconf 72' lang='lat' dir='ltr'>exspirasse</span> <span class='ocrx_word' id='word_1_560' title='bbox 1670 4103 1751 4166; x_wconf 88' lang='lat' dir='ltr'>ipsam</span> <span class='ocrx_word' id='word_1_561' title='bbox 1767 4089 1856 4149; x_wconf 73' lang='lat' dir='ltr'>animai·</span> 
     </span>
     <span class='ocr_line' id='line_1_43' title="bbox 268 4185 1857 4255; baseline 0.001 -21"><span class='ocrx_word' id='word_1_562' title='bbox 268 4185 397 4248; x_wconf 79' lang='lat' dir='ltr'>suasisset,</span> <span class='ocrx_word' id='word_1_563' title='bbox 411 4186 444 4235; x_wconf 87' lang='lat' dir='ltr'>ita</span> <span class='ocrx_word' id='word_1_564' title='bbox 456 4187 538 4237; x_wconf 81' lang='lat' dir='ltr'>virum</span> <span class='ocrx_word' id='word_1_565' title='bbox 547 4200 603 4238; x_wconf 88' lang='lat' dir='ltr'>cnm</span> <span class='ocrx_word' id='word_1_566' title='bbox 613 4188 699 4239; x_wconf 83' lang='lat' dir='ltr'>iemim</span> <span class='ocrx_word' id='word_1_567' title='bbox 711 4189 784 4253; x_wconf 88' lang='lat' dir='ltr'>coire,</span> <span class='ocrx_word' id='word_1_568' title='bbox 797 4203 984 4255; x_wconf 82' lang='lat' dir='ltr'>communesque</span> <span class='ocrx_word' id='word_1_569' title='bbox 993 4190 1047 4242; x_wconf 83' lang='lat' dir='ltr'>ideo</span> <span class='ocrx_word' id='word_1_570' title='bbox 1090 4188 1252 4251; x_wconf 79' lang='lat' dir='ltr'>vertisset,iu</span> <span class='ocrx_word' id='word_1_571' title='bbox 1264 4188 1358 4239; x_wconf 82' lang='lat' dir='ltr'>iiissum</span> <span class='ocrx_word' id='word_1_572' title='bbox 1368 4188 1490 4254; x_wconf 85' lang='lat' dir='ltr'>abjiceret.</span> <span class='ocrx_word' id='word_1_573' title='bbox 1521 4190 1588 4242; x_wconf 83' lang='lat' dir='ltr'>Adeo</span> <span class='ocrx_word' id='word_1_574' title='bbox 1600 4190 1690 4243; x_wconf 85' lang='lat' dir='ltr'>seilicet</span> <span class='ocrx_word' id='word_1_575' title='bbox 1703 4187 1857 4241; x_wconf 74' lang='lat' dir='ltr'>mortiseisi·</span> 
     </span>
    </p>

    <p class='ocr_par' dir='ltr' id='par_1_7' title="bbox 230 4262 1932 4342">
     <span class='ocr_line' id='line_1_44' title="bbox 230 4262 1932 4342; baseline 0.009 -24"><span class='ocrx_word' id='word_1_576' title='bbox 230 4285 235 4295; x_wconf 90' lang='lat'><em>·</em></span> <span class='ocrx_word' id='word_1_577' title='bbox 265 4266 420 4328; x_wconf 74' lang='lat' dir='ltr'>niiosiraberi</span> <span class='ocrx_word' id='word_1_578' title='bbox 435 4270 530 4323; x_wconf 85' lang='lat' dir='ltr'>debere.</span> <span class='ocrx_word' id='word_1_579' title='bbox 964 4329 969 4339; x_wconf 67' lang='grc'>,</span> <span class='ocrx_word' id='word_1_580' title='bbox 1093 4278 1197 4340; x_wconf 82' lang='lat' dir='ltr'>pniturn</span> <span class='ocrx_word' id='word_1_581' title='bbox 1209 4278 1343 4328; x_wconf 84' lang='lat' dir='ltr'>incuriosus</span> <span class='ocrx_word' id='word_1_582' title='bbox 1354 4283 1407 4328; x_wconf 89' lang='lat' dir='ltr'>erat</span> <span class='ocrx_word' id='word_1_583' title='bbox 1417 4278 1542 4342; x_wconf 81' lang='lat' dir='ltr'>Diogenes.</span> <span class='ocrx_word' id='word_1_584' title='bbox 1931 4262 1932 4265; x_wconf 8' lang='grc' dir='ltr'><strong>Ἰ</strong></span> 
     </span>
    </p>
   </div>
   <div class='ocr_carea' id='block_1_5' title="bbox 0 0 1990 5924">
    <p class='ocr_par' dir='ltr' id='par_1_8' title="bbox 0 0 1990 5924">
     <span class='ocr_line' id='line_1_45' title="bbox 0 0 1990 5924; baseline 0 0"><span class='ocrx_word' id='word_1_585' title='bbox 0 0 1990 5924; x_wconf 95' lang='lat' dir='ltr'> </span> 
     </span>
    </p>
   </div>
  </div>
 </body>
</html>
