3959 5925
719 365 886 426 OEnollm
906 366 1151 428 FRAGMENTA.
1671 385 1728 437 369

137 498 218 569 θάνοι,
233 494 334 567 ἡπόλις
348 494 507 566 σωθήσεται,
524 494 583 552 ἀλλ’
597 492 637 552 ότι
651 494 669 564 ἢ
682 492 759 570 μόνος
772 498 910 554 ἀπολεῖται
953 496 1058 575 ὐρύξασι
1071 497 1244 575 προσιτίθεις,
1262 498 1373 559 ἀλλ’ὅτι
1395 502 1424 559 οὐ
1441 502 1512 562 δοκεῖ
1529 506 1568 581 τῷ
1589 504 1632 565 Διί
1647 506 1728 580 αὐτὴν
1827 524 1833 538 ·

135 586 183 657 ἢή
204 583 333 660 σύμπασα
347 582 433 648 πόλις·
447 579 562 640 τούτοδί
577 584 603 640 ἐν
626 581 742 661 ἑκατέρῳ
762 579 908 661 ἀνεύθυνον,
952 589 1031 656 νῆσον
1053 576 1127 645 εἶναι.
1169 585 1216 646 Ἐν
1239 585 1286 662 μὲν
1309 578 1352 645 οὐν
1377 591 1409 664 τῇ
1436 590 1570 669 ἀποτροπῇ
1595 593 1728 675 ἀμφύτερα

136 672 181 732 καί
196 670 275 747 μόνου
295 671 374 727 αὐτοῦ
391 666 568 745 ἀπολουμίνου
581 667 627 727 καί
641 668 678 745 μὴ
694 668 783 745 μόνου.
825 660 910 738 Οὐτος
953 674 1130 755 ὐσόρροπσ,ἐν
1140 673 1358 755 δὲτῇπροτροπῇ
1368 676 1398 734 τδ
1408 677 1586 757 διαφεύξεσθαι
1598 690 1727 761 προεῖχον·
1832 672 1837 693 ⁵

134 762 163 822 δὲ
177 758 315 839 τύφουκαὶ
329 755 471 837 ἀφροσύνης
485 756 592 835 καρπός.
786 820 788 822 ,
953 760 1072 834 havith
1085 763 1199 842 ἀσφαλὲς
1209 754 1240 835 ἦν
1255 767 1292 843 τῷ
1305 769 1414 845 σοφιστῇ
1426 766 1456 824 τδ
1470 767 1632 847 ἀνατρέπειν.
1665 772 1727 831 Οὐ·

175 846 330 926 (Eusebius
343 847 473 923 Praepar.
489 844 601 920 Evang.
620 844 673 903 lib.
687 844 789 923 Vcap.
806 846 907 917 all-25,
952 874 1003 917 τως
1023 873 1052 909 τε
1070 849 1143 911 οὐδὲν
1163 850 1242 909 εἰπὼν
1263 844 1299 910 ὧν
1313 850 1390 912 ineas
1404 844 1471 926 ἦσαν
1493 855 1644 936 ἀφιγμένοι,
1660 859 1727 920 ἀπί-

134 958 201 1016 pag.
226 936 283 994 218
310 935 335 991 D
357 953 414 1010 seq.
439 933 487 992 ed.
511 933 610 1010 Viger.
630 934 702 1011 [voi.
724 934 739 991 l
760 952 825 1011 pag.
850 935 906 1000 t63
951 941 1058 1075 πεμχας
1070 938 1201 1015 οἰομένους
1215 938 1355 1011 ἀκηκοέναι
1368 963 1402 998 τι.

133 1046 193 1103 seq.
212 1024 257 1082 ed.
273 1020 434 1097 Gaissord.]
459 1020 592 1098 Scripsi:
609 1027 620 1055 ⁸
635 1020 693 1078 οὐκί
712 1031 744 1077 ut
759 1019 836 1098 apud
852 1019 908 1077 }ie-
994 1016 1002 1097 (
1029 1016 1148 1076 usebius
1171 1017 1298 1095 Pru-par.
1311 1018 1421 1096 Evang.
1436 1020 1488 1082 lib.
1506 1021 1529 1078 V
1547 1041 1611 1101 cap.
1626 1026 1726 1098 25-26,

132 1111 265 1177 nodotum
279 1108 347 1180 vll,
361 1129 428 1181 τους
442 1108 524 1168 codd.
542 1105 611 1186 οὐχί.
624 1104 685 1151 -θ
698 1109 810 1185 βασιλῆς
821 1105 905 1163 codd.
951 1123 1018 1181 pag.
1036 1124 1093 1162 cao
1109 1105 1131 1162 C
1149 1124 1207 1182 seq.
1223 1106 1269 1163 ed.
1285 1106 1382 1183 Vigor.
1402 1108 1499 1185 [vohl
1516 1129 1580 1187 pag.
1594 1112 1650 1185 467
1664 1132 1725 1191 seq.

133 1198 264 1277 fimum)
951 1194 998 1253 ed.
1022 1193 1182 1269 Gaissord.]
1208 1193 1319 1271 Scripsi
1339 1195 1494 1273 :¹'lchpdv
1518 1196 1545 1256 δὲ
1561 1196 1613 1275 μὴ;
1639 1202 1723 1262 codd.

171 1307 195 1347 s.
217 1283 297 1344 ’ulit
306 1290 387 1344 ταῦτα
398 1283 445 1358 μὲν
455 1283 547 1361 ταύτῃ.
589 1284 648 1343 Οὐκ
657 1279 760 1349 ἀξιονδὲ
769 1283 906 1360 παρελθεῖν
951 1280 1056 1358 Ἰσθμὸν
1070 1278 1116 1356 μὴ.
1129 1278 1276 1354 Alto,
1292 1283 1374 1342 codd.
1387 1275 1439 1360 οὐ.)
1491 1330 1497 1348 ,

131 1373 176 1431 καὶ
199 1371 266 1452 ἅπερ
291 1370 404 1437 Κνιδίοις
423 1367 519 1450 ἔχρησε
541 1370 620 1429 πόλιν
637 1368 784 1448 εὐχομένοις
801 1370 845 1427 καὶ
858 1368 906 1441 τὴν
988 1389 1013 1429 a.
1036 1371 1130 1428 Ταῦτα
1150 1367 1177 1425 δὲ
1193 1358 1307 1445 ἡγούμάι
1325 1370 1355 1429 τδ
1372 1370 1479 1449 ἀδρανὲς
1493 1375 1544 1430 τῶν
1560 1396 1588 1433 τε
1601 1373 1724 1455 χρώντων

130 1459 203 1537 παρδι
217 1458 262 1518 τού
276 1462 335 1518 θεοῦ
347 1456 502 1536 συμμαχίαν
517 1459 640 1515 αἰτοῦσιν.
680 1452 801 1517 'Ennius
817 1454 904 1514 δὲκαὶ
949 1457 1069 1515 καὶτῶν
1093 1454 1237 1535 χρωμένων
1265 1457 1419 1537 ἀπελέγχειν
1442 1462 1590 1541 αὐτάρκως,
1615 1463 1660 1522 καὶ
1685 1464 1724 1524 ότι

129 1550 153 1604 οἱ
178 1547 278 1607 Κνίδιοι
302 1546 385 1627 τούτῳ
414 1546 564 1626 προσεοικὸς
588 1545 720 1624 Ἁρπάγου
749 1547 791 1616 inf
812 1544 904 1612 αὐτούς
949 1544 1030 1621 μηδὲν
1045 1539 1170 1615 ἀληθίςῆ
1191 1541 1275 1602 tilido
1290 1546 1359 1603 ἔστιν
1377 1550 1459 1623 εὑρεῖν
1480 1549 1507 1604 ἓν
1530 1549 1583 1616 τοῖς
1597 1550 1724 1627 δηλουμέ-

130 1635 344 1713 στρατεύσαντος.
386 1633 438 1694 Th
460 1632 511 1713 γδρ
529 1632 634 1711 Ἰσθμὸν
648 1634 693 1711 ιτδν
708 1631 796 1692 αὐτόθι
813 1633 903 1691 διακό-
947 1655 1010 1698 νοις.
1051 1631 1090 1691 Τὸ
1104 1632 1132 1689 δὲ
1147 1630 1308 1710 κακότροπον
1322 1637 1369 1690 τοῦ
1381 1631 1459 1704 ἤθους
1472 1633 1524 1692 είτε
1535 1640 1587 1693 τῶν
1603 1644 1722 1718 πονηρῶν

129 1744 203 1780 πτειν
218 1724 409 1803 ἐπιχειροῦντες
423 1720 469 1779 καί
486 1720 535 1792 τὴν
547 1720 622 1779 πόλιν
640 1728 796 1791 νησοποιεῖν,
810 1717 843 1776 sd
856 1716 903 1793 μὲν
947 1718 1078 1793 δαιμόνων
1093 1718 1144 1776 εἴτε
1164 1721 1215 1776 τῶν
1230 1719 1262 1778 ad
1277 1727 1386 1795 μαντεῖα
1401 1724 1658 1803 καθυποκρινομίνων
1678 1729 1723 1785 ἀν-

129 1812 221 1886 πρῶτα
242 1814 290 1867 τοῦ
312 1808 387 1888 ἔργου
408 1808 520 1887 εἴχοντο·
533 1806 589 1868 ἐπεὶ
610 1807 637 1867 δὲ
658 1808 743 1872 αὐτοῖς
761 1803 865 1875 ἀπήντα
886 1808 902 1875 ἡ
948 1810 1015 1886 δρῶν
1035 1807 1098 1874 lior<
1112 1807 1154 1885 lh,
1169 1810 1191 1866 εί
1205 1806 1295 1885 μάθοις
1308 1812 1343 1875 ὡς
1358 1806 1403 1867 καί
1419 1811 1454 1876 είς
1474 1810 1518 1868 τδν
1532 1816 1589 1873 κατ’
1602 1812 1722 1885 ἀλλήλων

129 1896 257 1974 ἐργασία,
274 1895 478 1974 ἀπαγορεύοντες
498 1895 551 1967 ἤδη
565 1897 689 1976 ἐχρῶντο.
707 1893 746 1953 Σύ
772 1892 799 1953 δὲ
815 1894 902 1958 αὐτοῖς
946 1894 1061 1971 πόλεμον
1077 1891 1135 1961 τούς
1156 1894 1305 1973 χρωμένους
1319 1897 1406 1962 αὐτοῖς
1419 1894 1546 1975 ἠρίθιζον,
1562 1900 1663 1978 εἰρήνης
1677 1903 1723 1962 καί

130 1974 219 2057 εἶπας,
948 1982 1034 2062 φιλίας
1056 1980 1111 2039 δίον
1134 1980 1225 2047 αὐτούς
1247 1972 1313 2041 εἶναι
1337 1982 1493 2063 βραύευτοίς.
1535 1984 1601 2046 Τοτὲ
1616 1988 1663 2063 μὲν
1678 1980 1721 2047 οὐν

947 2068 1167 2147 Λακεδαιμονίους
1180 2072 1215 2136 ὡς
1226 2068 1256 2127 δν
1270 2071 1378 2137 οἰκείους
1391 2070 1435 2130 καί
1447 2061 1535 2154 φίλους
1549 2078 1563 2133 ὁ
1577 2078 1603 2133 ἐν
1614 2078 1723 2158 Δελφοῖς

947 2157 1025 2216 πόλιν
1039 2156 1107 2216 κατδι
1122 2155 1279 2227 Μεσσηνίων
1293 2157 1443 2239 παροξύνει,
1455 2160 1513 2219 coci
1529 2163 1552 2220 δ’
1568 2154 1601 2221 αὐ
1613 2167 1722 2237 Μεσση·

944 2244 1007 2313 νίοις
1024 2244 1092 2305 κατδι
1109 2246 1323 2323 Λακεδαιμονίων
1336 2257 1404 2327 χρᾷ,
1419 2252 1441 2306 si
1453 2249 1531 2309 πάλιν
1544 2242 1614 2309 αὐτοι
1628 2254 1661 2310 δι’
1676 2258 1722 2311 ἀν·

126 2341 181 2401 Καὶ
192 2344 216 2399 oi
231 2340 326 2419 βλόκες
342 2341 508 2414 ἐπείσθησαν,
524 2340 569 2399 καὶ
590 2339 799 2420 ἀποτραπόμενοι
816 2338 900 2417 παρέ-
947 2332 1125 2413 dpoinodueiaq
1138 2333 1269 2391 ίθᾶσῐιινῖθ
1281 2328 1341 2402 170ὺύ
1349 2334 1484 2406 δαίμονας·
1514 2332 1616 2397 Ἄκουε
1633 2342 1660 2397 δὲ
1676 2342 1722 2401 καὶ

125 2430 211 2487 δωκαν
234 2427 339 2493 ἑαυτούς
364 2431 401 2509 τῷ
422 2427 554 2508 Ἁρπόγω.
597 2430 637 2488 Ti
657 2429 684 2486 di
706 2427 896 2509 ῥᾳδιούργημα.
945 2421 977 2479 sl
990 2422 1051 2502 περὶ
1065 2420 1172 2481 τούτων.
1215 2420 1364 2500 Ἐπικρινεῒ
1387 2421 1412 2479 ll
1427 2422 1461 2480 τδι
1483 2430 1618 2496 τοιαῦταί,
1641 2425 1719 2507 σοφία

124 2515 202 2575 Ἐπεί
216 2515 266 2593 γδρ
288 2517 334 2574 οὐκ
353 2508 385 2586 ἦν
407 2516 510 2594 βίύαιος
530 2496 651 2596 ἀποφυγθ,
673 2513 899 2593 ὀρύξασι,τούτου
944 2514 1065 2591 παροῦσα
1089 2512 1122 2586 τῇ
1146 2510 1276 2585 μαντικῇ,
1302 2508 1346 2565 καί
1372 2512 1418 2567 οὐκ
1443 2510 1573 2590 ἐπιτρίψει
1597 2512 1664 2591 αὐτῇ
1685 2517 1720 2581 ὡς

124 2601 171 2677 μὲν
185 2602 314 2669 ἔπαυσας·
326 2605 360 2670 ὡς
374 2602 401 2662 δὲ
416 2602 453 2680 μὴ
468 2603 579 2665 κελεύων
594 2606 669 2681 ἔργου
683 2603 804 2680 ἔχεσθαι,
817 2604 898 2677 ἀπαγ-
944 2599 1019 2675 ἔτυχε
1033 2595 1214 2670 διαλέγεσθαι,
1228 2594 1273 2652 ἅτε
1288 2593 1319 2663 δὴ
1333 2597 1384 2653 τῶν
1399 2595 1503 2654 πόντων
1515 2598 1669 2677 ἀναψαμένη
1684 2600 1718 2659 cdl

123 2691 202 2766 γέλλῃ
217 2688 264 2761 τὴν
280 2689 425 2770 ἀποφυγήν.
468 2695 552 2750 Τοῦτο
564 2689 590 2747 δὲ
604 2693 632 2749 οὐ
644 2690 675 2749 τὸ
687 2689 764 2747 λώϊον
779 2679 845 2747 εἶναι
860 2686 897 2763 μὴ
944 2684 1098 2760 πείσματα,
1117 2683 1162 2739 καὶ
1183 2682 1321 2758 ἐπιθεμένη
1344 2682 1377 2738 τδι
1401 2684 1540 2761 πρεσόεῖα·
1553 2686 1607 2743 οὐδ’
1628 2687 1718 2767 ἐφήσει

206 2111 310 2188 Ἰσθμὸν
324 2110 350 2170 δὲ
366 2112 402 2189 μὴ
415 2117 559 2191 πυργοῦτε,
572 2110 633 2185 μηδ’
647 2109 781 2189 ὀρύσσετε·
832 2185 834 2188 Ι
879 2170 885 2179 ,

204 2198 269 2265 Ζεὺς
280 2200 331 2279 γάρ
342 2204 367 2256 κ’
378 2199 454 2270 ἔθηκε
467 2203 560 2271 νῆσον,
576 2197 628 2258 αίκ’
641 2196 772 2257 ἐύσύλετο.

123 2858 170 2906 rim
180 2856 282 2905 induciae
294 2861 359 2905 metu
371 2870 453 2906 vacuae
464 2870 479 2906 a
490 2856 612 2918 spartanis
622 2857 711 2917 optima
724 2868 826 2917 quaque
843 2866 898 2916 spe-
942 2848 1152 2913 nequaquamq'us
1162 2848 1287 2897 inchoandi
1297 2851 1389 2910 auctor,
1398 2849 1528 2911 erlugtendi
1537 2864 1605 2914 spem
1615 2854 1717 2918 aliquam

123 2941 232 2993 rantibus
243 2942 395 3003 agitarentur.
428 2941 473 2991 sed
489 2942 541 2991 sire
561 2942 685 3002 caperetur
699 2940 771 3002 urbs,
789 2940 840 2989 sive
858 2952 897 3000 pe·
941 2936 1116 2989 ihisoslendis.
1149 2938 1233 3010 ¹lleque
1253 2940 1347 2998 lamen,
1361 2936 1380 2987 si
1399 2950 1413 2986 a
1434 2937 1585 2990 sullodieudo
1600 2953 1626 2992 sa
1642 2941 1717 2992 absti-

122 3030 227 3080 riculum
249 3030 378 3092 eltugeret,
397 3034 479 3079 umen
509 3029 663 3079 nihilominus
687 3032 774 3079 lectam
802 3041 898 3076 manere
941 3027 1050 3088 nuerinl,
1075 3025 1192 3076 iuberem
1219 3025 1311 3075 exilum
1340 3024 1472 3088 polliceris,
1487 3027 1529 3080 sed
1555 3028 1600 3079 hoc
1625 3030 1717 3080 tautum

122 3119 307 3169 cavillationem.
319 3120 369 3167 cur
378 3117 563 3174 laodethuia
575 3129 739 3178 nequaquam,
751 3129 793 3179 per
802 3117 896 3174 iovem,
942 3127 1041 3176 moues,
1053 3127 1100 3163 nou
1117 3113 1211 3176 plaeere
1231 3113 1286 3162 tori
1306 3113 1389 3162 urbem
1412 3113 1513 3164 insulam
1534 3115 1592 3166 lieri.
1625 3117 1717 3180 Quippe

122 3207 216 3255 dixerat
235 3206 348 3267 vates,ai
364 3218 407 3254 rex
427 3204 629 3268 periret,saivam
642 3205 840 3264 loreciritalem,
854 3203 897 3253 sed
940 3203 1082 3265 apparebat,
1108 3201 1128 3250 si
1143 3200 1305 3262 dehortatore,
1332 3213 1414 3262 parem
1436 3203 1461 3251 iu
1476 3205 1603 3266 utramque
1625 3208 1716 3268 partem

120 3298 228 3355 tantuin,
242 3297 284 3343 aul
296 3307 371 3343 unum
388 3307 479 3354 regem,
495 3295 538 3343 aut
557 3294 693 3343 universam
706 3293 826 3342 civilatem
844 3306 897 3342 esse
941 3290 1047 3353 responsi
1059 3290 1108 3338 vim
1121 3289 1185 3350 tore;
1198 3289 1308 3338 siautem
1320 3288 1453 3350 hortarere,
1465 3291 1566 3342 salutem
1578 3293 1716 3355 praedictam

123 3381 259 3444 perituram.
292 3382 319 3432 ld
339 3395 396 3431 vero
418 3382 516 3444 impune
535 3382 560 3430 iu
583 3385 708 3443 utrunque
726 3383 832 3443 perlem,
845 3382 897 3430 sire
941 3392 1009 3440 posse
1025 3377 1108 3429 videri.
1133 3379 1213 3434 Quare
1228 3375 1348 3425 dehortari
1368 3377 1439 3426 modo
1452 3379 1530 3427 hilum
1542 3392 1595 3430 esse
1607 3381 1714 3443 sophista

119 3468 185 3519 solos
199 3470 250 3531 ipse
264 3470 365 3531 periret,
379 3470 431 3519 sive
446 3483 493 3518 uon
509 3469 587 3528 solus,
604 3469 677 3531 accipi
695 3472 784 3530 posset.
817 3471 895 3530 Atque
940 3467 1046 3530 putabat.
1079 3467 1156 3526 Atque
1176 3465 1220 3513 hoc
1241 3464 1311 3512 modo
1325 3464 1381 3513 nillil
1402 3477 1497 3526 eorum,
1518 3479 1621 3527 quorum
1640 3480 1713 3517 causo

120 3557 160 3606 hic
173 3555 270 3604 demum
283 3559 320 3606 eal
333 3557 474 3618 arrogmlile
485 3570 515 3605 ac
529 3557 655 3606 dementiae
671 3557 771 3605 tructus.
939 3554 1099 3617 advenerant,
1120 3553 1214 3602 locutos
1233 3551 1333 3601 miseros
1352 3550 1475 3612 dimisisti,
1500 3552 1541 3613 qui
1561 3565 1614 3604 sese
1634 3556 1713 3604 tamen

151 3650 174 3691 s.
193 3643 238 3692 Sed
253 3642 305 3691 haec
316 3643 440 3716 hactenus.
474 3645 594 3693 caeterum
608 3657 655 3692 non
672 3643 740 3692 decet
752 3644 894 3704 praetermil·
939 3641 1029 3704 aliquid
1040 3640 1159 3690 audivisse
1170 3639 1333 3702 opinabantur.

119 3734 170 3780 tere
184 3731 256 3780 etiam
268 3730 327 3779 illud
340 3731 570 3794 responsum,quod
587 3744 671 3780 rursus
682 3731 772 3779 Cnidiis
790 3745 891 3792 precau-
969 3739 993 3780 9.
1011 3733 1055 3780 llis
1076 3730 1186 3792 equidem
1215 3728 1326 3776 existimo
1352 3732 1399 3774 lam
1427 3727 1618 3788 respondentium
1641 3743 1712 3792 quam

118 3819 183 3867 tihus
205 3816 292 3880 deique
311 3818 427 3866 auxilium
452 3817 633 3879 implorantibus
660 3818 771 3867 reddidit.
803 3819 894 3868 Accidit
938 3817 1111 3866 consulentium
1124 3813 1311 3863 imbecillitatem
1322 3811 1451 3874 omniaque
1464 3813 1504 3864 illa
1520 3817 1614 3864 oracula
1635 3829 1713 3880 neqim

120 3911 215 3967 aulem,
226 3905 365 3967 inquiline,
382 3906 405 3954 et
415 3904 504 3954 Cnidiis
513 3904 590 3954 simite
600 3904 672 3966 quid,
689 3917 764 3967 quum
771 3908 895 3967 Harpagus
938 3915 995 3954 uera
1008 3916 1061 3952 esse
1080 3914 1158 3964 nequo
1177 3899 1259 3948 divina
1279 3898 1374 3948 abunde
1388 3901 1492 3962 coargui.
1524 3905 1578 3951 lam
1597 3916 1655 3954 vero
1670 3919 1712 3954 ne·

119 3992 294 4052 expeditionem
306 3991 420 4041 adversus
442 4004 484 4041 eos
508 3992 658 4053 suscepisset.
690 3992 809 4041 isthmum
829 3992 893 4041 euim
937 3994 1037 4057 quitiam
1052 3993 1102 4042 site
1118 3991 1235 4042 malorum
1249 3992 1385 4040 daemonum
1403 3990 1454 4041 sire
1470 3991 1609 4054 bominum,
1622 3997 1712 4057 quidi-

118 4079 200 4138 illum‚
212 4080 252 4141 qul
268 4081 318 4129 erat
337 4079 410 4140 inibi,
424 4079 507 4129 lohere
520 4091 547 4127 ac
559 4078 708 4139 rescindere,
718 4084 790 4139 alque
810 4078 894 4128 urbem
938 4081 1050 4129 vinorum
1075 4091 1200 4142 personam
1222 4076 1395 4140 suscipiebant,
1407 4091 1437 4127 ex
1454 4091 1483 4128 eo
1498 4079 1565 4129 lacile
1578 4081 1709 4144 inteiligas,

117 4164 221 4214 insiliam
243 4165 338 4214 ellicere
353 4163 443 4224 moliti,
458 4165 563 4224 primum
582 4166 680 4227 quidem
697 4179 758 4227 opus
771 4165 892 4228 aggredie-
937 4169 1002 4231 quod
1018 4168 1059 4230 qui
1073 4168 1137 4230 pacis
1151 4173 1175 4217 et
1188 4167 1299 4217 amicitias
1318 4167 1482 4218 conciliatores
1493 4179 1544 4218 esse
1555 4168 1709 4233 debuissent,

118 4251 205 4301 bantur
221 4267 227 4299 ε
241 4253 283 4302 sed
305 4255 430 4314 postquam
444 4265 540 4314 grauem
553 4253 659 4302 laborem
679 4254 799 4315 terebant,
813 4253 893 4302 animo
936 4256 970 4305 illi
990 4269 1032 4304 eos
1052 4256 1198 4316 sepissime,
1216 4267 1230 4304 a
1245 4254 1333 4318 quibus
1353 4254 1548 4317 consulebantur,
1576 4256 1605 4305 ad
1628 4260 1710 4308 mutua

119 4339 186 4389 lraoli
205 4339 254 4400 jam
274 4339 397 4388 oraculum
418 4341 597 4391 consuluerunt.
630 4343 667 4390 Tu
682 4355 739 4392 vero
752 4342 891 4404 iisrespou·
936 4342 997 4393 bella
1010 4342 1142 4392 incitarent.
1174 4345 1205 4392 ut
1222 4343 1319 4406 quidem
1338 4342 1410 4392 modo
1423 4343 1708 4408 Lacedaemonios,quasl

117 4427 194 4476 distis
571 4439 578 4452 ·
660 4459 665 4465 -
935 4429 1077 4480 domesticos
1091 4431 1115 4479 et
1126 4428 1215 4478 amicos
1228 4429 1311 4491 Apollo
1324 4428 1456 4490 Delphicus
1466 4428 1490 4476 in
1506 4429 1635 4480 Messenios
1649 4430 1707 4479 iuci-

935 4517 983 4576 tat,
994 4514 1066 4564 modo
1076 4513 1139 4564 idem
1154 4515 1277 4564 Messeniis
1289 4514 1404 4564 adversus
1414 4514 1606 4566 Lacedaemonios
1613 4551 1622 4579 ,
1634 4516 1706 4566 dum·

936 4603 1008 4652 modo
1019 4602 1123 4651 irumaua
1136 4602 1232 4651 victima
1243 4602 1366 4652 demones
1378 4603 1465 4652 ilemm
1482 4602 1642 4665 placaverint,
1653 4605 1706 4653 lnla

933 4690 1013 4739 omnia
1027 4689 1158 4752 pollicetur.
1172 4689 1236 4739 Audi
1249 4689 1321 4740 eb'am
1332 4703 1387 4752 quae
1400 4690 1430 4739 ad
1442 4690 1503 4739 hauc
1516 4703 1566 4740 rem
1580 4690 1704 4752 pertinent.

115 4776 170 4827 Tibi
187 4789 259 4838 porro
278 4776 357 4826 stolidi
372 4777 479 4828 homines
498 4778 570 4828 tidem
590 4779 694 4830 habuere
709 4782 781 4842 atque
797 4793 813 4829 a
834 4794 888 4842 pro·
933 4779 963 4826 Al
976 4777 1029 4826 luec
1042 4775 1123 4826 omnia
1136 4775 1246 4827 videlieet
1257 4789 1285 4827 ea
1297 4789 1354 4839 quae
1365 4776 1504 4825 divinationi
1515 4778 1603 4838 presto
1614 4779 1650 4827 εει
1665 4791 1704 4828 aa·

114 4864 194 4928 posito
207 4863 312 4914 deterriti
324 4866 658 4928 Harpagosesededldemnt.
691 4869 886 4919 Alhoecvelera-
932 4863 1019 4926 pientia
1038 4864 1164 4925 decernet,
1183 4877 1228 4914 uec
1250 4871 1411 4914 eam-temere
1435 4863 1551 4926 quidquid
1576 4865 1705 4914 occurrerit

178 4549 316 4612 tslbmoque
329 4562 372 4598 nec
383 4549 474 4598 munito
487 4563 531 4599 uec
543 4551 608 4599 loaso
617 4554 655 4601 εει
665 4564 740 4614 opus;

178 4650 235 4686 uam
246 4636 267 4687 si
278 4636 332 4685 iovi
345 4636 458 4700 placeret,
471 4639 533 4688 esset
544 4639 629 4688 insula.

117 4951 177 4999 toria
198 4952 357 5015 respondendi
382 4953 444 5003 ratio
472 4957 521 5005 esl.
555 4958 615 5005 ham
643 4955 709 5018 quod
732 4969 763 5005 ne
786 4954 887 5004 sullosso
931 4951 1114 5015 ellutiresiuel,
1128 4952 1276 5014 utpotequa
1288 4951 1486 5003 rerumomnium
1499 4962 1704 5014 suspeusasexse

115 5036 212 5099 quidem
229 5037 318 5088 isthmo
329 5051 370 5088 eos
383 5041 461 5088 tulum
478 5044 599 5102 receptum
612 5041 735 5090 habituros
748 5054 800 5092 esse
821 5043 886 5093 ride·
931 5039 1018 5089 haheat
1037 5039 1151 5100 rationes,
1170 5051 1199 5088 ac
1226 5051 1295 5088 suum
1318 5039 1454 5101 quibusque
1475 5038 1575 5102 pretium
1598 5039 1699 5089 statuat.

112 5125 171 5186 bas,
192 5125 302 5175 allectum
322 5139 384 5188 opus
406 5126 529 5178 inhibuisti
550 5141 557 5176 ι
573 5127 684 5191 idemque
704 5127 789 5192 simul,
803 5130 886 5191 utpote
907 5093 913 5186 Ι
931 5131 1012 5190 Neque
1025 5141 1083 5178 vero
1099 5125 1211 5189 Pythium
1224 5125 1304 5189 illum,
1316 5126 1347 5176 ob
1361 5125 1414 5187 eius
1430 5124 1574 5186 ranibtem,
1585 5127 1627 5176 aul
1640 5123 1700 5188 istis,

194 5220 282 5258 aurcos.
297 5221 405 5260 οιπαιι.
1310 5255 1318 5268 .
1585 5214 1614 5260 ’θ
