3959 5925
42 1156 43 1161 ’
130 1170 180 1220 less
203 1167 341 1225 columnas,
361 1165 448 1214 laetum
462 1166 564 1227 angusto
580 1163 686 1227 quodam
708 1164 802 1225 liltore,
822 1165 845 1213 in
865 1178 913 1227 quo

740 414 905 478 TIMAEUS
927 417 1131 478 PLATONIS.
1683 436 1738 491 155

128 551 196 601 bile:
217 523 311 599 babens
332 547 358 597 in
376 559 418 596 ore
435 547 508 609 atque
528 544 689 595 investibulo
705 546 772 596 sinus
786 546 911 597 insulamr
958 548 1080 612 redderet,
1095 549 1199 599 intactos
1212 550 1237 599 ln
1253 563 1298 599 sua
1314 530 1468 615 genuinoque
1484 554 1594 606 libertate
1608 570 1741 611 conserva-

129 640 237 705 quodos
250 638 343 688 anobis
357 635 469 687 Herculis
478 636 610 687 censentur
622 636 752 687 columne.
785 634 911 701 Quae'qui-
957 636 1004 683 ret.
1036 636 1120 698 Neque
1138 636 1172 684 ita
1193 636 1270 685 mullo
1287 640 1342 699 post
1362 639 1464 700 accidit,
1485 643 1513 689 at
1534 644 1602 690 mom
1617 645 1699 706 terrae,
1717 648 1742 695 et

127 731 184 781 dem
208 727 287 778 insula
308 726 384 776 terim
406 724 483 787 maior
497 723 620 786 aliquanto
640 723 728 787 tuisse,
748 736 821 785 quam
838 725 913 787 Libya
958 721 1133 772 illuvionediei
1146 723 1347 786 noctisqueJogl‚
1361 725 1527 788 praeclarailta
1541 729 1620 777 restra
1632 731 1741 781 militaris

128 822 204 881 atque
216 816 282 867 Asia.
315 813 392 865 Simul
404 825 461 877 ergo
475 824 518 876 per
530 825 597 873 eam,
611 826 703 876 perque
716 812 841 875 contiguas
854 813 913 862 alias
957 810 1073 871 iuuentus
1092 811 1181 874 periret
1198 826 1204 859 ι
1226 816 1251 861 et
1274 812 1376 863 Atlantis
1397 810 1476 863 insuta
1497 817 1561 875 tota,
1576 817 1629 865 sine
1649 817 1738 867 indicio

128 904 233 966 insulas,
254 904 301 953 iter
319 905 379 951 tune
396 900 457 951 illud
478 899 618 962 agentibus,
648 906 796 950 commeatus
819 900 914 963 patebat
959 898 1409 962 priorisexistentiae‚submergeretrrr
1420 916 1427 951 ε
1439 902 1560 965 nisiquod
1572 904 1740 965 pelaguslllurl

129 991 249 1057 usquead
263 991 383 1040 delectum
396 988 542 1049 insutamm‚
556 991 581 1038 et
598 988 692 1038 initium
709 991 778 1039 terrae
791 989 913 1038 rontinen·
962 987 1054 1049 pigrius
1069 999 1141 1049 quam
1153 989 1257 1049 caetera,
1271 1002 1353 1037 crasso
1368 989 1516 1039 dehiscentis
1531 992 1616 1041 insulae
1633 993 1704 1055 limo,
1719 998 1743 1044 et

128 1081 176 1143 tis,
195 1079 281 1128 uictum
295 1090 353 1127 uero
367 1076 428 1136 mari
443 1075 552 1141 :quippo
564 1078 610 1125 Ιιοο
623 1076 686 1126 intra
699 1088 741 1136 os,
755 1075 807 1125 sire
820 1079 910 1126 Hercu·
958 1088 1062 1137 superne
1077 1075 1192 1125 ductibus
1211 1082 1339 1138 concreto,
1353 1077 1463 1128 babetur.

990 1162 1006 1227 §
1022 1167 1049 1212 7,Ι
1064 1166 1123 1212 llaec
1134 1166 1229 1224 sunl‚o
1242 1166 1366 1224 Socrates,
1376 1179 1433 1228 quae
1448 1168 1534 1217 critias
1545 1170 1615 1218 retus
1629 1184 1643 1217 a
1657 1170 1744 1221 Solum

129 1258 204 1307 etiam
218 1267 285 1304 nuno
297 1252 385 1303 velens
402 1254 488 1315 portus
503 1255 621 1315 apparent
633 1252 753 1315 vestigia,
767 1251 882 1301 diuiditur
899 1266 913 1301 a
959 1250 1004 1299 sibi
1016 1252 1091 1301 relata
1101 1255 1126 1301 et
1134 1254 1242 1314 exposita
1252 1254 1367 1303 narrarit.
1400 1258 1447 1305 sed
1460 1270 1515 1305 eum
1526 1258 1650 1319 superiore
1660 1260 1700 1309 die
1712 1260 1744 1310 de

128 1342 272 1395 continenti.
305 1340 478 1391 Atreroillud
492 1339 741 1403 pelagus,immensra
761 1343 834 1403 atqua
855 1341 911 1389 inm·
960 1339 1033 1389 rebus
1052 1339 1153 1402 publicis
1171 1339 1249 1403 deque
1270 1343 1360 1401 pacatis
1380 1342 1464 1392 otlrctis
1484 1345 1676 1409 militaribusque
1691 1350 1756 1401 tra·‚

131 1428 556 1493 stimabilismagnitudinis‚remm
573 1433 611 1479 est
629 1442 703 1480 mare.
737 1428 812 1491 igitur
829 1430 852 1479 in
868 1430 914 1479 hac
960 1428 1137 1488 clares,subiit
1153 1430 1264 1491 quaedam
1276 1443 1316 1479 me
1330 1443 1361 1479 ex
1380 1431 1544 1481 recordatione
1561 1434 1655 1483 miralio
1671 1453 1678 1483 ι
1693 1448 1743 1483 non

132 1520 253 1572 Atlantida
274 1519 353 1568 insula
373 1516 480 1568 maxima
494 1520 518 1566 et
532 1516 679 1567 admirabilis
695 1517 804 1581 potentia
821 1520 914 1580 Regum
960 1512 1065 1574 sinodus
1073 1513 1120 1563 dici
1130 1528 1186 1575 qum
1197 1514 1296 1564 dioeces.
1306 1516 1429 1578 Siquidem
1436 1530 1508 1579 quarn
1517 1520 1679 1569 constituebas
1689 1534 1743 1570 ora-

129 1610 225 1669 extittt‚
238 1620 337 1657 omnem
356 1606 459 1655 insulam
479 1604 641 1667 finitimasque
660 1605 718 1655 alias
736 1604 915 1669 obtinentium;
963 1602 1028 1651 lianc
1042 1601 1214 1663 rempublicam
1230 1602 1329 1663 eadem,
1341 1607 1463 1654 autcerte
1475 1608 1592 1667 pronlmac¹
1604 1608 1742 1657 stauilitudi·

133 1695 359 1757 dominantiumque
378 1692 493 1741 maximae
516 1692 578 1755 parti
589 1692 743 1742 continentis.
777 1692 801 1743 sl
818 1692 915 1756 quidem
961 1688 1011 1749 nis,
1025 1688 1194 1751 rideretorei,
1211 1704 1284 1752 quam
1299 1704 1329 1741 cx
1346 1692 1428 1741 crine
1442 1692 1555 1743 relatione
1568 1708 1741 1757 compereram.

131 1785 210 1835 tectim
228 1782 291 1845 parti
314 1781 411 1845 mundi,
426 1794 482 1844 quae
495 1780 569 1843 Libya
582 1780 679 1841 dicitur,
695 1794 772 1843 usque
794 1780 824 1831 ad
843 1782 915 1843 ,Ἐργ-
962 1776 1057 1826 ilelicui
1074 1778 1153 1827 umen
1166 1776 1308 1840 veritusne,
1321 1778 1581 1843 siquoesitumaliquirl
1593 1784 1742 1845 ametoret,

134 1877 202 1935 ptum
223 1871 505 1934 imperarunt31luropm
528 1881 600 1930 vero,
621 1868 745 1935 usquead
766 1869 915 1932 Tyr-rbenum
961 1863 1049 1912 debinc
1061 1863 1188 1913 oblivionis
1197 1865 1353 1915 incommodo
1361 1866 1744 1928 minimeexpedlremridiculus

133 1972 206 2010 mare.
240 1964 301 2019 Qum
313 1958 411 2021 quidem
429 1958 467 2007 ris
484 1957 637 2021 polentiqque
647 1957 760 2019 collecta,
771 1960 795 2006 et
808 1962 915 2019 armata,
962 1964 1039 1999 essem
1060 1968 1066 1998 ι
1088 1951 1209 2013 maluique
1229 1951 1259 2000 de
1275 1952 1391 2001 memoria
1411 1953 1475 2014 apud
1496 1953 1664 2015 memetipsum
1677 1955 1745 2015 prius

133 2046 365 2109 nostram,oSolo,
380 2051 535 2108 vestramque
549 2046 685 2107 regionem,
702 2040 785 2096 attroc
803 2045 915 2107 amptius,
961 2041 1072 2101 experiri.
1105 2043 1138 2088 Ex
1153 2055 1202 2104 quo
1217 2042 1358 2100 factumest,
1371 2043 1458 2092 utcito
1470 2045 1628 2093 consentirem
1641 2044 1762 2106 imperio

131 2150 175 2187 eas
189 2139 285 2197 gentes,
296 2148 351 2199 quae
367 2135 430 2185 inlra
440 2133 549 2185 llercults
560 2134 686 2183 columnas
699 2135 845 2193 consistunt,
857 2134 915 2182 ado·
962 2132 1004 2177 tuo
1015 2148 1022 2178 ι
1032 2130 1089 2190 quia
1100 2128 1248 2178 confidebam
1261 2129 1328 2178 lacile
1338 2142 1390 2190 me,
1401 2130 1421 2178 si
1430 2131 1592 2180 recordatione
1603 2133 1744 2181 memoriam

133 2224 174 2273 riri
190 2230 214 2275 et
228 2236 366 2287 expugnare
379 2223 469 2286 gestiit.
502 2227 570 2273 Tunc
579 2236 635 2285 erpo
647 2224 736 2272 vestrae
749 2221 854 2271 civitatis
865 2222 914 2271 vir-

133 2315 173 2362 tus
190 2312 252 2361 ultra
271 2309 488 2374 omnem¹gloriam
510 2310 623 2360 enituit:
646 2323 701 2371 qua·
723 2324 766 2372 pro
793 2310 917 2358 communi

134 2400 243 2448 omnium
258 2399 348 2461 salute,
364 2411 393 2447 arr
409 2397 727 2460 libertate,desperantlbus
740 2396 916 2447 deserentibus·

133 2504 183 2553 quo
197 2491 264 2541 melu
280 2502 437 2539 communem
449 2488 583 2538 custodiam
598 2489 691 2537 caeteris
705 2486 810 2546 cunctis,
825 2486 916 2546 magni·

138 2578 221 2628 tudine
240 2578 330 2639 animi,
350 2576 490 2639 bellicisque
508 2577 616 2639 artibus,
637 2583 746 2626 assecuta
766 2579 817 2638 est;
833 2579 860 2624 ut
876 2589 918 2637 per

135 2670 242 2716 extrema
264 2666 403 2715 discrimina
427 2677 574 2727 erumpens,
598 2664 679 2713 hostes
702 2663 801 2711 immani
825 2662 918 2723 generis

136 2758 214 2817 primo
240 2756 346 2817 iugarat,
368 2752 454 2803 deiude
476 2752 604 2814 tunderet;
629 2752 763 2801 libertatem
786 2750 918 2812 subjugatis

133 2958 203 3020 Τότε
221 2957 272 3036 γάρ
290 2958 447 3038 πορεύσιμον
465 2950 496 3029 ήν
515 2956 544 3016 τδ
559 2961 613 3016 ἐκεῖ
631 2956 761 3033 πέλαγος·
773 2954 916 3034 νῆσον-γάρ

137 3047 190 3126 πρὸ
207 3052 253 3104 τοῦ
273 3046 403 3121 στόματος
426 3035 511 3125 εἶχεν,
530 3047 544 3103 ὃ
568 3047 688 3116 καλεῖτε,
702 3043 737 3109 ὥς
752 3067 817 3123 φατε
830 3047 918 3120 ὑμεῖς,

138 3133 302 3213 Ἡρακλέους
318 3133 428 3205 στήλας·
448 3137 465 3204 ἡ
485 3135 511 3190 δὲ
531 3137 607 3204 νῆσος
624 3132 681 3206 ἅμα
700 3130 803 3202 Λιθύης
820 3121 852 3201 ήν
875 3130 920 3188 καὶ

139 3221 227 3289 Ἄσίας
243 3222 356 3298 μείζων,
371 3221 398 3289 ἐξ
415 3213 447 3293 ἧς
463 3220 587 3279 ἔπιθατδν
603 3220 646 3279 ἐπὶ
663 3219 710 3287 τάς
729 3219 811 3285 ἄλλας
827 3217 920 3290 νήσους

141 3313 196 3377 τοῖς
214 3311 266 3368 τότ’
281 3312 397 3389 ἐγίγνετο
413 3310 614 3390 πορευομένοις,
627 3311 657 3366 ἐκ
669 3307 697 3367 δὲ
710 3312 761 3366 τῶν
775 3307 861 3380 νήσων
875 3305 919 3366 ἐπὶ

140 3399 187 3469 τήν
204 3398 364 3479 καταντικρὺ
376 3408 465 3458 πᾶσαν
479 3400 588 3476 ἤπειρον
604 3396 651 3469 τήν
665 3398 724 3476 περὶ
738 3396 781 3455 τδν
797 3397 917 3468 ἀληθινδν

142 3488 237 3544 ἐκεῖνον
254 3484 359 3546 πόντον.
403 3486 474 3546 Τάδε
491 3484 538 3559 μὲν
553 3483 616 3562 γάρ,
632 3483 681 3542 door
700 3483 778 3550 ἐντδς,
791 3489 836 3540 τοῦ
857 3481 915 3542 στό·

141 3597 223 3651 ματος
241 3565 270 3631 οῦ
290 3574 416 3653 λέγομεν,
436 3572 557 3652 φαίνεται
572 3572 652 3648 λιμήν
669 3571 757 3630 στενόν
771 3594 830 3629 τινα
852 3571 920 3654 ἔχων

142 3661 281 3721 εἴσπλουν·
297 3663 379 3719 ἐκεῖνο
400 3661 427 3718 δὲ
448 3660 563 3734 πέλαγος
577 3658 658 3725 ὅντως
679 3657 696 3730 ή
718 3681 746 3716 τε
763 3657 920 3736 περιέχουσα

142 3752 206 3813 αύτδ
219 3757 253 3831 γῆ
269 3754 404 3820 παντελῶς
426 3755 527 3823 ἀληθῶς
547 3752 663 3830 ὀρθότατ’
679 3750 710 3810 ἀν
725 3750 828 3828 λέγοιτο
845 3751 923 3822 ήπει-

143 3864 193 3920 ρος.
221 3839 269 3899 Ἐν
280 3839 307 3897 δὲ
321 3839 353 3912 δή
363 3845 396 3920 τῇ
409 3837 555 3899 Ἀτλαντίδι
565 3839 637 3920 νήσῳ
648 3839 730 3918 ταύτῃ
746 3838 848 3917 μεγάλη
864 3861 922 3897 συν-

143 3927 206 4000 έστη
234 3927 280 3986 καὶ
311 3927 451 4004 θαυμαστή
477 3927 585 4006 δύναμις
618 3925 765 4007 βασιλέοιν,
788 3933 922 4007 κρατοῦσα

144 4017 191 4095 μὲν
208 4016 313 4086 διποίσης
327 4021 373 4088 τῆς
388 4016 485 4088 νήσου,
501 4019 606 4076 πολλῶν
625 4015 652 4074 δὲ
669 4016 755 4074 ἀλλων
771 4017 858 4088 νήσων
879 4015 923 4072 καί

143 4109 229 4184 μερῶν
251 4109 298 4174 τῆς
319 4105 441 4184 ἠπείρου·
456 4103 521 4182 πρὸς
548 4103 575 4160 δὲ
596 4102 695 4169 τούτοις
718 4103 757 4160 ἔτι
779 4105 830 4159 τῶν
854 4101 923 4167 ἐντδς

961 2220 1133 2280 exercuissem,
1144 2234 1215 2282 posse
1229 2221 1357 2269 reminisci.
1390 2224 1486 2283 ltaque,
1499 2224 1526 2271 ut
1536 2221 1575 2269 bic
1589 2222 1661 2271 modo
1672 2221 1743 2283 dixit,

961 2312 1011 2357 tam
1026 2308 1138 2357 hesterno
1160 2308 1200 2357 die
1221 2311 1274 2370 post
1288 2308 1419 2370 digressum
1440 2310 1547 2371 pmtinus
1568 2309 1600 2357 ad
1616 2313 1745 2372 presentes

965 2376 1049 2456 retuli,
1059 2409 1132 2459 quam
1146 2396 1272 2444 nocturnis
1287 2396 1373 2457 vigillis
1385 2395 1563 2445 scrutabundus
1577 2398 1658 2445 omnia
1673 2410 1745 2446 recu·

964 2486 1043 2547 peravi
1054 2504 1060 2532 :
1073 2487 1214 2546 certumque
1226 2484 1285 2533 illud
1307 2486 1421 2546 expertus
1442 2496 1511 2540 sum.
1527 2484 1672 2533 tenaciorem
1696 2484 1746 2534 tere

963 2573 1104 2622 memoriam
1118 2585 1205 2631 rerum,
1216 2584 1271 2633 qum
1282 2572 1307 2619 in
1318 2571 1394 2632 prima
1403 2570 1530 2620 discuntur
1539 2573 1618 2619 aure.
1651 2571 1746 2633 Quippe

965 2662 1028 2710 lraud
1059 2662 1092 2711 ita
1118 2660 1251 2721 confidam,
1272 2673 1328 2722 quac
1351 2660 1428 2724 pridie
1450 2661 1583 2720 audierim,
1604 2674 1634 2709 an
1656 2662 1745 2711 reterre

965 2750 1054 2813 possim
1077 2750 1190 2812 postridie
1204 2768 1211 2798 ι
1229 2763 1284 2797 rum
1298 2762 1340 2809 ea,
1353 2762 1408 2811 quae
1429 2762 1488 2809 puer
1502 2748 1667 2809 cogitaverim,
1680 2747 1744 2798 inco·

965 2955 1021 3014 θ’σοι
1043 2961 1217 3030 κατοικοῦμεν
1241 2956 1312 3021 ἐντὸς
1333 2953 1402 3033 όρων
1421 2952 1603 3036 Ἡρακλείων,
1628 2956 1746 3034 ἀφθόνως

967 3045 1085 3110 ἅπαντας
1104 3044 1291 3124 ἠλευθέρωσεν.
1334 3042 1454 3123 Ὑστέρῳ
1474 3042 1501 3100 δὲ
1524 3043 1611 3123 χρόνῳ
1628 3048 1744 3119 σεισμῶν

968 3132 1088 3200 ἐξαισίων
1110 3131 1157 3190 καὶ
1176 3134 1372 3208 κατακλυσμῶν
1387 3131 1548 3208 γενομένων,
1564 3141 1625 3207 μιᾶς
1646 3131 1746 3210 ἡμέρας

967 3219 1012 3278 καί
1026 3220 1117 3286 νυκτὸς
1131 3221 1250 3298 χαλεπαῖς
1265 3218 1402 3291 ἐλθούσης,
1415 3217 1445 3276 τό
1457 3243 1485 3276 τε
1500 3224 1564 3298 παρ’
1577 3223 1650 3296 ὑμῶν
1666 3221 1747 3298 μάχι-

966 3330 1015 3392 μον
1030 3316 1083 3364 πᾶν
1098 3306 1190 3386 ἀθρόον
1213 3307 1257 3365 ἔδυ
1278 3305 1347 3365 κατὰ
1361 3311 1421 3385 γῆς,
1437 3307 1455 3378 ή
1473 3330 1501 3365 τε
1517 3307 1650 3373 Ἀτλαντὶς
1670 3310 1748 3376 νήσας

966 3395 1092 3461 ὡσαύτως
1107 3394 1176 3453 κατδι
1188 3399 1236 3465 ’τῆς
1254 3395 1383 3466 θαλάττης
1399 3399 1465 3453 δῦσα
1480 3395 1627 3475 ήρανίσθη·
1648 3396 1686 3453 διδ
1702 3394 1747 3451 καὶ

967 3489 1011 3540 νῦν
1029 3482 1127 3563 ἀπορον
1143 3482 1189 3540 καί
1208 3481 1389 3562 ἀδιερεύνητον
1411 3482 1503 3561 γέγονε
1516 3485 1603 3540 τούκεῖ
1622 3483 1747 3556 πέλαγος,

967 3573 1054 3641 πηλοῦ
1070 3573 1156 3651 κάρτα
1173 3571 1403 3650 βαθέοςέμποδὼν
1420 3571 1509 3641 ὄντος,
1530 3568 1558 3627 δν
1574 3574 1590 3639 ἠ
1604 3574 1681 3640 νῆσος
1693 3572 1746 3635 ίζο-

968 3658 1034 3736 μένη
1049 3662 1207 3738 παρέσχετο.

1008 3751 1044 3810 Χ.
1061 3751 1077 3824 S
1089 3749 1173 3808 ’1.Τὰ
1188 3748 1236 3823 μέν
1250 3748 1282 3817 δή
1296 3736 1451 3826 ῥηθέντα,ῶ
1465 3747 1623 3825 Σώκρατες,
1635 3744 1685 3806 bam
1698 3750 1745 3803 τοῦ

968 3840 1084 3895 παλαιοῦ
1101 3835 1209 3915 Κριτίου
1226 3836 1285 3894 κατ’
1300 3832 1379 3904 ἀκοήν
1395 3834 1442 3906 τήν
1458 3836 1591 3905 Σόλωνος,
1607 3837 1642 3900 ῶς
1657 3833 1747 3892 συντό-

970 3950 1027 4001 μως
1049 3926 1141 3994 εἰπεῖν,
1168 3924 1296 3996 ἀκήκοας·
1316 3922 1437 4003 λέγοντος
1450 3923 1479 3980 δὲ
1498 3923 1530 3994 δή
1547 3922 1608 4001 χθὲς
1628 3926 1673 3978 σοῦ
1688 3923 1747 3999 περὶ

969 4013 1102 4080 πολιτείας
1117 4037 1145 4071 τε
1165 4012 1281 4070 καὶτῶν
1302 4013 1400 4089 ἀνδρῶν
1420 4010 1462 4077 οθς
1483 4010 1586 4089 ἔλεγες,
1602 4009 1747 4083 ἐθαύμαζον

971 4102 1231 4179 ἀναμιμνησκόμενος
1256 4100 1322 4157 αύτδ
1348 4099 1364 4156 δ
1388 4105 1432 4156 νῦν
1456 4097 1538 4177 λέγω,
1557 4099 1690 4155 κατανοῶν
1714 4099 1749 4163 ὡς

143 4197 206 4273 τῇδε
223 4192 325 4264 Λιύύης
342 4194 389 4269 μὲν
404 4187 485 4272 ἦρχον
503 4193 584 4272 μέχρι
594 4192 658 4272 πρὸς
674 4191 821 4270 Αἴγυπτον,
837 4195 882 4261 τῆς
897 4191 924 4250 δὲ
970 4192 1110 4266 δαιμονίως
1124 4188 1154 4248 έκ
1167 4211 1235 4254 τινος
1249 4187 1331 4266 τύχης
1345 4189 1392 4245 οὐκ
1406 4185 1458 4245 ἀπὸ
1479 4191 1577 4244 σκοποῦ
1594 4182 1749 4264 ξυνηνέχθης

145 4281 277 4361 Εὐρώπης
293 4282 371 4362 μέχρι
387 4283 545 4363 Τυρρηνίας.
562 4281 637 4352 Αύτη
653 4283 684 4352 δὴ
701 4291 774 4339 πάσα
790 4279 924 4360 ξυναθροι·
971 4278 1004 4337 τδι
1018 4280 1104 4338 πολλὰ
1118 4269 1156 4344 οἷς
1171 4267 1365 4350 Σόλωνεῖπεν.
1407 4276 1447 4334 Ού
1467 4273 1519 4350 μήν
1536 4273 1746 4343 ἔθουλήθηνπα-

145 4375 236 4428 σθεῐσα
258 4371 295 4436 είς
320 4369 346 4427 ἓν
371 4375 388 4440 ἡ
414 4371 522 4447 δύναμις
538 4373 582 4428 τόν
608 4393 636 4427 τε
659 4372 723 4449 παρ’
740 4373 801 4446 ύμῖν
817 4369 863 4427 καὶ
881 4367 925 4426 τδν
974 4366 1245 4446 ραχρῆμαείπεῖνδιίι
1254 4365 1348 4443 χρόνου
1361 4361 1411 4442 γδρ
1421 4365 1469 4441 ούχ
1478 4366 1574 4427 ἱκανῶς
1584 4359 1748 4437 ἐμεμνήμην.

145 4459 208 4536 παρ’
225 4459 350 4532 ἡμῖνκαὶ
366 4459 410 4518 τδν
432 4459 503 4525 ἐντὸς
524 4466 569 4516 τοῦ
591 4458 719 4535 στόματος
744 4457 831 4516 πιίντα
847 4461 925 4514 τόπον
973 4454 1117 4525 Ἐνενόησα
1137 4446 1181 4513 οῦν
1195 4452 1235 4530 ὅτι
1248 4452 1334 4532 χρεὼν
1350 4454 1389 4521 εἴη
1403 4476 1437 4527 με
1447 4450 1510 4531 πρὸς
1523 4448 1634 4526 ἐμαυτὸν
1646 4452 1748 4526 πρῶτον

146 4553 193 4623 μιᾷ
218 4547 277 4602 ποτ’
298 4545 467 4624 ἐπεχείρησεν
491 4549 560 4624 ὁρμῇ
583 4547 744 4603 δουλοῦσθαι.
788 4545 860 4604 Τότε
882 4532 925 4600 οῦν
971 4547 1066 4610 ίκανῶς
1079 4543 1166 4602 πάντα
1180 4540 1346 4600 ἀναλαύόντα
1360 4541 1444 4620 λέγειν
1459 4537 1549 4605 οὕτως.
1590 4535 1748 4615 Ὀθενταχύ

146 4637 237 4709 ὑμῶν,
253 4621 276 4691 ῶ
291 4635 400 4708 Σόλων,
414 4639 460 4705 τῆς
474 4635 605 4705 πόλεωςή
624 4632 731 4708 δύναμις
750 4635 786 4698 εἰς
807 4631 926 4697 ἅπαντας
973 4628 1176 4706 ξυνωμολόγησοί
1199 4651 1241 4687 σοι
1267 4627 1460 4705 τάπιταχθέντα
1487 4629 1565 4705 χθές,
1589 4623 1747 4701 ἡγούμενος,

145 4719 297 4800 ἀνθρώπους
307 4721 433 4804 διαρανὴς
448 4724 528 4802 ἀρετῇ
540 4745 569 4780 τε
581 4722 626 4780 καὶ
641 4721 717 4800 ῥώμῃ
734 4718 848 4797 ἐγένετο·
859 4718 925 4777 πάν·
961 4709 1036 4797 Ιὅπερ
1048 4720 1075 4775 ἐν
1086 4718 1168 4775 ἅπασι
1181 4724 1232 4783 τοῖς
1241 4717 1353 4775 τοιοῖσδε
1367 4712 1489 4792 μέγιστον
1503 4713 1590 4791 ἔργον,
1606 4713 1682 4789 λόγον
1691 4711 1749 4768 τινὰ

146 4833 197 4868 των
219 4809 270 4888 γάρ
291 4821 429 4890 προστᾶσα
456 4812 570 4893 εὐψυχίρ
586 4812 630 4870 καὶ
653 4810 757 4890 τέχναις
777 4809 837 4868 ὅσαι
857 4807 927 4868 κατά
972 4806 1107 4886 πρέποντα
1120 4807 1171 4870 τοῖς
1187 4802 1350 4882 βουλήμασιν
1365 4800 1516 4873 ὑποθέσθαι,
1528 4797 1620 4890 τούτου
1636 4796 1746 4875 μετρίως

146 4898 277 4974 πόλεμον,
292 4897 326 4957 τδι
342 4899 389 4974 μὲν
405 4903 457 4958 τῶν
469 4898 608 4972 Ἑλλήνων
620 4896 752 4975 ἡγουμένη
761 4942 770 4970 ,
780 4895 813 4954 τὰ
825 4897 849 4954 δ’
859 4893 926 4968 αὐτή
973 4900 1045 4971 ἡμᾶς
1059 4891 1222 4972 εὐπορήσειν.
1265 4889 1343 4951 Ούτω
1355 4889 1403 4963 δή,
1415 4887 1535 4966 καθάπερ
1546 4886 1583 4944 ὅδ’
1595 4891 1667 4960 εἶπε,
1687 4882 1748 4962 χθές

149 4991 295 5062 μονωθεῖσα
318 4986 343 5056 ἐξ
361 4989 478 5065 ἀνάγκης
502 4989 556 5046 τῶν
581 4989 668 5044 ἄλλων
686 4984 869 5058 ἀποστάντων,
884 4984 928 5042 ἐπὶ
974 5006 1003 5040 τε
1025 4980 1098 5047 εὐθὺς
1121 4979 1221 5038 ἐνθένδε
1240 4977 1324 5036 ἀπιὼν
1347 4977 1410 5056 πρὸς
1432 4975 1525 5034 τούσδε
1545 4974 1666 5056 ἀνέρερσν
1682 4970 1750 5030 αὐτά

146 5073 206 5142 τούς
225 5075 351 5156 ἐσχάτους
367 5073 514 5156 ἀφικομένη
539 5073 684 5145 κινδύνους,
701 5074 857 5152 κρατήσασα
879 5071 927 5148 μὲν
975 5067 1253 5147 ἀναμιμνησκόμενος,
1280 5064 1399 5125 ἀπελθών
1424 5087 1453 5122 τε
1479 5063 1571 5142 σχεδόν
1595 5085 1620 5120 τι
1645 5059 1751 5118 ἅπαντα

148 5165 199 5220 τῶν
216 5165 341 5223 ἐπιόντων
360 5161 474 5243 τρόπαια
491 5161 633 5240 ἀνέστησε,
648 5161 706 5228 τοὺς
730 5161 757 5218 δὲ
774 5160 855 5237 μήπω
885 5160 929 5219 δε·
975 5160 1125 5218 ἐπισκοπῶν
1138 5153 1435 5228 τῆςνυκτδςάνέλαόον.
1473 5150 1524 5218 Ὡς
1535 5151 1567 5222 δή
1582 5173 1621 5208 τοι
1635 5151 1665 5209 τδ
1677 5146 1751 5224 λεγό·

150 5250 328 5326 δουλωμένους
343 5251 485 5312 διεκώλυσε
501 5251 680 5323 δουλωθῆναι,
699 5247 757 5315 τοὺς
780 5249 803 5306 δ’
818 5247 927 5324 ἀλλους,
976 5248 1064 5323 μενον,
1079 5248 1113 5303 τδι
1127 5245 1228 5302 παίδοιν
1252 5242 1397 5320 μαθήματα
1410 5239 1559 5318 θαυμαστὸν
1574 5237 1628 5316 ἔχει
1641 5260 1667 5294 τι
1681 5259 1751 5317 μνη-
