3959 5925
201 438 260 488 ttt
707 415 1020 479 ctnssuttcoutltt
1041 416 1295 478 FRAGMENTA.

202 576 286 635 μνεοι,
302 556 421 634 μήτι“
385 578 437 613 των
451 552 577 613 ίπιόντων
598 550 767 631 προκάμνειν·
785 549 909 625 ευθυμίας
929 547 979 628 γάρ
1066 569 1104 611 ta.
1127 538 1425 627 Κακοδαιμονουμεν,
1404 574 1427 609 ω
1442 549 1658 625 Ἀντέσθενες,’
1631 575 1661 610 ου
1685 552 1821 632 μετρίως.

140 708 146 715 ,
202 644 335 753 δεῖγμ’
311 667 341 704 το
351 665 464 715 τοιουτο,
474 664 521 701 και
510 640 598 699 ίλεω
610 640 726 704 διανοίας
739 636 844 697 ἀπόδει
833 660 877 705 ς.ις
874 639 980 747 Προσ-
1026 640 1089 706 Πῶς
1113 636 1164 718 γδρ
1188 641 1216 697 οὗ
1243 636 1374 715 μέλλομεν
1401 639 1615 716 κακοδαιμονεῖν,
1641 639 1712 707 έντες
1737 640 1823 720 παρὰ

173 807 177 819 .
204 733 293 792 έταττε
313 730 341 791 δέ
359 731 400 811 ἔφ’
411 730 498 811 ἡμέρῳ
515 729 562 799 την
577 726 685 834 χνάιμην
700 726 781 806 έχειν,
794 726 841 784 καὶ
857 714 981 784 αυπάλιν
1025 729 1163 807 τυράννῳ,
1180 751 1225 787 και
1215 724 1369 805 ὁσημέραι
1384 726 1513 795 ἐσθίοντες
1531 728 1577 787 και
1589 749 1707 795 πινοντες
1728 732 1823 789 πολυ-

202 828 249 894 τῆς
273 821 373 899 ἡμέρας
395 819 437 879 ίπ’
453 818 601 897 ίκιίνῳ
565 840 603 897 τῳ
624 814 714 895 μέρει,
727 813 815 873 καθ’δ
833 814 942 881 ἕκαστος
963 812 981 883 ἢ
1027 814 1105 873 τιλέα
1128 812 1174 873 καί
1190 814 1356 893 ἀλειφοιιενυί
1365 837 1422 873 ’τινι
1436 819 1489 873 τῶν
1504 814 1691 875 εὐωδεστάτων
1706 818 1821 895 μόρων,

110 981 116 991 .
203 910 313 989 πράττει
337 932 363 967 τι
383 906 401 978 ἢ
425 909 513 966 έννσεὶ
532 877 621 965 Μόνον
643 905 695 982 γάρ
715 901 828 981 έφασκιν
854 901 982 981 ἡμέτερον
1029 903 1119 961 καθ’
1089 925 1211 981 συροντες
1226 904 1338 973 ἐσθῆτας
1351 900 1476 979 μαλακας
1490 904 1520 962 ίκ
1534 904 1681 981 Τάραντος.
1699 905 1825 963 Καιόυ-

204 987 271 1055 εἷναι
291 995 320 1055 τὸ
338 991 556 1074 παρόν,μήτεδέ
570 990 600 1049 τὸ
614 990 727 1070 φθάσαν,
743 988 983 1070 μήτετθπροσδο-
1028 990 1080 1055 δείς
1107 1011 1140 1066 με
1165 989 1332 1067 ἐξαιρήσεται
1354 994 1402 1059 τῆς
1423 989 1558 1050 Διονυσίου
1576 989 1730 1068 ὠμότητος,
1745 990 1826 1059 ὅστις

202 1083 328 1160 κόιμενον·
341 1084 373 1143 r⁸o
387 1082 434 1161 μίν
448 1081 500 1161 γὰρ
511 1078 692 1151 ἀπολωλέναι,
703 1076 734 1137 τὸ
747 1076 775 1136 88
787 1076 883 1148 ἄδηλον
899 1068 981 1155 εἶναι,
1029 1076 1063 1153 μέ
1076 1102 1115 1137 τοι
1128 1075 1163 1144 ὥς
1174 1101 1233 1136 τινα
1244 1078 1376 1157 ένεχόριον
1392 1079 1439 1136 οὐκ
1455 1080 1578 1155 ἀγνῶτα,
1590 1078 1659 1137 titt
1671 1080 1716 1139 καὶ
1729 1080 1826 1157 λόγων

203 1172 277 1248 εἴπερ
290 1170 376 1231 έσται.
1029 1156 1191 1240 ἐπιμελητέον
1211 1168 1263 1223 τῶν
1287 1168 1466 1245 Σωκρατικῶν
1480 1166 1588 1245 κατέχει
1597 1212 1605 1239 ,
1621 1166 1711 1245 ῶσπιρ
1737 1168 1825 1248 ἔφην,

243 1260 385 1337 (AElianus
405 1276 468 1315 var.
492 1257 560 1315 hist
586 1254 638 1313 lib.
664 1252 729 1312 XIV
754 1274 820 1332 cap.
845 1276 873 1327 7.
845 1254 984 1313 Posui
1031 1252 1133 1321 σιτίζων
1146 1252 1192 1311 καί
1207 1253 1329 1333 ἀλείφων,
1340 1254 1385 1313 καί
1401 1252 1542 1335 άμφιεννίις
1554 1260 1672 1314 τοιαῦτα
1686 1256 1744 1315 Καὶ
1757 1255 1827 1313 υἰέ-ε

204 1350 307 1428 φθάσαν
320 1368 387 1406 curn
403 1344 511 1405 Corae·
505 1345 606 1421 ,.vulg
621 1343 739 1425 φθάνον.)
1030 1341 1106 1401 δίκαν
1127 1341 1306 1419 φοθεῖται”
1271 1366 1322 1399 τιον
1347 1346 1422 1413 θεῶν,
1443 1342 1496 1402 οὔτ’
1521 1343 1663 1455 ἄνθρῳπον
1684 1344 1828 1411 αἰδεῖται,

244 1455 282 1495 at.
305 1434 473 1514 Ἀρίστιππος
502 1436 516 1491 ὁ
546 1432 685 1513 φιλόσοφος
707 1431 866 1510 χρισάμενος
889 1430 983 1542 μόρῳ,
1030 1430 1101 1495 ὅστις
1116 1450 1149 1503 με
1163 1434 1273 1487 τοιαῦτα
1289 1428 1443 1491 διατίθεται.
1460 1421 1605 1490 Νῦνδ’
1572 1454 1605 1487 αυ
1622 1430 1667 1488 καί
1684 1430 1714 1489 πθ
1734 1454 1827 1491 κακον

204 1524 300 1590 κακους
324 1526 412 1589 κακῶς
431 1519 609 1581 ἀπολωλέναι
644 1524 742 1600 χρῆναι
772 1518 832 1587 τοὺς
856 1519 986 1586 κιναίδους
1031 1520 1067 1583 οἷς
1091 1515 1121 1574 τὸ
1141 1516 1330 1595 δεινότερον
1304 1538 1422 1596 οιχεται,
1437 1516 1502 1577 ὅπου
1524 1510 1670 1598 δεδώρηται
1692 1528 1829 1596 γυναῖκας

204 1610 317 1692 έφασκιν
331 1614 377 1669 τοῦ
393 1608 503 1689 μόρου.
490 1608 538 1680 mlv
552 1608 681 1686 ὠφέλειαν
697 1610 733 1673 είς
747 1606 876 1687 λοιδορίαν
891 1605 982 1665 διαθε-
1032 1604 1173 1670 Σικελικάς
1189 1606 1391 1671 c'uule'ncoue⁸
1368 1628 1397 1664 το
1419 1605 1535 1685 κάλλος,
1548 1606 1595 1665 καί
1610 1607 1721 1687 ἀργύρια
1740 1612 1828 1685 πάμ-

205 1700 344 1771 6ληκόςας,
1032 1696 1129 1753 πολλα.
1146 1693 1201 1754 Καί
1221 1695 1286 1754 πότε
1308 1692 1439 1755 παύσεται
1462 1696 1510 1773 άνθ
1514 1718 1599 1773 ρωπος
1620 1716 1694 1763 ουτος
1708 1704 1830 1756 τοιαῦτα

245 1783 779 1862 (ClemensAlexandriunsPaedagog
787 1782 841 1840 lib.
851 1781 918 1860 llp.
931 1802 988 1859 ¹79
1033 1782 1140 1859 ποιέων,
1156 1784 1204 1840 οὐκ
1226 1772 1295 1843 οἶδα.
1318 1772 1411 1841 Eo
1381 1805 1425 1841 ουν
1450 1790 1534 1851 ποιοῖς
1557 1783 1702 1863 ιἰχθόμενος
1722 1783 1771 1843 ἐπὶ
1790 1793 1831 1863 τᾷ

205 1873 250 1932 ed.
263 1874 345 1950 aytb.
357 1893 408 1951 qur
401 1872 483 1929 haec
493 1870 701 1948 explicationis
713 1890 800 1928 causa
813 1871 986 1948 praemittit:
1035 1870 1281 1951 κακοδαιμονέα”
1245 1893 1299 1928 των
1315 1870 1412 1929 ἄλλων·
1405 1869 1531 1949 κπῖγδιδ
1517 1870 1604 1930 attat
1623 1896 1656 1953 τᾳ
1673 1880 1708 1951 σᾷ
1732 1872 1830 1929 εὐδαι-

206 1960 325 2041 διαφέρει
340 1960 367 2018 δέ
382 1958 492 2024 όλως“
468 1982 499 2017 το
515 1960 684 2037 μυραλοιφεῐν
704 1982 750 2017 του
765 1956 840 2037 μόρῳ
854 1956 988 2037 χρίεσθαι·
1035 1958 1113 2037 μονίιρ
1137 1934 1249 2035 άδομάι,
1271 1956 1314 2016 ίνα
1334 1982 1376 2017 σοι
1398 1959 1433 2018 τά
1453 1959 1522 2019 αθτδ
1536 1959 1603 2027 δόξω
1616 1963 1702 2019 ποιεῖν
1723 1982 1755 2017 τε
1778 1982 1830 2018 και

206 2050 236 2107 τὸ
251 2049 298 2127 μέν
310 2047 361 2126 γάρ
372 2046 602 2125 θηλυδριῶδες,τθ
616 2045 643 2105 δέ
656 2046 777 2126 χρίεσθαι
792 2052 831 2128 τῷ
850 2050 989 2128 μάρῳλυ·
1035 2045 1167 2103 άποτίνιιν
1190 2044 1238 2113 τὰς
1259 2044 1381 2126 χάριτας.
1405 2043 1543 2127 Ἔῤῥωσο.
1566 2050 1628 2107 Τῶν
1650 2072 1679 2107 τε
1700 2048 1829 2127 ἰσχάδων
1889 2056 1893 2061 ’

205 2141 301 2195 σιτελεῖ
323 2135 377 2194 ἔσθ’
392 2133 444 2193 ότι.
466 2135 611 2193 Similiter
628 2135 773 2211 Diogenes
795 2136 928 2194 Laertius
956 2136 986 2193 in
1035 2135 1176 2194 ἀποτίθεσο
1198 2124 1236 2192 ῶν
1262 2134 1330 2213 ἔχεις
1353 2136 1389 2202 είς
1406 2134 1436 2193 τὸ
1456 2143 1554 2215 χεῖμα,
1569 2135 1615 2194 καὶ
1634 2140 1688 2195 τῶν
1703 2135 1830 2215 ἀλφίτων

206 2224 350 2301 Aristippi
360 2225 421 2281 vita
434 2222 538 2300 llb.ll‚
554 2226 590 2295 76
607 2223 692 2303 ιπρδς
702 2224 850 2302 Χαρώνδαν
863 2223 989 2293 εἰπόντα,
1035 2222 1096 2300 έχου
1120 2226 1172 2282 τῶν
1201 2224 1354 2300 Κρητικῶν·
1370 2227 1453 2280 ταῦτα
1477 2224 1529 2301 γάρ
1555 2224 1638 2283 δοκέει
1654 2223 1759 2300 ἀμείνω
1780 2228 1831 2281 τοῦ

208 2312 256 2379 Τίς
275 2316 289 2371 ό
308 2309 535 2389 μεμοριασμίνυςς
555 2308 642 2388 Ἐγώ,
666 2310 756 2385 φησίν,
772 2314 787 2368 ό
807 2311 989 2386 κακοδαίμων,
1035 2312 1174 2392 χράματος
1191 2300 1274 2370 είναι·
1290 2312 1335 2370 καί
1352 2312 1406 2371 άπὸ
1421 2321 1468 2378 τᾶς
1482 2311 1679 2391 Ἐννεακροόνω
1699 2310 1785 2369 Antioc
1799 2334 1829 2368 τε

206 2404 294 2477 κάμοῦ
316 2396 584 2477 κακοδαιμονέστερος
603 2402 617 2456 8
640 2401 751 2477 Περσῶν
774 2399 900 2477 βασιλεύς.
919 2399 990 2459 Ἀλλ’
1036 2400 1081 2460 καὶ
1096 2408 1156 2459 πῖνε
1178 2398 1224 2459 καί
1240 2398 1284 2459 τδν
1301 2398 1379 2459 αὐτὸν
1401 2400 1532 2480 τρίόωνα,
1546 2398 1636 2481 θέρους
1656 2398 1748 2457 τεκαὶ
1767 2421 1829 2477 χει-

208 2488 257 2563 δρα
283 2486 336 2561 μή,
359 2488 394 2551 ὡς
416 2483 490 2545 οὐδέν
512 2488 565 2543 τῶν
586 2486 672 2545 άλλων
688 2484 763 2566 ζῴων
781 2486 855 2565 παρά
870 2492 948 2545 τοῦτο
966 2487 991 2545 τί
1035 2493 1122 2566 ’μῶνος
1146 2489 1191 2568 ἔχε
1216 2488 1368 2569 ῥυπόωντα,
1384 2492 1419 2555 ὡς
1442 2488 1536 2569 πρέπει
1558 2492 1596 2568 τῷ
1620 2486 1749 2567 ἐλευθέρῳ
1780 2489 1829 2547 καὶ

210 2576 383 2644 ἐλαττοῦται,
406 2572 486 2637 οὕτως
509 2572 563 2629 οὐδ’
579 2571 610 2629 ἂν
625 2573 771 2649 ἄνθρωπος.
796 2575 893 2637 Κακῶς
915 2574 993 2633 κακοὶ
1038 2581 1114 2646 ζῶντι
1129 2579 1155 2635 έν
1171 2575 1289 2647 Ἀθήναις
1308 2578 1519 2655 δαμοκρατικῶς.
1538 2575 1612 2653 Ἐγὼ
1635 2575 1682 2651 μὲν
1708 2578 1775 2655 γάρ,
1800 2578 1828 2644 ἐξ

210 2662 232 2717 δ’
250 2660 391 2719 ἀπόλοιντο
404 2663 429 2719 oi
444 2660 570 2732 κίναιδοι,
586 2659 677 2727 οἵτινες
691 2660 771 2719 καλὸν
786 2662 850 2737 ἡμῖν
873 2659 992 2735 ἄλειμμα
1038 2658 1067 2723 oi
1084 2667 1120 2732 εἷς
1134 2665 1344 2742 τυραννουμένην
1356 2657 1420 2737 ἧκον
1431 2666 1508 2724 πόλιν
1520 2688 1549 2723 τε
1568 2664 1614 2723 καί
1628 2672 1720 2735 νᾶσον,
1734 2665 1827 2743 ᾔδειν,

207 2745 404 2806 διαθάλλουσιν.
422 2747 531 2805 Seneca
544 2747 581 2804 de
593 2748 691 2806 benet.
706 2747 760 2807 lib.
778 2746 830 2803 Vll
846 2766 912 2825 cap.
930 2749 990 2805 25:
1038 2753 1078 2811 δτι
1093 2752 1317 2830 κακοδαιμονήσω
1338 2758 1423 2811 ταῦτα
1437 2752 1561 2832 πάσχων,
1578 2752 1697 2831 καθάπερ
1723 2752 1756 2811 σύ
1782 2774 1828 2829 μοι

211 2835 382 2913 Aristippus
392 2835 552 2911 aliquando
563 2834 722 2893 delectatus
732 2848 893 2911 unguento,
904 2834 990 2906 lllale,
1039 2840 1154 2920 γράφεις,
1165 2841 1254 2902 Νῦνδέ
1243 2839 1397 2907 ἐλεοῦντές
1410 2864 1500 2920 μεπιρ
1504 2840 1829 2917 ιόλίποντιΣυρακοέσιοι

210 2923 325 3001 iuquit,
346 2922 410 2982 istis
429 2923 605 2982 effeminatis
627 2923 760 2996 εισιιίοι,
777 2924 829 2998 qui
849 2942 910 2982 rem
934 2936 991 2982 tam
1039 2927 1106 2985 κάλ’
1103 2928 1306 3008 Ακραγαντένων
1321 2930 1344 2988 σί
1359 2928 1560 3034 έπιδημρθντες,
1577 2951 1622 2987 και
1612 2926 1763 2990 Γελώων.
1780 2930 1828 2987 καὶ

211 3011 317 3070 bellam
332 3011 572 3089 infamaverunt.)
1040 3019 1064 3076 ol
1089 3017 1165 3076 ἄλλοι
1181 3019 1352 3079 Σικελιῶται.
1371 3016 1468 3084 Τδᾶς
1461 3039 1473 3077 ε
1494 3039 1589 3093 μανιας
1612 3005 1643 3084 i<
1665 3016 1816 3092 ἐμάνην’
1791 3041 1828 3084 εις

251 3096 423 3175 ’θρίθῒῑππθζ
433 3095 594 3156 Ἀντισθένει
1041 3111 1124 3162 ταῦτα
1141 3105 1224 3164 ἐλθὼν
1240 3105 1359 3172 αόουλως
1373 3104 1407 3164 τὰ
1420 3107 1593 3183 ἀποστήματα,
1606 3107 1748 3182 ἔπαρῶμαι
1758 3107 1828 3184 ἄρδιν

209 3323 306 3373 solliciti
325 3326 406 3373 essent
418 3337 425 3370 :
436 3321 460 3371 id
476 3321 540 3371 eninr
560 3321 698 3371 securitatis
710 3334 762 3370 esse
777 3321 949 3372 documentum
968 3327 996 3374 et
1039 3329 1132 3380 neverit
1147 3329 1261 3379 mulieres
1273 3329 1452 3392 pulchritudine
1463 3329 1567 3392 insignes
1578 3332 1604 3379 et
1616 3329 1732 3391 grandem
1750 3344 1827 3393 pecu-

212 3411 295 3462 lrilaris
307 3410 381 3459 animi
393 3410 525 3472 specimen.
538 3408 644 3458 lubebat
656 3414 737 3458 autern
755 3407 779 3458 iu
797 3409 860 3458 diem
875 3409 994 3460 duntaxat
1039 3417 1114 3467 uiam.
1147 3421 1230 3480 Neque
1241 3417 1304 3478 scio,
1314 3421 1411 3479 quaudo
1424 3417 1496 3466 bomo
1510 3417 1551 3470 bic
1560 3416 1616 3467 talia
1625 3417 1735 3480 patrandi
1754 3417 1828 3469 inam

210 3499 319 3548 viventes
329 3497 439 3547 meditari
455 3497 487 3547 de
497 3497 571 3546 rebus
580 3497 631 3546 suis
640 3509 770 3557 rursusque
780 3510 833 3546 eam
843 3497 891 3548 diei
902 3501 994 3562 partem
1040 3504 1152 3554 tacturus
1166 3505 1206 3556 ait.
1219 3507 1281 3554 liene
1295 3504 1369 3566 igitur
1378 3505 1450 3566 tacis,
1463 3505 1528 3567 quod
1542 3505 1645 3556 aliorum
1661 3505 1828 3556 infelicitatem

212 3590 383 3650 spectarequa
392 3584 494 3648 quisque
503 3583 561 3648 quid
573 3587 652 3645 titre!
661 3588 702 3633 tul
710 3585 831 3646 willitftl-
841 3586 922 3634 sulum
930 3586 994 3635 enlm
1039 3592 1142 3643 moleste
1155 3593 1203 3643 ters
1217 3607 1224 3640 :
1238 3591 1351 3656 equidem
1364 3605 1422 3643 vero
1437 3595 1479 3643 tua
1490 3593 1604 3644 felicitate
1615 3594 1692 3656 laetor,
1703 3598 1731 3644 ut
1740 3597 1828 3646 eadem

214 3673 279 3736 quod
294 3685 403 3736 prensens
421 3673 482 3721 toret
502 3666 680 3721 nostmm'esse
694 3671 788 3733 aiebat,
800 3675 826 3721 at
839 3687 919 3734 neque
930 3687 991 3736 pra·
1040 3695 1096 3745 quae
1115 3684 1140 3732 tu
1156 3683 1234 3733 tacere
1246 3684 1271 3732 et
1285 3682 1385 3745 gratiam
1404 3682 1494 3732 reterre
1511 3683 1603 3732 ridear.
1625 3685 1693 3733 Vale
1710 3685 1826 3742 caricas,

211 3761 312 3809 lerllum
324 3796 331 3818 ι
345 3773 390 3808 ¹¹00
406 3766 527 3821 ‘tefflllm
548 3761 698 3836 quidquam3
719 3761 808 3824 ‘iulide
824 3761 925 3812 altemm
944 3761 995 3823 itm
1039 3770 1197 3834 quatiebas,
1210 3771 1234 3820 iu
1249 3769 1351 3820 hiemem
1363 3770 1494 3820 instantem
1507 3770 1585 3821 conde
1604 3775 1629 3821 et
1648 3785 1752 3834 repone,
1767 3773 1826 3822 tari-

211 3847 313 3908 dbllsse,
326 3848 429 3896 alterum
443 3856 535 3899 essetne
543 3851 704 3911 eventurum,
717 3850 892 3913 incompertum
902 3850 994 3901 baberi.
1040 3873 1144 3922 namque
1166 3860 1286 3911 Creticam
1317 3872 1429 3921 capesse:
1451 3859 1564 3909 omnibus
1586 3859 1650 3908 enim
1672 3860 1718 3910 isla
1737 3861 1827 3922 opibus

244 3941 283 3986 ⁰⁷·
301 3935 436 3996 Aristippus
445 3936 601 3998 ll¹¹l¹⁰⁸⁰l¹hus
611 3951 687 4000 (llum
696 3942 820 4000 U⁰i⁰0¹¹¹⁰
828 3943 915 3989 ”nllus
922 3941 995 3999 “wls
1042 3951 1156 4008 praestare
1170 3947 1282 3996 arbitror.
1299 3945 1408 3996 Praebeat
1421 3945 1465 3995 tibi
1483 3945 1704 3996 Euuecmnuslons
1716 3949 1741 3996 et
1758 3946 1827 3996 lara·

213 4023 310 4073 dicebat
321 4022 397 4072 ffl³¹⁰⁵
411 4023 474 4073 mile
487 4027 561 4086 Wltfl
571 4029 683 4088 θθθῐίθῐθ
692 4025 813 4087 clssoedffls
825 4027 866 4089 qui
878 4026 996 4090 ⁰⁰8⁰&st
1043 4034 1134 4085 tionem
1144 4037 1169 4084 et
1183 4037 1278 4097 putum.
1293 4035 1330 4083 Sit
1349 4032 1412 4084 idem
1426 4033 1472 4083 tibi
1486 4035 1572 4084 aestate
1585 4037 1611 4086 et
1630 4033 1708 4084 bieme
1726 4033 1827 4096 pallium

213 4111 343 4161 utilitatem
355 4111 540 4162 intimaverunt.
1040 4120 1176 4181 sordidum,
1188 4123 1215 4169 ut
1224 4119 1420 4170 decetlromlnem
1430 4119 1563 4182 ingenuum
1571 4121 1596 4170 in
1608 4119 1684 4170 libera
1693 4120 1823 4171 Atticuien·

1039 4209 1103 4259 aium
1118 4209 1219 4258 ciuitate
1233 4207 1380 4270 populariter
1391 4207 1523 4258 virentem.
1541 4211 1590 4270 ligo
1606 4207 1684 4267 enim,
1697 4221 1726 4258 ex
1738 4221 1787 4270 qno
1801 4209 1827 4258 in

1040 4295 1828 4359 urbemctinsulamatpranuooppressamraal,exploratumlra-

244 4378 283 4422 dt.
300 4375 354 4422 lton
377 4386 461 4436 parum
485 4373 646 4423 infortunatus
666 4385 735 4436 sum,
756 4375 921 4426 Antisthenes.
941 4379 991 4434 Qut
1040 4381 1828 4447 liobam,meintelicemtoreboecperpetientemquemadmodum

214 4460 279 4513 enim
298 4474 347 4510 uon
364 4461 425 4524 sim,
439 4475 516 4523 quum
538 4461 563 4510 in
584 4463 639 4511 aula
656 4462 752 4524 tyranni
773 4475 864 4526 verser,
885 4465 993 4528 quotidie
1041 4473 1065 4521 et
1077 4471 1405 4522 tumilriscrlbis.larnrero
1419 4483 1459 4522 me
1473 4471 1699 4535 Syracusanisque
1711 4485 1740 4522 σι
1753 4473 1828 4534 Agri·

214 4562 272 4599 roro
286 4549 384 4612 opipare
399 4547 424 4598 et
440 4549 525 4609 edam,
539 4551 563 4600 et
575 4549 669 4612 bibam,
681 4564 754 4614 porro
766 4552 892 4613 unguentis
906 4553 994 4603 odora·
1040 4561 1146 4622 gentinis
1165 4561 1189 4610 et
1207 4559 1351 4610 Gelensibus
1371 4560 1510 4625 quicunque
1526 4561 1566 4611 bic
1582 4561 1762 4624 peregrinantur
1774 4575 1827 4614 οσο-

211 4636 311 4690 tiasimis
319 4637 408 4687 niteam
417 4636 546 4700 delibutus,
555 4637 658 4700 denique
667 4638 807 4689 Tarentinas
816 4643 894 4690 restes
903 4654 994 4706 easque
1039 4647 1133 4709 terique
1150 4646 1223 4697 Siculi
1245 4647 1386 4698 nrlserantea
1401 4647 1529 4712 aspiciunt.
1547 4651 1673 4700 betericus
1688 4657 1770 4701 autem
1784 4652 1827 4700 in-

213 4727 297 4787 iungas
321 4724 454 4788 mollesque
475 4727 578 4775 traham.
596 4729 680 4790 Neque
700 4730 738 4777 est
758 4728 865 4789 protecto
884 4732 930 4794 ,qui
955 4745 996 4781 me
1040 4735 1132 4784 saulam
1153 4747 1250 4795 meam,
1263 4742 1361 4798 propter
1380 4748 1454 4798 quam
1474 4736 1565 4786 temere
1581 4735 1612 4786 ad
1630 4737 1702 4786 trasco
1722 4737 1828 4799 ineptias

214 4813 322 4876 Dionysii
334 4813 475 4864 cnrdetitate
486 4814 589 4865 liberare
601 4815 668 4878 vetit,
679 4816 720 4877 qui
732 4829 772 4865 me
783 4829 832 4867 non
846 4817 939 4881 rudem,
952 4821 994 4871 sed
1040 4820 1103 4882 abii,
1119 4821 1171 4885 ipse
1184 4821 1243 4871 milri
1252 4823 1338 4872 merito
1349 4821 1414 4871 diras
1429 4821 1558 4886 imprecor,
1568 4834 1599 4872 ne
1611 4835 1719 4884 unquam
1730 4837 1760 4873 ex
1771 4825 1827 4876 istis

214 4903 341 4952 Socraticae
350 4902 474 4965 sapientiae
483 4903 616 4954 antistitem
629 4902 734 4967 pignoris
744 4905 797 4954 loco
808 4905 908 4970 detinet,
917 4909 993 4970 cibor,
1040 4908 1111 4958 malis
1124 4921 1260 4972 emergam3
1272 4909 1329 4972 quia
1343 4923 1420 4973 quum
1434 4911 1471 4959 tot
1486 4922 1563 4960 annos
1580 4911 1681 4960 habeam
1699 4925 1728 4960 ac
1739 4924 1828 4975 sapere

215 4993 242 5038 ut
255 4989 317 5050 disi,
333 4993 466 5052 unguenta,
487 4994 566 5041 vectes
586 5005 683 5055 quoque
708 4993 847 5055 huiusmodi
875 4995 994 5046 submini-
1039 4995 1132 5060 ridear,
1141 5011 1219 5060 nequo
1230 4999 1333 5060 esurire,
1344 4998 1514 5060 trigere‚male
1527 4997 1713 5064 audire‚neque
1723 5001 1825 5052 barbam

207 5078 301 5139 alima.
317 5078 466 5135 Quinetiam
482 5090 560 5141 neque
571 5077 678 5130 divinam
693 5082 780 5130 memit
791 5095 904 5147 punam,
916 5098 995 5148 neque
1041 5086 1182 5147 promittere
1193 5085 1269 5136 volui.
1289 5089 1364 5136 Porro
1378 5085 1473 5136 mittam
1488 5087 1533 5136 tibi
1544 5087 1646 5149 grandes
1659 5088 1825 5154 candidasque

214 5162 324 5212 homines
332 5169 438 5223 reretur.
448 5165 489 5226 qui
500 5166 534 5214 ita
544 5180 641 5216 mecum
652 5168 708 5230 agit.
716 5172 808 5218 Verum
818 5184 883 5220 nunc
892 5184 994 5234 maguus
1039 5172 1153 5238 lupinos,
1165 5179 1192 5223 ut
1206 5175 1247 5223 ubi
1262 5174 1454 5225 adulescentibus
1475 5177 1602 5225 llerculem
1617 5175 1768 5240 praelegatis,
1779 5179 1823 5228 ba-

214 5251 317 5300 miserirc
332 5253 519 5302 mere-cumulus
534 5256 648 5316 accessit,
663 5269 739 5319 quum
763 5257 855 5308 siculas
876 5258 935 5308 milri
948 5260 993 5310 do-
1012 5257 1017 5310 l
1039 5260 1097 5310 beas
1118 5262 1185 5326 quod
1205 5263 1410 5313 manducatam
1428 5263 1506 5324 euim,
1522 5269 1547 5312 ut
1569 5263 1649 5326 aiunt,
1665 5277 1821 5328 nequaquam

451 4245 587 4307 Aristippus
600 4244 743 4299 Antistheni.
