3959 5925
720 373 763 432 ΙΝ
784 372 958 432 TIMAEUM
979 371 1182 432 PLATONIS.

142 509 281 572 adjumento
292 505 386 568 cognati
397 505 478 554 extimi
493 504 603 564 luminis,
617 503 722 552 masinae
735 503 832 566 quidem
844 502 921 552 solsti-
965 503 1067 564 tunicis,
1090 504 1249 564 notaverunt,
1274 502 1381 564 disparili
1397 501 1531 563 soliditate3
1554 513 1656 564 quarum
1678 501 1744 554 dilie-

144 596 221 656 iistis,
234 594 295 643 alias
305 595 386 641 umen
401 592 475 641 etiam
484 604 583 651 eornm,
593 603 648 651 quae
660 590 717 640 solis
728 591 811 669 iumen
824 591 921 638 imitau·
967 590 1083 648 rentiam,
1094 591 1321 653 proprietatemque,
1332 591 1352 638 si
1366 590 1421 652 quis
1434 588 1543 652 persequi
1554 589 1618 649 velit,
1631 589 1747 650 maiorem

142 686 192 731 tur.
224 680 300 742 igitur
309 677 427 728 extimum
441 677 537 737 lumen,
551 679 734 738 accorporatnm
746 676 829 726 lumini
838 712 846 737 ‚
856 675 922 738 quod
966 678 1089 741 proposita
1104 679 1326 740 materiasuscipiet
1339 677 1453 727 laborem.

1686 379 1743 430 288

30 775 34 780 ’
142 783 172 820 ex
187 767 264 817 oeulis
276 766 344 827 nait,
355 767 480 814 coritirmat
491 765 550 814 iliad
559 800 568 827 ,
578 767 603 814 et
616 765 671 815 iacti
685 765 797 814 idoneum
809 764 922 813 obtutum
998 768 1112 815 CCXLV.
1128 765 1242 828 iuterim,
1255 765 1336 817 uerbis
1349 765 1458 816 Platonis
1473 766 1604 828 expositis,
1615 779 1684 826 eam,
1694 780 1749 830 quu-

145 853 481 932 urrere;prupiereaqueducit
487 867 516 903 ex
525 853 583 916 ipsis
591 853 741 915 corporibus,
750 867 804 916 quaa
813 853 922 902 videntur
968 852 999 901 sit
1011 853 1036 901 in
1049 854 1085 903 liis
1098 853 1242 902 naturalium
1254 865 1395 902 arcanorum
1408 853 1604 926 comprehensio,
1619 855 1691 916 atque
1706 867 1748 904 ex·

142 945 244 995 colores.
275 941 389 992 colorum
400 955 470 1002 porro
485 941 748 1004 propriumcsserisus
757 954 856 990 sensum
869 940 923 1001 quis
968 939 1072 1003 pressio,
1091 940 1280 990 consideremus.
1313 941 1374 990 Cum
1402 941 1433 990 de
1460 940 1569 991 sensibus
1602 941 1749 1004 toqueretur,

144 1034 253 1082 uesdatt
269 1029 378 1079 Flamma
392 1033 429 1079 est
448 1029 521 1091 igitur
534 1030 662 1092 quasdam,
682 1029 773 1091 inquit,
795 1041 922 1090 corporum
968 1040 1030 1088 quos
1045 1029 1131 1091 eapitis
1142 1029 1302 1078 iustrumenta
1316 1041 1369 1079 esse
1384 1027 1491 1090 dixerat,
1503 1027 1595 1078 addidit
1611 1048 1617 1079 :

143 1121 216 1170 color
225 1118 355 1168 intendens
368 1117 531 1179 superficiem.
546 1119 607 1174 Quae
620 1129 676 1165 cum
688 1116 733 1165 erit
745 1115 847 1178 aequalis
865 1128 922 1163 ocu·
1001 1119 1054 1165 Τῶν
1077 1116 1102 1164 δὲ
1122 1115 1227 1179 ὀργάνων
1246 1121 1338 1178 πρῶτον
1362 1115 1404 1177 μὲν
1423 1114 1535 1178 φωσφόρα
1557 1114 1750 1172 σννεττντήναντο

145 1209 223 1256 loriam
235 1205 377 1268 capacitati,
392 1204 517 1254 mentiente
536 1208 611 1264 sunt,
629 1205 703 1265 atque
714 1207 801 1264 erunt,
815 1215 874 1266 qum
889 1202 922 1250 ri·
968 1201 1071 1262 ὄμματα.

145 1294 241 1343 dentur.
273 1293 337 1341 cum
354 1304 412 1340 vero
435 1291 524 1355 minor,
548 1289 627 1353 alara,
645 1294 670 1339 et
690 1289 807 1351 eandida;
827 1292 854 1338 ut
869 1302 924 1351 qiroe
1000 1290 1050 1337 Τοῦ
1062 1288 1133 1352 τυρὸς
1149 1287 1206 1336 ὅσον
1218 1288 1245 1336 τὸ
1262 1289 1303 1349 μὲν
1322 1287 1396 1336 καίων
1408 1286 1451 1336 oda
1468 1286 1538 1348 tri-pe·
1552 1285 1579 1334 ed
1595 1285 1620 1334 tt
1641 1287 1750 1348 παρέχειν

146 1381 255 1442 patulus,
270 1383 294 1429 et
307 1381 417 1441 apertus,
432 1378 499 1428 risus
514 1378 633 1428 admittat.
666 1379 691 1426 si
706 1390 764 1427 vero
783 1376 860 1438 major
875 1376 922 1425 erit
968 1377 1129 1440 ebeipepos,
1146 1377 1231 1432 alarias
1250 1373 1350 1432 ἑκάστης
1366 1375 1469 1438 ἡμέρας,
1484 1377 1556 1435 σῶμα
1572 1371 1749 1434 ἐμηχανήσαντο

144 1469 218 1528 color,
232 1467 273 1529 qul
286 1481 315 1516 ex
329 1465 471 1529 corporibus
482 1465 635 1529 evaporatur,
655 1477 729 1526 quam
743 1466 781 1514 est
796 1463 923 1513 oculorum
969 1463 1096 1524 γίγνεσθαι.
1128 1463 1218 1525 Τὸνὰρ
1231 1462 1294 1518 ἐντὸς
1307 1459 1616 1524 ἡμῶνᾶδεὶωὸνῦντωῖτω
1632 1465 1678 1523 πῦρ
1693 1460 1748 1508 elti-

144 1555 263 1616 ambitus,
277 1554 374 1615 legitur,
391 1552 594 1614 contunditnrque
607 1552 687 1614 acies,
699 1555 725 1602 et
737 1564 793 1615 quan
804 1551 923 1614 ridentur,

145 1643 191 1692 atri
205 1642 292 1692 coloris
304 1641 423 1691 ridentur.

175 1729 302 1778 ccllblll.
320 1727 406 1777 tribua
417 1740 473 1789 ergo
482 1727 519 1776 bis
531 1726 728 1777 concurrentibus
740 1725 804 1776 risus
812 1725 924 1785 exsistit,

145 1815 254 1878 lunaque
273 1814 382 1864 estrada
398 1814 495 1864 ridendi
507 1833 514 1863 ε
527 1814 608 1864 lamen
621 1813 707 1863 calods
718 1813 796 1863 indmi
808 1825 851 1875 per
865 1825 925 1862 oeu-

145 1902 181 1972 los
195 1913 290 1963 means,
305 1913 361 1962 quae
373 1901 515 1963 principalis
529 1913 602 1949 causa
613 1903 650 1950 est
666 1920 672 1949 a
693 1901 776 1949 lumen
790 1903 860 1949 eitra
878 1913 924 1962 po·

144 1992 219 2039 situm
238 1988 442 2050 consanguineam
459 1987 545 2037 lumini
559 1989 658 2048 nostro,
671 1986 737 2048 quod
752 1986 824 2035 simul
843 1998 926 2047 opera·

144 2078 193 2137 tur,
204 2080 229 2126 et
239 2076 352 2138 adjurat;
364 2075 447 2125 lumen
458 2087 571 2137 qnoque,
588 2074 654 2137 quod
669 2087 700 2123 ex
716 2074 856 2135 corporibus
867 2073 924 2122 risi·

144 2163 227 2213 biliam
242 2163 375 2225 specierum
392 2161 461 2223 ituit,
475 2163 570 2211 damma
580 2198 588 2222 ,
600 2175 644 2211 seu
661 2161 735 2210 color.
762 2160 810 2218 Qui
825 2159 923 2222 perinde

144 2256 182 2300 est
201 2251 275 2312 atque
288 2253 345 2299 sunt
358 2250 449 2310 omnia,
462 2249 514 2298 siue
526 2248 615 2311 quibus
629 2247 777 2310 propositum
787 2259 850 2308 opus
860 2245 924 2296 eldei

144 2351 194 2388 non
207 2342 299 2400 polest,
312 2339 340 2386 nt
350 2336 403 2386 siue
419 2335 584 2397 ferramentis,
596 2348 652 2398 qnae
672 2337 730 2385 sunt
739 2333 806 2397 operi
818 2333 926 2383 mado

144 2424 286 2474 necessaria.
319 2426 431 2481 Quorum
449 2423 540 2485 siquid
558 2423 650 2481 dcent,
665 2422 775 2484 impediri
789 2423 868 2471 risum
882 2433 925 2470 ne·

143 2525 212 2562 cesse
227 2514 274 2562 eat.

177 2602 303 2650 ccllLlll.
321 2601 365 2650 llis
385 2603 435 2650 mm
458 2599 543 2663 plene,
562 2601 612 2648 tam
628 2598 761 2661 diligenter,
781 2597 925 2657 elaboratis,

142 2685 247 2745 iuniores
270 2685 421 2748 pirilosopbi,
440 2687 468 2736 ut
482 2698 531 2734 non
545 2684 631 2748 optimi
649 2684 774 2745 timredes,
797 2688 925 2745 paternum

144 2784 245 2821 censum
265 2773 290 2822 ia
309 2772 386 2822 truste
409 2773 570 2835 dissipantes,
585 2771 716 2833 perlectam
732 2773 806 2834 atque
828 2771 926 2821 uberem

146 2863 286 2912 senteutiam
315 2846 456 2912 iu'muliias
477 2861 644 2923 opiniunculas
666 2860 812 2910 inciderunt.
848 2863 926 2918 Quare

146 2949 294 3013 iaciendum,
305 2953 332 3000 ut
346 2949 375 2999 ad
389 2952 480 2999 certam
493 2949 681 3013 explorationem
696 2948 813 2999 Platonici
826 2948 926 3012 dogma·

145 3039 176 3088 tis
185 3042 349 3089 commentum
361 3041 430 3088 retus
438 3038 571 3088 advocetur
582 3037 749 3099 medicorum,
762 3038 854 3105 etitem
867 3039 925 3101 play·

144 3125 264 3188 sirmium,
278 3125 407 3175 illustrium
417 3137 476 3175 sane
486 3124 611 3186 virorum,
620 3124 710 3187 qui,ad
722 3126 924 3189 comprehenden-

143 3214 199 3263 dam
222 3226 287 3263 saum
308 3218 400 3263 naturae
420 3212 569 3273 sollertiam,
591 3217 658 3263 artus
682 3212 780 3263 lanmani
802 3214 925 3277 corporis,

145 3301 205 3350 taeta
219 3300 383 3361 membrorum
392 3301 543 3363 exsectione,
559 3301 638 3351 rimati
652 3306 710 3351 sunt
724 3316 730 3349 :
745 3302 787 3364 qui
799 3302 924 3352 sublima·

145 3388 218 3449 baut,
235 3388 270 3438 ita
290 3388 390 3439 demum
411 3401 438 3438 se
453 3388 647 3451 suspicionibus,
667 3390 740 3451 atque
759 3389 923 3451 opinionibus,

145 3476 258 3525 certiores
270 3475 413 3538 tuturoe,sl
427 3478 477 3525 tam
493 3475 581 3527 ratium
599 3476 680 3537 risus,
695 3489 769 3542 quam
781 3476 844 3526 risrd
865 3476 925 3526 ralia

145 3562 289 3611 condaeret.
332 3562 527 3621 Demonstranda
545 3563 618 3624 igitur
634 3563 698 3613 oculi
721 3564 808 3613 natura
825 3565 877 3626 est;
894 3563 926 3613 de

969 1549 1044 1610 κρινὲς
1061 1549 1175 1606 ἐποίησαν
1188 1549 1227 1598 διὰ
1241 1554 1289 1598 τῶν
1305 1548 1417 1612 ὀμμάτων
1432 1552 1487 1611 ῥεῖν.

1004 1635 1134 1700 Equitius
1147 1637 1227 1698 primi
1244 1634 1348 1694 larciseri
1359 1635 1495 1684 mariarum
1508 1633 1581 1684 orbes
1598 1635 1749 1695 coruscant,

969 1727 995 1771 et
1007 1735 1083 1771 mox:

1002 1813 1066 1860 Dua
1081 1814 1161 1869 suut,
1175 1813 1277 1873 opinor,
1296 1812 1409 1860 virtutes
1433 1812 1519 1870 ipris,
1541 1807 1629 1858 altera
1644 1807 1712 1856 edax
1725 1809 1751 1856 et

969 1901 1160 1963 peremptoria,·
1171 1899 1259 1950 altera
1269 1898 1409 1949 mulcebris
1422 1899 1530 1948 inuenio
1544 1897 1649 1948 lamine.
1682 1897 1752 1952 itale

970 1990 1060 2052 leiim,
1070 2000 1103 2037 ea
1119 1999 1172 2051 praa
1185 1988 1235 2038 lux
1246 1986 1315 2037 diem
1325 1986 1447 2036 iuaebeur
1459 1985 1601 2048 panditur,
1613 1987 1753 2046 capucium

970 2077 997 2125 et
1006 2075 1151 2138 familiare
1161 2087 1256 2136 eorpus
1269 2075 1404 2126 oculorum
1420 2074 1517 2124 diuum
1529 2075 1671 2136 potestates
1682 2083 1751 2122 eom·

971 2167 1064 2214 saerata
1095 2167 1167 2214 suut.
1200 2164 1329 2212 intimum
1360 2161 1493 2226 siqnidemv
1522 2165 1605 2212 nostri
1637 2162 1752 2222 eorporis

970 2254 1071 2313 ipuem,
1081 2253 1171 2314 utpote
1183 2263 1335 2311 armannum
1347 2253 1414 2313 ipnis
1427 2249 1527 2305 lucidi,
1538 2251 1624 2300 sereni
1638 2251 1662 2298 et
1679 2247 1754 2303 desa·

971 2343 1027 2390 eati
1050 2339 1273 2402 transmarinae
1292 2352 1340 2403 per
1355 2339 1443 2390 oculas
1459 2352 1490 2388 ac
1511 2338 1654 2388 demanare
1669 2338 1754 2387 natue·

970 2429 1044 2478 runt.
1068 2407 1073 2420 ⁸

970 2514 1032 2564 solis
1045 2516 1070 2563 et
1078 2513 1205 2563 oculorum
1217 2513 1381 2575 cognationem
1396 2513 1441 2562 scit
1453 2512 1484 2562 ab
1495 2513 1592 2562 ineunte
1601 2515 1673 2562 relate
1684 2525 1751 2562 com·

971 2602 1052 2650 munis
1063 2601 1170 2650 omniurn
1184 2601 1332 2664 anticipatio.
1366 2601 1461 2663 Quippe
1472 2599 1507 2649 sol
1519 2599 1603 2649 mundi
1617 2599 1703 2649 oculus
1712 2612 1753 2663 ap·

972 2689 1076 2751 pellatur
1097 2687 1129 2738 ab
1149 2689 1272 2738 omnibus.
1306 2688 1412 2751 ideoque
1436 2687 1499 2737 idem
1522 2687 1604 2738 elicior
1621 2687 1647 2736 ln
1668 2686 1754 2736 Potitia

972 2775 1025 2839 [lib.
1043 2778 1078 2827 til
1095 2774 1258 2838 extr.]Solem
1273 2774 1372 2838 quidem
1384 2774 1540 2824 simulacrum
1558 2787 1610 2825 esse
1622 2775 1655 2825 ait
1669 2774 1752 2825 inrisi-

972 2864 1027 2914 bills
1042 2863 1102 2924 Dei,
1112 2864 1211 2913 oculum
1224 2876 1281 2913 sera
1294 2863 1356 2914 Solis
1367 2865 1393 2914 et
1405 2862 1529 2913 solstitiale
1543 2841 1671 2927 quiddam,
1683 2865 1711 2912 ut
1722 2864 1755 2927 sit¹

972 2952 1082 3003 eminens
1095 2951 1131 3001 sol
1144 2950 1284 3014 intelligibili
1300 2951 1391 3001 mundo
1401 2964 1472 3013 auus,
1485 2951 1542 3001 huic
1555 2950 1641 3001 similis
1658 2951 1683 3002 in
1698 2966 1751 3003 sen·

970 3041 1009 3090 sili
1022 3040 1108 3102 globus
1119 3040 1164 3090 iste
1178 3040 1267 3103 ignitus
1282 3039 1372 3101 luciter,
1383 3040 1453 3102 cajus
1462 3039 1618 3089 simulacrum
1627 3039 1650 3088 id
1662 3041 1753 3103 lumen,

971 3140 1021 3189 quo
1034 3127 1167 3177 illustratur
1179 3126 1245 3177 risus
1262 3126 1414 3187 animalium,
1429 3126 1454 3176 id
1468 3132 1520 3188 est,
1538 3127 1633 3178 oculus.
1668 3130 1754 3179 Finem

971 3228 1045 3279 porro
1066 3214 1146 3265 risum
1160 3227 1202 3277 per
1224 3215 1322 3275 oeulos,
1343 3215 1497 3268 corrsentinnt
1508 3216 1559 3265 tam
1574 3202 1665 3278 ptrysiei
1680 3229 1753 3277 quam

970 3309 1042 3357 etiam
1062 3306 1164 3366 medici,
1180 3304 1221 3367 qui
1236 3304 1338 3355 exsectis
1354 3304 1440 3368 capitis
1462 3306 1593 3367 membris,
1606 3306 1665 3356 dum
1686 3320 1754 3356 scru-

970 3397 1052 3446 tantur
1062 3402 1154 3443 astarte
1171 3392 1294 3455 providam
1307 3392 1454 3452 sollertiam,
1466 3396 1609 3443 notaverunt
1620 3394 1675 3443 terri
1688 3393 1753 3443 birio

971 3482 1068 3533 tramite
1080 3482 1143 3544 ignis
1157 3481 1285 3543 liquorem.

1005 3572 1076 3625 titios
1090 3570 1130 3622 eal
1143 3566 1231 3617 πυκνὸν
1245 3568 1298 3615 dior
1316 3566 1373 3630 μέν,
1386 3566 1487 3631 μάλιστα
1501 3566 1526 3614 δὲ
1541 3565 1569 3615 τὸ
1582 3566 1653 3627 μέσον
1670 3566 1752 3629 Eupili-

144 3661 194 3710 qua
209 3661 266 3697 cum
289 3648 396 3710 plerique
415 3648 471 3710 aiii,
490 3652 544 3697 tum
564 3650 686 3703 alcuimus
702 3650 882 3713 crotoniensis,
901 3651 925 3699 ia
970 3658 1081 3718 λήσανττς
1097 3662 1144 3706 τῶν
1161 3656 1301 3717 ὀμμάτων...
1314 3655 1444 3703 ademauro
1458 3654 1482 3702 δὲ
1497 3652 1567 3716 μόνον
1583 3652 1640 3702 αὐτὸ
1653 3655 1753 3719 καθαρὸν

145 3734 253 3798 physicis
270 3734 433 3795 exercitatus,
443 3734 535 3798 quique
552 3736 645 3798 primus
658 3738 819 3787 assertionem
831 3738 926 3799 smodi
972 3746 1068 3805 tantais.
1748 3752 1757 3759 '

145 3828 181 3872 est
194 3835 277 3885 ansus,
289 3826 314 3873 et
324 3822 494 3884 callisthenes,
507 3824 758 3886 aristotelisandiior,
770 3828 796 3876 et
807 3826 926 3889 lleropbi·
974 3863 979 3867 .
1009 3836 1042 3884 σι
1054 3844 1101 3895 par
1116 3831 1205 3891 leves,
1218 3829 1311 3891 inquit,
1328 3831 1510 3893 paupertasque
1522 3832 1547 3879 ιι
1567 3832 1697 3897 tanquam
1707 3830 1754 3889 pp.

144 3911 196 3973 lus,
208 3910 298 3972 malta,
311 3912 335 3960 et
347 3910 474 3973 preclara,
485 3910 511 3959 in
520 3910 600 3961 lacern
614 3911 771 3972 protulerant,
796 3915 863 3963 Duas
873 3928 926 3964 ease
972 3922 1050 3971 miori
1063 3918 1199 3969 solariata
1210 3915 1314 3987 pandos
1335 3917 1408 3968 orben
1426 3918 1554 3968 laminam
1562 3952 1570 3979 ,
1588 3930 1698 3981 quoram
1712 3922 1754 3969 ta·

143 4003 256 4059 angustas
271 3999 382 4061 semitas,
403 4011 491 4061 quasa
513 3999 604 4051 cerebri
625 4000 698 4063 sede,
720 4000 745 4051 in
763 4015 810 4064 qua
829 4006 867 4052 est
882 4003 927 4053 sita
971 4022 1031 4059 meu
1048 4010 1114 4058 esset
1133 4008 1249 4067 arausic
1262 4003 1407 4066 medietas,
1425 4005 1548 4057 subtilior
1560 4018 1667 4057 serenas
1686 4008 1754 4069 ipris

146 4087 253 4148 potestas
267 4085 357 4136 animae
371 4099 482 4149 summa,
494 4090 519 4138 et
533 4088 682 4151 principalis,
697 4089 727 4137 ad
741 4089 866 4139 oculorum
884 4105 925 4141 ea-
970 4110 1018 4160 per
1031 4093 1244 4158 eandemjlaeret
1256 4093 1434 4150 medietatem„

147 4185 232 4223 vernas
257 4177 351 4236 meent,
379 4174 515 4225 naturalem
538 4176 649 4238 spiritum
678 4177 844 4241 matinentes3
870 4192 925 4243 qam
1006 4186 1131 4235 ccxavl.
1149 4182 1213 4241 Quid
1232 4186 1307 4247 ergo?
1321 4185 1373 4233 dan
1394 4182 1461 4234 aliter
1481 4181 1573 4246 plrpsiri
1595 4181 1754 4244 membranis,

145 4275 202 4312 eum
216 4275 245 4312 ex
262 4274 312 4313 nno
324 4262 392 4313 initio
400 4264 532 4327 eademque
542 4264 622 4315 radice
634 4278 779 4328 progressae,
789 4267 928 4330 aliquantis
973 4274 1013 4324 uel
1024 4274 1095 4325 etiam
1106 4272 1194 4324 tunicis
1204 4271 1287 4322 solidis
1297 4308 1303 4335 ,
1314 4270 1430 4323 contineri
1440 4270 1566 4325 oculorum
1579 4270 1649 4327 orbes
1660 4282 1755 4321 maere-

142 4363 187 4413 per
199 4350 334 4412 coniunctae
344 4350 446 4412 sint,ia
458 4350 542 4401 ironiis
554 4352 646 4403 intimis
655 4356 857 4417 seperatre,birii
868 4370 925 4420 spe·
973 4366 1063 4423 rantes,
1078 4362 1108 4412 de
1123 4363 1207 4411 natura
1220 4374 1304 4411 eoram
1325 4358 1476 4422 interpretari
1496 4360 1617 4415 ridentur.
1650 4362 1756 4423 tagama

97 4434 103 4441 '
140 4438 387 4501 cie,perreaiantarl
401 4440 528 4489 oculorum
542 4453 661 4491 concavas
674 4442 744 4493 sedes
758 4463 765 4495 ε
778 4457 925 4508 quasaper·
974 4462 1046 4514 porro
1068 4450 1107 4500 ilia
1129 4448 1260 4505 medietas,
1283 4460 1340 4512 qum
1361 4448 1470 4512 pervenit
1487 4460 1563 4511 usque
1580 4448 1610 4497 ad
1629 4448 1756 4500 oeulomm

144 4525 258 4575 citiorum
278 4526 370 4597 obliqui
390 4527 500 4578 tramites
519 4529 683 4593 porriguntur,
707 4530 859 4595 sinuatisque
880 4533 929 4583 illic
973 4552 1045 4589 caras
1058 4538 1143 4600 sedes,
1156 4550 1211 4600 qum
1224 4538 1317 4589 aliaest
1334 4538 1484 4601 memineo,
1495 4550 1619 4600 perquam
1634 4536 1756 4600 noirrpm

144 4612 281 4663 tnnimrnm
294 4613 395 4675 gremio,
405 4616 539 4665 naturalem
550 4616 678 4668 tremorem
694 4618 833 4682 recipiente,
845 4620 929 4681 piabor
973 4628 1093 4675 aeream?

145 4699 270 4763 complent
288 4702 396 4752 munitos
416 4704 521 4765 tegmine
538 4704 720 4769 palpebrarum,
735 4718 766 4756 ex
781 4720 830 4770 quo
846 4710 929 4772 appel·
1004 4712 1079 4762 ὀταν
1097 4710 1138 4762 οὖν
1151 4712 1302 4775 μισημιρινὸν
1320 4710 1336 4773 ἦ
1355 4716 1402 4773 φῶς
1414 4712 1465 4774 arpi
1477 4686 1510 4760 τὸΙ
1517 4717 1558 4770 τῆς
1575 4711 1652 4775 ὂψεως
1666 4712 1753 4775 ῥεῦμα,

147 4786 314 4839 bulurarbes.
347 4792 424 4839 Porro
433 4790 499 4854 qnod
510 4804 540 4841 es
552 4804 601 4841 una
610 4792 668 4843 sede
677 4793 857 4856 progrediantur
868 4795 929 4846 luei-
972 4799 1026 4849 τότι
1037 4799 1150 4849 ἐκπῖπτον
1164 4798 1245 4860 ὅμοιον
1262 4798 1319 4860 πρὸς
1335 4796 1425 4859 ὅμοιον,
1445 4797 1561 4859 laucari:
1573 4796 1712 4859 γινόμενον,
1731 4797 1755 4846 tr

148 4873 205 4924 terre
211 4874 389 4939 semimarcas
398 4872 496 4942 quidem
505 4879 580 4929 sectio
588 4879 761 4945 principaliter3
771 4882 929 4933 nitrilamiuus
975 4890 1047 4948 σῶμα
1059 4884 1177 4934 ariarates
1194 4883 1291 4941 ξυνέστη
1303 4882 1365 4931 κατὰ
1374 4882 1417 4941 τήν
1430 4884 1479 4955 τῶν
1490 4881 1602 4945 ὀμμάτων
1615 4882 1755 4947 εὐθυωρίαν,

147 4965 229 5011 umen
241 4962 380 5027 intelligitur
390 4980 420 5017 ex
431 4981 462 5018 eo
476 4981 588 5031 quoque,
598 4969 663 5032 quod
676 4972 776 5033 uterque
786 4970 870 5021 centris
878 4986 929 5023 mo
972 4974 1021 5037 ὅπῃ
1035 4989 1077 5037 περ
1085 4973 1114 5021 ἂν
1123 4970 1240 5035 ἀντερείδῃ
1254 4972 1281 5022 rt
1294 4974 1442 5037 aperuimus
1452 4971 1541 5021 indoles
1554 4972 1610 5037 πρὸς
1624 4972 1696 5035 tiras
1708 4962 1763 5028 ἔξω

147 5054 234 5101 rentur
252 5065 316 5115 nna,
329 5066 374 5104 nee
391 5054 452 5106 alter
471 5057 524 5108 siue
543 5058 618 5107 altero
636 5058 728 5109 mareri
743 5062 827 5123 queat.
848 5061 928 5121 ¹oculi
973 5062 1104 5119 ξυνίησιν.

146 5150 220 5199 porro
244 5139 318 5203 ipsias
334 5142 505 5196 continentiam
527 5145 552 5196 in
571 5132 675 5210 quatuor
700 5147 859 5210 membranis,
885 5162 928 5200 seu
1005 5146 1755 5214 llapue,iaquii,esmdiaruumjatarapplteatserlriir
