3959 5925
664 402 904 462 FRAGMENTA
926 404 1059 465 vente.
1622 426 1655 474 51

72 530 211 589 dicentur.
233 530 385 590 Postremo
407 520 453 591 vel
469 553 515 591 nte
536 546 647 593 tacente
669 536 844 611 intelligitur
888 537 1045 617 όσρρίσιος,
1062 541 1091 597 οὗ
1106 537 1156 618 γὰρ
1170 540 1255 599 πόντα
1271 542 1331 599 ποτὶ
1345 540 1430 599 πόντα
1448 541 1494 600 τάν
1508 545 1588 603 αὐτόν
1606 546 1661 623 ἔχει

72 615 199 693 πλήρωμα
206 616 281 675 bene
289 620 453 677 restitutum
462 640 526 679 esse
535 621 573 679 ab
581 622 722 681 lleerenie
732 643 786 700 pro
797 644 843 681 co·
888 629 1068 705 συναρμογοίν·
1080 625 1140 687 οὔτε
1152 627 1204 705 μίαν
1218 631 1248 687 iit
1262 627 1387 688 πλειόνων
1403 628 1449 704 μὲν
1463 630 1508 688 καί
1523 632 1661 707 ἀνομοίων,

72 704 165 762 dicum
180 706 325 783 scriptura
342 707 469 782 μήνωμα.
488 708 600 768 Etenim
616 708 724 792 πλήρεις
734 711 843 787 Pytna·
888 718 939 773 τῶν
962 714 1094 797 τυχόντων
1119 716 1258 795 μόντοιγε,
1274 716 1341 775 ἀλλά
1359 720 1411 774 τῶν
1431 716 1530 776 ποττόιν
1552 722 1590 777 τῶ
1608 718 1661 778 όλω

71 794 164 863 goreis
174 814 238 852 cum
253 795 304 852 alii
319 808 386 853 sunt
398 798 514 855 numeri
528 798 671 875 imperes,
692 811 752 855 tum
772 818 842 856 vero
888 802 1054 881 συστάματος
1068 803 1234 883 ἐκπλάρωσιν
1245 805 1290 865 καλ
1307 803 1425 872 σύνταξιν
1437 805 1481 863 καλ
1494 807 1660 884 συναρμογὰν

71 880 131 954 ipsa
145 883 255 953 unitas,
270 896 438 942 caeterorum
451 886 627 964 principium
638 900 667 946 et
682 888 757 945 lons.
772 887 843 945 Vide

71 967 215 1027 Plutarch.
229 970 266 1028 de
279 973 340 1029 vita
353 983 382 1029 et
390 974 472 1049 poesi
486 974 604 1033 Homeri
617 995 681 1053 cap.
697 975 766 1051 sib,
780 975 855 1033 rol..

70 1052 131 1109 xlv
146 1075 213 1132 pag.
229 1058 284 1130 547
296 1060 342 1119 ed.
357 1059 486 1139 llutten.]

98 1186 149 1245 ΕΚ
169 1188 250 1247 ΤΩΝ
271 1191 394 1252 rents
416 1193 622 1253 ΛΕΥΚΑΝΟΥ
643 1194 814 1254 ΠΥΘΑΓΟ-

147 1279 376 1340 perornent
398 1280 586 1340 sennenn
607 1280 761 1344 ΦΥΣΙΟΣ.

105 1413 195 1479 Φύσις
209 1410 335 1491 ἀνθρώπω
346 1410 434 1471 κανών
446 1434 489 1489 μοι
503 1413 575 1471 δοκεῖ
583 1412 656 1488 νόμω
673 1434 702 1471 τε
713 1412 759 1472 καλ
770 1414 842 1480 δίκας

67 1494 131 1578 ἦμεν
145 1501 192 1561 καί
211 1499 276 1559 eluro
296 1522 326 1557 τε
348 1500 394 1558 καὶ
411 1498 511 1568 πόλιος.
553 1499 645 1579 Ἰχνια
664 1499 715 1579 γάρ
729 1502 756 1558 ἀν
771 1505 843 1582 αὑτῷ

68 1588 251 1664 οτιὸαζόμενος
260 1586 361 1665 ιίίροντό
372 1585 408 1645 κά
420 1609 459 1654 τις
476 1588 521 1646 καλ
532 1588 735 1664 μασττυόμενος.
753 1588 842 1666 Νόμος

69 1678 118 1755 γὰρ
133 1680 160 1735 ἐν
176 1677 248 1753 αάτῷ
261 1673 306 1731 καλ
319 1672 393 1745 δίκα,
403 1673 480 1741 aas<
491 1678 578 1755 ψυχᾶς
589 1676 645 1733 ἐστι
658 1676 839 1749 διακόσμασις.

69 1762 215 1844 Τριχθαδία
230 1762 281 1841 γὰρ
297 1760 447 1839 ὑπάρχουσα
462 1762 505 1821 ἐπὶ
516 1762 675 1842 τριχίαόίοις
687 1762 770 1843 ἔργοις
781 1786 842 1823 συν»

68 1853 172 1913 ε’στακτ.
213 1850 328 1924 Γνόνμαν
344 1850 390 1908 καλ
406 1848 529 1928 φρόνασιν
544 1850 743 1930 ίργαζόμενοςό
764 1850 839 1924 νόος,

68 1940 113 1999 καί
127 1938 212 1998 ἀλκὰν
223 1937 270 1996 καί
282 1934 392 2011 δύναμιν
406 1934 563 2014 ἀθιίμωσις,
577 1936 622 1995 καί
637 1936 720 2016 ἔρωτα
733 1938 779 1996 καί
801 1964 842 2019 pt·

68 2025 228 2106 λορροσιίναν
257 2025 275 2083 ἃ
304 2023 441 2100 ἐπιθυμία.
485 2026 540 2085 Καὶ
566 2023 636 2099 οὕτω
670 2024 842 2085 συντέτακται

71 2120 154 2171 ταῦτα
165 2114 228 2171 ποτ’
247 2114 350 2172 ἀλλαλα
364 2111 472 2186 πάντα,
488 2109 557 2170 ὥστε
570 2113 650 2179 αὐτᾶς
666 2112 698 2171 τό
715 2110 762 2187 μὲν
777 2112 842 2189 κρό-

71 2224 156 2258 τιστον
174 2198 313 2277 ἀνίεσθαι,
323 2198 354 2257 τό
369 2198 397 2257 δὲ
414 2206 501 2277 χεῖρον
520 2198 662 2277 ἄρχεσθαι,
679 2198 709 2256 τὸ
722 2198 749 2256 δὲ
764 2198 841 2274 μέσον

71 2287 153 2345 αίσαν
167 2286 260 2365 tripu
271 2284 345 2353 τάξιν
356 2285 402 2343 καλ
420 2285 499 2364 ἀρχεν
513 2287 558 2342 καὶ
571 2284 706 2363 ἄρχεσθαι.
748 2287 842 2343 Ταῦτα

69 2376 92 2432 δ’
106 2374 188 2439 citos<
198 2373 315 2450 ίμόσατο
331 2372 490 2450 κατὰλόγον
506 2376 520 2430 ὁ
535 2376 591 2439 θεὸς
605 2378 631 2433 ἐν
641 2384 676 2454 τᾷ
691 2372 842 2431 insensior·

69 2461 112 2519 καλ
129 2460 270 2540 ἐξεργασία
282 2463 321 2518 τῶ
340 2460 495 2538 ἀνθρωπίνω
507 2460 680 2532 σκοίνεος,ότι
699 2464 775 2536 μόνον
792 2462 843 2520 ἄν·

67 2554 171 2628 θρωπον
183 2548 307 2607 ίνυιίσατο
316 2545 390 2623 νόμω
405 2570 434 2605 τε
447 2547 494 2606 καί
507 2548 580 2613 δίκας
595 2549 749 2628 ἐπιδέκτορα
765 2550 843 2627 γενέ-

67 2642 140 2710 σθαι,
154 2636 202 2696 καί
221 2635 293 2695 ostis
309 2636 374 2695 ἄλλο
388 2639 441 2694 τῶν
455 2640 555 2693 θνατῶν
576 2636 659 2716 ζῴων.
702 2636 771 2696 Οὔτε
791 2637 842 2716 χάρ

68 2725 94 2792 ἐξ
110 2724 168 2791 ἑνός
188 2723 310 2800 σόσταμα
324 2722 460 2788 κοινωνίαι
476 2722 576 2801 γίνοιτό
588 2746 643 2801 κα,
666 2723 725 2781 οὗτε
741 2723 792 2799 μὰν
813 2728 843 2784 ἐκ

67 2812 213 2891 πλειόνων,
227 2813 322 2887 ὁμοίων
337 2811 365 2869 ii
383 2810 497 2869 τούτων·
516 2810 618 2887 ivi-(xo
642 2810 705 2887 γάρ,
726 2810 784 2870 ἐπεί
808 2810 842 2869 τά

65 2902 212 2979 πράγματα
227 2898 382 2981 διαρίροντά
404 2902 474 2974 ἕντο,
490 2898 536 2956 καὶ
557 2898 605 2966 τάς
625 2898 731 2973 tripli
750 2896 843 2978 μοίρας

67 2999 112 3055 τᾶς
129 2993 219 3070 ψυχᾶς
232 2988 361 3070 δταρόρως
375 2979 458 3064 ἦμεν,
473 2986 564 3067 ὥσπερ
578 2986 623 3045 καλ
639 2986 684 3043 ἐπὶ
696 2989 734 3043 τῶ
750 2985 843 3061 σώμα-

66 3101 108 3143 τος
129 3075 235 3156 όράσιος
256 3075 302 3134 καί
323 3069 424 3154 ἀψιοςὴ
443 3074 489 3132 καί
510 3075 590 3140 dame
611 3072 656 3131 καὶ
673 3071 774 3149 γεόσιος
796 3071 842 3130 καὶ

88 3272 129 3319 EX
149 3269 260 3319 anese:
272 3269 389 3318 Lucem
403 3267 596 3336 emtosot’ttt
615 3267 829 3316 ettnsnotttt

228 3357 322 3406 btlttte
339 3356 384 3405 be
400 3357 530 3405 HOMINIS
546 3356 681 3404 NATURA.

97 3488 213 3539 ttominis
221 3493 309 3538 nature
322 3487 381 3536 mitti
391 3500 476 3536 norma
488 3491 536 3535 tam
546 3486 603 3548 lepis
614 3499 688 3548 qumi
702 3486 763 3546 juris
776 3487 839 3550 puri·

65 3580 151 3640 terque
172 3575 262 3624 domus
282 3588 312 3624 ae
331 3575 437 3624 civitatis
460 3573 636 3624 videturesse.
667 3578 729 3637 tiam
749 3574 843 3636 siquis

63 3678 153 3712 eornm
162 3662 264 3725 vestigia
282 3664 377 3726 quierat
387 3675 417 3710 ao
433 3657 565 3722 ieruletur,
578 3662 603 3710 in
616 3672 643 3710 se
656 3661 709 3722 ipso
725 3661 842 3723 invenial5

65 3754 189 3816 siquidem
207 3753 249 3802 lex
259 3753 284 3802 in
295 3752 350 3814 ipso
359 3752 448 3814 iusque
458 3751 572 3813 cernitur,
583 3765 639 3813 qum
655 3755 692 3799 est
700 3751 773 3799 animi
785 3765 842 3799 con-

62 3840 188 3890 iormatio.
220 3840 319 3901 Triplex
338 3839 405 3888 eninr
422 3840 561 3901 quamsit,
576 3837 712 3912 triplicibus
731 3839 844 3900 operibns

62 3929 173 3978 intentus
198 3929 245 3978 est.
278 3927 432 3976 Intellectum
453 3925 518 3975 enim
540 3928 565 3976 et
594 3926 745 3987 prudentum
770 3926 844 3975 cilicii

60 4030 149 4074 mens,
158 4004 210 4064 vim
222 4017 247 4064 et
264 4015 338 4064 robur
348 4013 486 4073 iracundia,
497 4027 605 4064 amorem
615 4027 644 4062 ae
652 4013 843 4062 benevolentiam

61 4103 196 4165 copiditas.
227 4104 309 4163 Atque
322 4101 375 4151 bec
395 4100 477 4150 omnia
495 4100 557 4149 luter
577 4113 603 4150 se
620 4114 649 4150 ea
666 4100 843 4160 necessitudine

58 4194 206 4254 junguntur,
217 4192 246 4240 ut
263 4190 317 4251 ejus
332 4190 423 4253 optime
433 4190 531 4253 quidem
548 4203 603 4251 pars
614 4189 715 4253 imperet
723 4227 730 4251 ,
738 4191 844 4254 pessima

58 4279 144 4328 autem
154 4280 247 4341 pareat,
258 4277 404 4326 medisvero
413 4277 515 4327 mediam
523 4278 612 4326 sortem
619 4284 688 4326 nacta
696 4278 782 4339 partim
796 4277 843 4327 im-

59 4369 139 4428 peret,
149 4364 240 4430 partini
249 4368 340 4427 pareat.
364 4368 423 4415 tien
432 4366 513 4414 alitem
520 4372 607 4414 cunae
614 4366 650 4413 sie
656 4365 775 4427 sapienter
785 4366 844 4416 deus

59 4454 85 4502 io
98 4452 215 4516 tingendo
231 4452 387 4515 faciendoque
401 4464 501 4514 corpore
512 4452 619 4502 heinmo
633 4453 782 4504 machinatus
792 4458 842 4516 est,

57 4541 127 4602 qnod
145 4527 269 4589 hominen
281 4539 359 4588 solum
371 4539 449 4588 votuit
463 4538 562 4600 legisse
574 4539 635 4600 luris
652 4551 765 4600 capacem
778 4539 844 4600 fieri,

887 889 1029 971 τυχόντων.
1072 892 1113 951 Οὔ
1132 891 1211 967 μόνον
1234 891 1260 951 δὲ
1275 894 1304 951 ἐκ
1321 892 1455 951 πλειόνων
1472 892 1517 951 καί
1532 894 1660 969 ἀνομοίων

887 978 933 1037 καί
946 981 999 1037 τῶν
1010 982 1036 1043 t<
1045 978 1075 1037 τ“ο
1090 977 1149 1037 ὅλον
1160 978 1206 1037 καλ
1220 980 1250 1037 τὸ
1269 978 1363 1037 τέλεον.
1373 980 1518 1059 τυχόντων,
1533 982 1601 1039 ἀλλὰ
1616 983 1660 1039 καὶ

888 1067 973 1123 αὐτῶν
982 1064 1080 1125 τούτων
1091 1066 1138 1123 οάκ
1149 1065 1253 1125 εἶκαίων
1263 1068 1308 1125 καί
1321 1070 1356 1132 όις
1370 1066 1445 1146 ἔτυχε
1458 1068 1660 1148 συνταχθέντωυ,

887 1150 955 1209 ἀλλά
971 1152 1038 1230 μετό
1051 1176 1118 1221 τινος
1128 1152 1202 1231 νόμω
1220 1153 1265 1213 καλ
1279 1153 1406 1235 ἔμφρονος
1418 1156 1582 1223 ἐπιστασίας.
1625 1162 1663 1217 At

886 1262 916 1297 τε
928 1240 980 1316 γὰρ
990 1240 1039 1299 τόν
1053 1240 1114 1299 lom
1135 1240 1241 1323 ίρίρττο
1258 1249 1352 1322 μοῖραν
1368 1242 1413 1300 καὶ
1427 1243 1548 1321 δυνάμιος
1562 1245 1607 1303 καί
1622 1269 1661 1303 τι·

888 1332 940 1399 μᾶς
952 1325 1062 1401 ἀνόμοια
1077 1324 1168 1398 ἐόντα,
1179 1326 1224 1385 καί
1245 1328 1278 1385 τὰ
1294 1328 1341 1401 μὲν
1355 1330 1475 1408 χερείονα
1497 1328 1531 1387 τὰ
1553 1330 1581 1389 δὲ
1598 1333 1663 1411 κάρ·

887 1414 966 1491 μονα,
981 1412 1052 1471 τὰδὲ
1068 1414 1153 1489 μέσα,
1167 1412 1197 1473 οὗ
1211 1436 1246 1472 κα
1259 1413 1367 1473 ἐδύνατο
1381 1422 1392 1451 ²
1405 1418 1421 1475 ἀ
1433 1418 1501 1477 κατὰ
1512 1417 1599 1499 ψυχάν
1610 1423 1661 1477 τῶν

888 1501 986 1579 μερέων
1001 1499 1122 1559 κοινωνία
1137 1505 1353 1579 συναρμοσθῆμεν
1367 1500 1396 1540 ‘¹-
1413 1504 1441 1561 ul
1454 1528 1481 1563 τι
1498 1504 1545 1563 τάν
1558 1504 1660 1577 ἀνίσου,

887 1586 924 1662 μὴ
939 1586 973 1645 τά
986 1588 1100 1669 κάρρονα
1114 1588 1164 1646 ‘il
1176 1590 1223 1647 sint
1239 1590 1344 1662 μείζονα
1354 1600 1446 1669 μοῖραν
1458 1592 1574 1673 ἀρίρττο,
1590 1595 1657 1652 ἀλλὰ

886 1673 920 1732 sir
937 1674 1071 1754 χερείονα,
1089 1673 1174 1735 πολλοί
1191 1674 1248 1733 καῐ
1268 1677 1399 1757 ἀρροσόνα
1419 1678 1464 1736 καί
1485 1678 1579 1747 ἀταξία
1600 1682 1661 1759 περὶ

885 1761 933 1821 τάν
947 1761 1034 1843 ψυχὰν
1048 1766 1178 1842 ὑπᾶρχεν·
1194 1762 1223 1821 αἶ
1239 1786 1268 1821 τε
1287 1764 1321 1821 τὰ
1335 1765 1451 1845 κοίῤῥονα
1472 1764 1518 1843 μίν
1534 1766 1582 1826 τάν
1602 1768 1661 1843 μεί-
1686 1782 1689 1787 ’

885 1851 946 1916 ζονα
965 1854 978 1893 ⁸
985 1895 996 1925 ,
1008 1848 1042 1907 sd
1053 1849 1172 1928 χερείονα
1194 1848 1221 1907 il
1234 1848 1282 1908 τάν
1301 1850 1409 1925 μείονα,
1425 1850 1462 1927 μὴ
1474 1852 1534 1911 ποτὶ
1548 1852 1622 1930 λόγον
1634 1854 1662 1911 δὲ

886 1936 997 1995 ἕκαστον
1012 1935 1129 2009 τούτων,
1154 1934 1183 1995 οὕ
1201 1960 1235 1994 κα
1250 1937 1382 1996 ἐδύνατοΙΙ
1402 1938 1508 2015 ὁμόνοια
1523 1940 1569 1998 καί
1589 1942 1663 2020 puts

885 2023 930 2082 καί
947 2022 1083 2091 δικαιότας
1099 2016 1166 2100 ἧμιν
1178 2023 1238 2103 περλ
1252 2024 1300 2083 τάν
1316 2025 1418 2103 ψυχόν,
1432 2026 1488 2085 ἐπεὶ
1502 2018 1538 2085 ὧν
1553 2026 1661 2085 ἕκαστον

886 2110 913 2169 iv
928 2112 989 2171 ποτλ
1001 2110 1076 2189 λόγον
1091 2111 1262 2171 συντίτακται
1275 2112 1319 2171 τόν
1331 2112 1476 2191 ἁρμόζοντα
1487 2156 1495 2191 ,
1508 2114 1538 2173 τὸ
1549 2114 1662 2173 τοιοῦτόν

886 2220 954 2279 φαμι
975 2198 1028 2277 ἐγὼ
1049 2198 1201 2259 δικαιότατα
1223 2192 1302 2275 ἦμεν.
1346 2199 1400 2261 Καὶ
1424 2200 1475 2278 μὰν
1501 2201 1607 2275 ὁμόνοιά
1624 2225 1662 2268 τις

885 2285 931 2344 καί
945 2286 1112 2367 δμοιρροσόνα
1132 2287 1225 2346 ὀπαδεῖ
1239 2296 1272 2366 τᾷ
1287 2286 1406 2367 roteriis.
1447 2290 1472 2349 Τ
1474 2288 1487 2345 ὸ
1502 2287 1529 2345 δὲ
1544 2294 1661 2347 τοιοῦτον

887 2372 993 2440 δικαίως
1012 2398 1047 2432 κα
1059 2373 1162 2452 λέγοιτο
1177 2375 1284 2451 εὐνομία
1299 2366 1366 2449 ἦμεν
1378 2384 1426 2441 τᾶς
1436 2378 1536 2455 ψυχᾶς,
1553 2376 1609 2441 ἅτις
1633 2379 1663 2434 ἐκ

886 2463 924 2519 τῶ
940 2460 1020 2539 όρχτν
1036 2459 1083 2538 μίν
1100 2462 1129 2519 τὸ
1142 2462 1252 2541 recipior,
1263 2462 1389 2541 ἄρχεσθαι
1402 2462 1429 2521 δὲ
1441 2463 1470 2520 τὸ
1482 2462 1582 2541 χέρειον
1597 2464 1661 2540 κρό-

886 2570 928 2614 τος
950 2548 1097 2627 ἐπιφέροντα
1111 2547 1157 2614 st<
1177 2549 1280 2628 ἀρετός.
1327 2549 1378 2607 Καὶ
1403 2548 1476 2628 φιλία
1496 2548 1523 2607 dl
1539 2549 1583 2606 καὶ
1599 2548 1663 2627 ἔρως

888 2635 934 2692 καί
952 2634 1129 2714 ριλορροσόνα
1150 2633 1283 2714 σύμφυλος
1306 2634 1352 2693 καλ
1375 2634 1501 2713 συγγενὴς
1520 2639 1549 2695 lx
1563 2638 1663 2699 τούτοιν

888 2719 1064 2788 ἐξεόλόστασε
1077 2724 1128 2779 τῶν
1144 2720 1254 2797 μερέων.
1297 2720 1441 2797 Συμπιίθει
1452 2722 1498 2799 μὲν
1514 2721 1564 2801 γὰρ
1580 2728 1593 2781 ὁ
1606 2724 1662 2791 νόος

886 2805 1093 2889 όραυγοόμενος,
1114 2808 1206 2886 ἔραται
1221 2810 1248 2867 δὲ
1269 2810 1285 2869 ἃ
1306 2809 1446 2885 ἐπιθυμία,
1469 2810 1532 2869 iil
1548 2808 1662 2888 θόμωσις

887 2894 1076 2974 ipsissimis«
1094 2895 1198 2972 μίνεος,
1217 2895 1298 2977 ίχθρορ
1317 2895 1404 2964 ζέοισα
1420 2898 1427 2936 ¹
1441 2897 1505 2978 ρίλα
1516 2898 1616 2976 γίνιται
1630 2909 1663 2980 τᾳ

887 2985 1022 3063 ἐπιθυμία.
1065 2982 1190 3062 Ἅρμόξας
1204 2982 1256 3064 γὰρ
1275 2987 1289 3042 ό
1307 2985 1363 3051 νόος
1377 2983 1408 3044 τό
1426 2983 1474 3044 ἁδὺ
1494 2989 1532 3064 τῷ
1553 2991 1662 3066 λυπηρῷ

887 3071 1169 3151 συγκατακερώμτνος,
1190 3071 1235 3130 καλ
1248 3071 1278 3130 τὸ
1296 3071 1415 3130 σύντονον
1434 3072 1479 3131 καὶ
1494 3073 1603 3152 σφοδρὸν
1622 3079 1660 3154 τῷ

886 3238 1025 3300 quibusvis,
1038 3249 1123 3287 rorum
1138 3251 1167 3287 ex
1182 3237 1212 3286 iis
1225 3251 1280 3299 (τινα
1297 3239 1328 3286 ad
1346 3239 1475 3300 perlectam
1495 3241 1545 3288 suis
1559 3242 1664 3290 numeris

886 3332 912 3376 et
923 3328 1059 3376 absolutum
1073 3327 1148 3376 totius
1161 3327 1268 3389 eorporis
1280 3340 1418 3389 compagem
1435 3329 1576 3388 pertineant.
1611 3331 1662 3378 Nou

886 3419 966 3463 etitem
985 3427 1016 3464 ex
1037 3413 1146 3478 pluribus
1166 3414 1244 3462 solnm
1269 3418 1293 3463 et
1313 3414 1481 3473 dissimilibus,
1500 3414 1610 3476 qemuris
1632 3415 1662 3462 ad

888 3501 961 3550 totius
973 3502 1202 3550 consummationem
1211 3505 1333 3562 spectent,
1345 3513 1422 3562 neque
1431 3502 1519 3549 temere
1530 3503 1555 3549 et
1566 3501 1662 3548 fortuito

887 3587 947 3650 sint,
963 3588 1006 3638 sed
1019 3591 1069 3649 lege
1085 3587 1190 3650 quadam
1208 3593 1232 3637 el
1243 3587 1371 3651 prudentia
1385 3589 1534 3636 concinnato.
1569 3587 1662 3650 Etenim

887 3675 938 3726 sire
950 3690 1032 3738 punem
1042 3677 1185 3727 sortirentur
1196 3679 1340 3738 potestatem
1354 3676 1427 3736 elque
1437 3675 1551 3722 bonorem
1564 3673 1627 3723 inter
1638 3687 1664 3722 se

888 3764 1091 3824 dimimilia,qure
1109 3765 1193 3824 prrtim
1207 3762 1337 3819 deteriora,
1354 3759 1440 3822 partim
1457 3761 1564 3822 potiora,
1578 3762 1663 3824 partim

889 3849 961 3900 medii
982 3849 1075 3911 generis
1096 3849 1188 3906 iurent.
1213 3861 1260 3895 nen
1275 3851 1355 3909 posset
1371 3847 1443 3894 animi
1464 3848 1567 3908 partium
1590 3849 1664 3910 proba

888 3937 1001 3986 constitui
1018 3935 1155 3986 communio
1171 3950 1177 3982 :
1195 3935 1246 3983 site
1262 3935 1377 3996 imparem
1392 3946 1421 3982 ae
1436 3933 1550 3994 maiorem
1570 3937 1663 3996 partem

888 4036 937 4072 non
962 4024 1070 4086 potiora,
1091 4023 1132 4072 sed
1153 4021 1271 4072 deteriora
1296 4024 1509 4082 consequerentur,
1533 4033 1618 4083 magns
1639 4021 1663 4068 in

887 4111 969 4159 animo
985 4109 1120 4173 iusipientia
1135 4113 1159 4158 et
1174 4109 1281 4158 contusio
1293 4107 1434 4157 exsisteret:
1447 4108 1497 4156 sive
1511 4107 1602 4169 potiora
1614 4105 1665 4168 quti-

888 4199 943 4248 dem
956 4199 1088 4262 maiorem,
1098 4198 1217 4248 deteriora
1233 4196 1437 4257 verumtamem,
1453 4209 1502 4245 non
1518 4199 1597 4245 lamen
1614 4195 1665 4244 siu·

890 4285 1026 4348 pelorum„
1041 4287 1067 4333 ut
1090 4297 1132 4347 par
1154 4286 1204 4342 est,
1227 4282 1309 4332 iubila
1333 4281 1438 4344 ratione,
1455 4281 1519 4330 baud
1540 4285 1620 4342 posset
1639 4279 1665 4327 iu

891 4369 1446 4432 ammoroncordia,srnicitisaciustilisgigni.
1479 4371 1559 4424 Quare
1568 4365 1665 4428 oriendo

889 4459 981 4520 singnta
998 4459 1082 4507 rationi
1098 4457 1265 4505 convenienter
1281 4455 1395 4517 disposita
1407 4457 1477 4516 sunt,
1491 4455 1538 4503 boe
1553 4453 1664 4515 equidem

889 4547 1004 4610 justitiam
1017 4561 1070 4596 esse
1089 4547 1135 4607 aio.
1169 4547 1237 4595 itanc
1253 4545 1318 4594 enim
1332 4545 1525 4594 constitutionem
1538 4541 1666 4592 coneordia

58 4627 210 4689 posthabiti·
218 4627 620 4677 wittitmetitliltttttnlmtllbut·
652 4629 712 4676 Nem
723 4640 844 4690 nequem
891 4634 1004 4697 qrraedm
1022 4637 1047 4682 et
1063 4634 1189 4684 consensio
1209 4621 1328 4695 sequitur.
1362 4632 1407 4682 itte
1423 4631 1494 4692 'uritur
1509 4633 1573 4680 recle
1589 4630 1666 4678 bourn

56 4730 110 4766 ⁰¹¹⁰
126 4717 245 4765 ⁰⁰⁰⁶i⁸t⁰
257 4714 511 4776 Wiwmmssflllil
525 4717 551 4763 θῑ
563 4714 716 4776 ⁰⁰¹¹i¹¹¹¹⁰ll⁰s
725 4727 843 4776 Nilum
891 4723 964 4772 animi
979 4723 1171 4782 staturosum,
1184 4721 1285 4783 quitum
1301 4719 1400 4782 potioris
1414 4719 1526 4780 imperio,
1537 4725 1587 4767 tum
1599 4717 1666 4766 dete-

56 4803 588 4868 pluribuosimilibus,(utenimvanasour
601 4805 754 4866 uegetum
766 4807 846 4868 peries
890 4811 959 4858 rioris
970 4809 1086 4870 obsequio
1100 4809 1200 4858 virtutes
1211 4807 1334 4870 producat.
1367 4807 1431 4864 Quin
1444 4806 1515 4854 etiam
1528 4805 1667 4854 amicitiast

54 4906 163 4957 quoqne
177 4893 252 4941 animi
272 4893 351 4942 τινίοο
364 4893 389 4940 in
405 4891 474 4942 nobis
494 4904 546 4942 esse
564 4894 674 4954 oportet,
687 4892 845 4954 qnemsdmo·
890 4911 960 4948 amor
973 4903 1046 4958 atque
1068 4897 1114 4946 iltis·
1128 4896 1228 4944 linitima
1239 4900 1263 4944 et
1272 4895 1373 4956 regnata
1384 4892 1546 4942 benevolentia
1557 4905 1588 4941 ex
1602 4892 1667 4940 trisse

57 4984 119 5032 dum
133 4983 162 5032 et
177 4980 203 5030 in
219 4993 319 5042 corpore
338 4979 421 5040 risus,
435 4982 529 5042 taetus,
544 4980 655 5041 auditus,
668 4982 767 5041 gustus,
783 4979 845 5030 olla·
893 4984 1005 5047 partibus
1016 4982 1117 5033 exsistit.
1151 4981 1296 5032 blensenim
1310 4977 1668 5044 consideranspersuadei‚em

56 5075 115 5118 ctus
126 5068 294 5132 reperiuntur,
307 5067 504 5130 quandoquidem
515 5080 564 5116 non
576 5066 688 5117 omnibus
699 5068 781 5118 omniu
795 5069 845 5131 pari
881 5067 979 5134 “piditas
991 5071 1099 5134 oppetit,
1113 5070 1149 5119 ira
1166 5069 1266 5131 spiritus
1283 5069 1350 5131 plena
1362 5070 1387 5118 et
1398 5067 1453 5116 odis
1468 5066 1561 5117 terreus
1573 5065 1665 5127 cupidi·

56 5157 136 5206 ruodo
160 5156 340 5217 conventum)
361 5168 440 5218 neque
458 5169 489 5206 ον
509 5155 619 5218 pluribus
640 5155 798 5206 dssimllliiua
817 5158 845 5206 et
895 5158 1095 5209 talleonciliatur.
1128 5159 1222 5209 Etenim
1236 5169 1303 5206 meru
1313 5155 1420 5219 ineunda
1434 5168 1490 5204 cnm
1502 5154 1562 5204 tristi
1580 5153 1667 5215 rigida-

1568 5245 1589 5283 t.
