3959 5925
568 1108 573 1119 Κ
642 794 1172 1045 Prasino.

757 1238 1037 1273 ——403—

175 1502 344 1591 Quamvis
363 1499 664 1599 pbilosophorum
681 1505 888 1571 Graecorum
906 1499 1088 1596 coryphaei
1106 1500 1205 1571 Plato
1223 1516 1259 1571 et
1277 1503 1481 1573 Aristoteles
1500 1505 1546 1575 ab
1566 1509 1682 1579 omni-

126 1628 196 1699 bus
209 1626 420 1721 leganturac
433 1648 532 1722 paene
548 1623 770 1694 ediscantur:
792 1636 910 1693 tamen
921 1648 966 1694 ne
977 1638 1122 1695 caeteros
1137 1626 1305 1722 quidem,
1322 1654 1477 1724 quorum
1494 1635 1625 1730 scripta
1644 1653 1679 1706 et

130 1751 323 1845 fragmenta
331 1761 479 1835 exstant,
491 1746 718 1841 negligendos
729 1770 803 1815 esse
809 1747 884 1839 jam
898 1745 1038 1843 pridem
1050 1747 1215 1818 viridocti
1226 1749 1444 1843 judicarunt.
1455 1755 1561 1839 Quod
1576 1758 1684 1850 igitur

126 1895 349 1970 speraveram
368 1870 444 1941 sore
463 1884 503 1940 ut
516 1894 606 1967 opus
620 1884 779 1961 ¹veterum
798 1866 942 1939 illorum
967 1870 1149 1965 sapientiae
1166 1873 1365 1944 antistitum
1383 1875 1550 1973 reliquias
1565 1882 1678 1950 conti·

125 2020 214 2067 nens
227 2009 262 2065 et
274 1992 321 2065 ad
339 1993 562 2065 eruditorum
576 1990 705 2063 nostrae
722 1992 831 2061 aetatis
849 1991 1039 2062 hominum
1053 1992 1169 2063 studia
1180 1997 1493 2070 accommodatum
1508 2004 1630 2098 peritis
1649 2019 1684 2072 et

124 2120 232 2217 aequis
247 2118 428 2215 judicibus
442 2118 597 2217 placeret
618 2142 626 2185 :
650 2116 687 2186 id
706 2100 900 2186 multorum
920 2090 1104 2184 sententiis
1118 2139 1160 2184 ac
1179 2118 1389 2189 testimoniis
1408 2123 1680 2219 comprobatum

124 2258 187 2315 est.
252 2292 255 2296 ·

173 2428 262 2495 Nam
281 2446 397 2520 neque
416 2424 454 2493 in
471 2396 584 2493 Gallia
599 2420 662 2515 (1),
678 2444 792 2515 neque
810 2421 847 2487 in
865 2418 1044 2488 Britannia
1057 2418 1121 2512 (2),
1139 2442 1255 2514 neque
1276 2420 1314 2489 in
1339 2420 1457 2515 Belgio
1485 2422 1550 2517 (3),
1568 2448 1685 2520 neque

124 2549 163 2617 in
178 2547 368 2619 Germania
388 2545 439 2640 (4)
462 2544 652 2615 defuerunt
674 2544 736 2640 qui
757 2542 914 2638 primum
935 2538 1105 2609 volumen
1125 2563 1220 2609 anno
1240 2541 1331 2611 1860
1353 2544 1520 2614 emissum
1539 2550 1682 2633 summi,

125 2668 290 2741 laudibus
308 2668 540 2767 predicarent
561 2692 603 2737 ac
631 2666 876 2737 doctrinarum
895 2658 1063 2731 studiosis
1090 2662 1342 2732 commendare
1373 2665 1581 2737 niterentur.
1608 2673 1685 2739 Hoc

125 2816 210 2862 cum
223 2814 348 2861 omnes
360 2790 436 2884 ejus
459 2788 542 2859 libri
558 2790 786 2859 aestimatores
810 2807 1044 2880 censoresque
1068 2784 1105 2853 in
1127 2784 1416 2881 ephemeridibus
1437 2785 1610 2859 benevole
1631 2789 1684 2857 le-

125 2911 217 2982 cisse
234 2909 482 2998 animadverti,
502 2924 579 2980 tum
594 2910 773 2979 neminem
788 2906 952 2978 disertius
972 2906 1018 2978 de
1032 2930 1075 2976 eo
1085 2906 1215 2978 dixisse
1233 2918 1273 2978 et'
1287 2909 1466 3005 copiosius
1481 2909 1690 3008 disputasse

126 3058 237 3129 quam
259 3039 297 3103 Α.
327 3032 567 3122 Roerscbium,
594 3031 865 3103 celeberrimum
892 3027 1119 3124 antiquarum
1142 3027 1341 3099 litterarum
1368 3029 1465 3126 apud
1489 3034 1681 3124 brugenses

127 3155 375 3252 professorem.
409 3155 508 3226 Adde
534 3155 633 3252 quod
651 3153 770 3251 plures
795 3154 831 3223 in
858 3151 1038 3250 opusculis
1064 3165 1186 3248 postea
1219 3150 1409 3245 divulgatis
1442 3152 1680 3226 honorificam

126 3278 330 3376 scriptionis
349 3277 444 3348 illius
466 3279 685 3348 mentionem
706 3277 877 3346 lecerunt.
901 3277 962 3346 His
977 3276 1249 3370 ergouniversis
1271 3275 1452 3345 industriae
1466 3276 1544 3347 tulis
1558 3275 1682 3346 lauda-

127 3399 263 3470 toribus
282 3403 408 3495 gratias
426 3415 574 3497 quantas
592 3401 732 3470 animus
746 3423 845 3470 meus
863 3423 989 3496 capere
1005 3413 1123 3497 potest
1143 3400 1312 3469 maximas
1326 3423 1404 3493 ago.
1422 3401 1597 3485 Quocirca
1615 3425 1682 3470 no-

126 3523 380 3594 bilissimorum
395 3524 585 3594 hominum
594 3497 730 3619 judicia
742 3523 787 3594 de
806 3546 863 3591 me
881 3521 1239 3592 honorificentissima
1257 3537 1470 3592 consecutus
1485 3521 1524 3591 id
1538 3545 1683 3618 operam

128 3646 232 3734 dedi,
246 3646 442 3742 utalterum
453 3670 596 3744 quoque
607 3645 775 3716 volumen
788 3645 886 3744 quod
897 3645 971 3739 jam
986 3645 1080 3715 soras
1094 3644 1215 3734 datur,
1230 3643 1508 3738 intelligentibus
1529 3659 1564 3714 et
1575 3646 1684 3740 aequis

127 3769 322 3840 alienarum
341 3768 630 3840 lucubrationum
644 3767 940 3840 existimatoribus
958 3767 1188 3864 probaretur.

176 3957 256 4037 Qua
276 3947 314 4014 iu
339 3967 565 4039 re‘magnum
592 3943 779 4015 Ambrosio
806 3945 962 4014 Firmino
990 3943 1099 4013 Didot
1117 3942 1348 4013 tribuendum
1374 3958 1427 4014 est
1450 3944 1681 4040 praeconium,

170 4210 208 4290 (r)
226 4209 349 4270 Journal
363 4210 488 4270 General
502 4212 537 4270 de
547 4212 742 4270 l'instruction
762 4211 912 4290 publique.
932 4216 967 4270 N.
988 4214 1036 4287 59.
1053 4220 1088 4279 ²4
1100 4210 1212 4270 Juillet.
1226 4212 1321 4282 Paris,
1341 4214 1425 4269 1861.

168 4318 208 4394 (a)
225 4315 359 4392 Literary
372 4316 500 4376 Gazette.
513 4316 547 4374 N.
566 4319 631 4374 116.
650 4320 774 4374 londini
791 4317 876 4374 1861.

168 4421 210 4498 (3)
226 4419 325 4479 Revue
339 4420 375 4479 de
385 4421 582 4480 l'insttuction
594 4421 735 4499 publique
747 4441 783 4480 en
801 4423 950 4500 Belgique.
965 4425 1049 4481 dvi-il
1064 4423 1099 4481 N.
1116 4434 1144 4493 t..
1161 4427 1271 4498 Brugis,
1291 4424 1377 4483 1861.
1390 4426 1595 4480 Roersclziussr'c
1609 4428 1686 4479 clau-
1780 4473 1784 4481 .

53 4573 56 4576 .
126 4531 170 4582 dit
180 4546 259 4583 suam
275 4530 311 4583 de
324 4547 407 4601 opere
419 4530 761 4603 nostredtsputattonem:
778 4527 948 4586 Enresume
958 4528 1034 4586 donc
1050 4530 1199 4604 l‘ouvrage
1212 4529 1248 4586 de
1263 4528 1302 4587 ll.
1323 4529 1449 4586 Mullacb
1463 4540 1506 4586 est
1520 4541 1583 4586 tout
1599 4532 1615 4585 a
1633 4531 1684 4586 snit
1719 4552 1722 4557 ·

127 4631 215 4706 digne
229 4631 264 4689 de
275 4631 303 4689 la
314 4630 517 4708 Bibliotbeque
533 4652 657 4710 grecque
669 4633 704 4690 de
721 4633 759 4692 ll.
775 4634 883 4702 Didot;
900 4634 921 4691 il
937 4653 972 4690 en
990 4635 1050 4691 iera
1066 4638 1159 4691 meme
1179 4655 1218 4693 un
1235 4635 1286 4691 des
1307 4635 1373 4711 plus
1395 4633 1489 4690 beaux
1502 4650 1682 4705 ornements,

127 4751 157 4796 et
170 4759 242 4796 nous
257 4739 385 4796 sermons
401 4738 443 4796 les
464 4759 553 4795 voeux
565 4739 607 4796 les
621 4739 687 4816 plus
707 4738 825 4796 ardents
837 4760 911 4817 pour
930 4739 958 4796 la
974 4742 1174 4798 continuatiun
1196 4756 1223 4797 et
1239 4741 1266 4796 lc
1287 4741 1387 4796 succes
1404 4738 1441 4797 tle
1457 4753 1529 4797 cette
1548 4760 1649 4798 oeuvre
1661 4744 1684 4798 si

128 4843 427 4901 eminemmentutile.
767 4913 770 4920 Ι

168 4947 207 5026 (l)
224 4947 466 5027 Philosopbiscbe
486 4941 652 5006 Zeitscbrilt
666 4971 672 5004 :
687 4950 739 5007 ‹ler
751 4953 898 5021 Cedant-e,
918 4951 1151 5026 berausgegeben
1168 4971 1226 5007 von
1241 4929 1321 5008 l‘rof.
1339 4949 1371 5006 C.
1391 4949 1425 5011 L.
1442 4950 1587 5010 lllicbelet.
1604 4951 1655 5008 bd.
1675 4951 1685 5006 l

130 5053 207 5114 llest.
227 5075 251 5111 1.
263 5057 390 5112 Berolinr'
406 5057 490 5113 1861.
507 5057 607 5111 Omitto
619 5059 692 5112 elias
708 5057 894 5132 ephemerides
906 5071 934 5113 et
945 5072 1096 5115 menstruos
1109 5059 1215 5112 libellos
1222 5098 1230 5125 ,
1244 5063 1272 5111 in
1286 5058 1384 5129 qulbus
1396 5059 1559 5113 b1·ev.·'sltbrt'
1570 5077 1685 5112 cerastem

130 5167 233 5237 agitur,
241 5165 317 5218 uelut
328 5163 515 5235 Philologum.

1587 5287 1606 5326 (l
