3959 5925
202 446 264 488 tax
904 415 955 475 ut:
978 411 1230 477 tuotteottt.

199 557 278 638 apud
299 554 486 629 Plutarchum
507 552 566 630 (33)
581 550 676 609 locus.
692 547 832 608 Nuntiata
844 546 985 605 uidelicet
1006 548 1012 601 l
1032 546 1111 625 capit
1125 544 1280 605 consilium
1293 544 1486 619 Protagoras,
1499 555 1531 601 ut
1543 555 1603 600 tum
1618 538 1813 614 existimabat,

201 649 330 707 liliorum
344 656 437 703 morta
447 641 591 700 Periclem
602 638 691 698 refert
704 656 802 697 casum
818 636 904 695 illum
920 636 985 695 siue
1032 646 1169 693 astutum.
1196 632 1298 691 Petere
1322 630 1450 691 instituit
1467 649 1504 688 ex
1526 641 1610 707 pacto
1635 628 1814 701 mercedem3

201 736 282 794 luctu
301 730 482 794 sustinuisse.
507 754 520 780 α
547 725 613 785 tiras
633 726 729 797 enim,
750 712 867 802 inquit,
895 726 986 783 animi
1033 722 1114 780 litem
1130 740 1196 779 cum
1210 718 1334 778 Euathlo
1354 710 1543 777 contestatur.
1563 716 1599 774 Et
1614 735 1704 793 quum
1719 714 1756 773 ad
1768 716 1816 794 ju·

200 819 412 897 tranquillitate
426 815 583 896 praeditus,
595 813 700 891 quaeei
715 812 847 891 quotidie
862 811 987 871 multum
1033 808 1112 867 dices
1126 807 1319 885 conjicienda
1337 804 1587 882 consistendaeque
1609 822 1703 862 causae
1722 805 1818 879 gratia

201 905 352 985 prodesset
373 904 410 962 ad
432 903 618 975 felicitatem,
642 900 755 959 doloris
767 899 943 958 vacuitatem
957 912 988 957 et
1034 897 1198 973 venissent,
1230 909 1289 955 tum
1313 896 1488 971 Protagoras
1512 893 1556 952 sic
1581 911 1703 952 exorsus
1734 906 1777 952 est
1806 914 1814 950 :

202 994 434 1072 consequendam
450 992 528 1072 apud
542 989 713 1070 imperitum
725 987 832 1063 vulgus
848 987 984 1063 gloriam.
1033 988 1126 1060 Disce,
1140 984 1253 1061 inquit,
1267 988 1428 1042 stultissime
1449 986 1624 1055 adolescens,
1655 994 1769 1057 utroque
1786 985 1820 1037 id

201 1082 348 1143 Nimirum
360 1082 529 1160 quicunque
540 1079 659 1138 videbat
670 1096 735 1137 eum
751 1096 820 1135 suos
834 1096 918 1135 casus
929 1075 985 1135 ob·
1036 1076 1118 1131 modo
1124 1071 1193 1145 sore
1201 1086 1233 1129 ιιι
1242 1074 1346 1131 reddas
1355 1074 1512 1148 quodpeio,
1531 1076 1588 1126 sine
1600 1082 1698 1127 contra
1712 1083 1740 1125 te
1747 1091 1818 1145 pro-

204 1174 318 1230 lirmato
325 1170 425 1229 aninlo
432 1169 520 1242 serre,
529 1166 817 1243 magnanimumeum
826 1166 988 1242 sortemque
1034 1168 1192 1229 nuntiatum
1203 1166 1265 1227 erit,
1285 1167 1343 1217 sive
1357 1180 1412 1236 pru
1424 1172 1461 1215 tc.
1485 1160 1606 1215 Nomai
1625 1169 1724 1213 eontra
1743 1168 1769 1212 te
1784 1160 1819 1213 tis

199 1253 986 1338 judicabatacmultoquamipseessetpraestantiorem,
1036 1252 1107 1305 daia
1130 1255 1193 1325 erit,
1220 1268 1324 1305 merces
1345 1248 1418 1305 mibi
1442 1266 1480 1304 es
1501 1250 1638 1309 sententio
1657 1246 1814 1317 debebitur,

203 1346 298 1426 probe
308 1344 367 1405 sibi
377 1346 513 1405 conscius
524 1363 582 1402 suae
594 1342 626 1400 in
639 1342 689 1399 tali
700 1360 731 1399 re
744 1340 965 1400 imbecillitatis.
974 1368 987 1393 ι
1032 1343 1099 1413 prtia
1109 1356 1163 1411 ego
1177 1342 1269 1393 vicero
1288 1342 1354 1392 :sia
1373 1354 1442 1393 uero
1458 1336 1608 1392 secundum
1624 1344 1650 1388 te
1659 1334 1818 1407 judicatum

204 1434 298 1494 Venio
312 1454 392 1493 nunc
406 1434 443 1492 ad
459 1432 540 1491 litem
552 1448 639 1508 quam
654 1429 829 1505 Protagoras
850 1428 990 1488 adversus
1008 1388 1013 1463 Ι
1032 1432 1097 1497 erit,
1113 1425 1295 1481 mercesmibi
1308 1437 1439 1500 expecto
1450 1422 1606 1491 debebiuu,
1619 1426 1689 1496 quia
1703 1433 1732 1475 ιιι
1746 1425 1819 1476 uice·

204 1523 358 1582 Euathlum
380 1520 557 1599 discipulum
574 1519 669 1595 egisse
689 1517 792 1577 fertur.
818 1515 870 1576 Est
891 1530 987 1575 autern
1034 1519 1086 1573 ris.
1099 1512 1144 1572 td
1156 1531 1190 1571 ea
1202 1511 1354 1591 respoudit
1363 1509 1517 1570 Euathlus:
1531 1513 1621 1579 Potui,
1632 1506 1743 1584 inquit,
1752 1507 1818 1563 buie

205 1610 287 1682 talis,
301 1624 334 1669 ut
347 1610 414 1667 licta
423 1608 522 1688 potius
534 1608 572 1665 ad
583 1604 835 1685 perstringendam
845 1604 989 1682 sophista·
1035 1616 1091 1659 tuoe
1112 1616 1169 1659 tam
1192 1608 1313 1678 ancipiti
1326 1606 1451 1675 captioni
1473 1605 1526 1655 isse
1545 1599 1675 1667 obuiam,
1691 1602 1716 1651 si
1734 1598 1815 1651 verba

206 1718 270 1756 rum
289 1710 379 1766 artem
395 1716 482 1774 quam
502 1714 572 1753 vera
590 1693 736 1753 videatur.
760 1692 803 1750 De
816 1710 851 1749 ea
868 1710 900 1749 re
913 1692 989 1750 inte-
1034 1711 1090 1748 noa
1106 1689 1302 1766 ipsesacerem
1322 1703 1407 1765 atque
1429 1692 1488 1743 alio
1501 1700 1624 1765 patrono
1641 1696 1740 1743 uterer.
1762 1686 1822 1741 Sed

205 1804 286 1861 gram
299 1786 335 1843 Α.
353 1784 445 1843 Gellii
457 1782 654 1842 narrationem
667 1780 800 1839 hocloco
812 1800 987 1857 proponam.
1035 1784 1127 1849 mulus
1139 1777 1260 1847 rnibiirr
1281 1783 1335 1833 ista
1352 1782 1475 1833 uictoria
1488 1776 1647 1851 prolubium
1661 1785 1714 1844 est,
1736 1794 1819 1847 quum

205 1872 233 1930 ls
253 1872 335 1932 Noct.
352 1873 413 1931 Art.
430 1874 483 1931 lib.
498 1870 521 1929 V
535 1889 597 1949 cap.
618 1889 653 1928 ιο
668 1870 709 1927 ita
720 1868 860 1945 scripsit:
880 1893 893 1919 ι
911 1867 991 1926 luter
1035 1877 1062 1921 te
1072 1885 1126 1922 non
1140 1872 1170 1921 ιἰι
1181 1885 1268 1922 causa
1282 1878 1398 1933 tontum,
1418 1867 1508 1921 sedin
1526 1874 1692 1937 argumento
1711 1882 1818 1937 quoque

204 1961 280 2021 vitia
306 1972 545 2037 argumentorum
569 1958 655 2033 longe
680 1956 839 2014 maximum
860 1974 923 2014 esse
945 1957 990 2014 vi·
1035 1958 1087 2009 isto
1106 1958 1201 2011 uinco.
1228 1956 1311 2010 Disce
1326 1958 1410 2030 igitur
1427 1966 1457 2009 tu
1478 1971 1598 2029 quoque,
1619 1958 1756 2025 magister
1771 1972 1821 2007 sn-

206 2049 281 2113 tium
302 2050 423 2107 videtur
445 2064 637 2122 eorumquae
662 2043 866 2123 ἀντιστρέφοντα
893 2042 990 2103 Graeci
1031 2046 1214 2117 pientissima,
1238 2056 1355 2117 auoque
1374 2044 1455 2099 modo
1470 2040 1540 2113 sore
1560 2046 1599 2097 ud
1619 2061 1674 2099 non
1697 2042 1816 2099 reddam

204 2136 315 2195 dicunt.
335 2134 377 2194 Ea
396 2135 516 2214 quidam
534 2152 571 2192 ex
586 2130 693 2190 nostris
706 2151 766 2188 non
780 2130 879 2189 hercle
892 2130 984 2189 nimis
1034 2134 1202 2207 principuus,
1214 2136 1269 2187 siue
1281 2145 1379 2189 coneo
1396 2150 1440 2187 me
1453 2135 1666 2206 pmnuutiatum
1679 2136 1740 2197 erit,
1759 2136 1817 2186 siue

204 2222 333 2283 absurde
347 2224 498 2302 reciproca
519 2220 750 2299 appellaverunt.
774 2218 809 2277 ld
830 2231 926 2279 autem
941 2220 991 2277 vi·
1033 2239 1087 2293 pro
1098 2240 1154 2280 me.
1175 2222 1251 2278 Nam
1264 2227 1291 2276 ri
1298 2222 1411 2292 Judices
1424 2240 1478 2295 pro
1493 2238 1581 2275 curua
1595 2238 1660 2275 meu
1674 2223 1813 2287 senserinr,

205 2311 278 2369 uum
294 2310 400 2369 accidit
409 2311 465 2368 hoc
477 2308 564 2367 modo
577 2329 585 2363 ι
598 2328 689 2386 quum
701 2321 904 2383 argumentum
919 2327 989 2384 pro·
1036 2307 1111 2363 nibil
1125 2308 1177 2365 tibi
1189 2327 1228 2364 ec
1239 2314 1378 2365 renuntia
1388 2310 1544 2383 debebitur,
1559 2310 1624 2381 quio
1642 2324 1694 2379 ego
1712 2310 1817 2364 uicere.

205 2404 331 2478 positum
340 2398 443 2457 reterri
453 2396 753 2474 contraconrertique
762 2397 794 2454 in
804 2415 871 2454 eum
882 2409 988 2476 potest,
1036 2396 1086 2453 Sin
1103 2408 1199 2451 contra
1218 2417 1262 2453 me
1273 2402 1523 2472 pronuntiaverint,
1539 2396 1613 2451 nibil
1624 2396 1674 2451 tibi
1684 2413 1722 2450 esc
1733 2408 1817 2468 paeto

207 2506 225 2545 a
251 2506 311 2564 quo
332 2485 443 2544 dictum
466 2496 521 2557 est,
540 2497 570 2542 et
592 2483 742 2559 utrimque
765 2483 876 2561 pariter
903 2483 988 2541 valet.
1036 2486 1151 2556 debebo,
1172 2491 1239 2560 quio
1252 2506 1308 2543 non
1324 2492 1429 2543 vicero.
1445 2483 1521 2541 Tum
1535 2482 1651 2561 judices
1665 2480 1818 2540 dubiosum

205 2574 298 2644 Quale
303 2588 349 2633 est
357 2575 560 2653 pervulgatum
568 2571 644 2630 illud
651 2591 711 2649 quo
716 2571 906 2647 Protagoram
918 2572 990 2648 (34),
1035 2573 1091 2630 hoc
1103 2572 1368 2651 inexplicabileque
1375 2591 1446 2645 esse,
1456 2571 1535 2650 quod
1545 2572 1693 2650 utrimque
1703 2568 1819 2628 diceba·

205 2662 401 2740 sophistarum
426 2661 618 2731 acerrimum,
643 2678 729 2718 usum
745 2677 808 2717 esse
829 2658 925 2717 lerunt
939 2660 989 2718 ad·
1036 2660 1169 2737 tur,rnti,
1181 2660 1436 2731 nesententiasua‚
1446 2673 1657 2736 utramcumque
1668 2657 1698 2715 in
1709 2670 1819 2736 partem

205 2768 306 2808 versus
319 2748 486 2820 Euathlum,
500 2747 677 2827 discipulum
692 2766 788 2806 suum.
802 2747 853 2807 Lis
865 2766 990 2824 namque
1031 2747 1113 2806 'dicta
1130 2761 1222 2821 esset,
1244 2749 1309 2827 ipsa
1322 2767 1386 2808 sese
1405 2748 1602 2818 rescinderet,
1624 2766 1685 2805 rem
1708 2744 1819 2822 injudi-

205 2838 345 2897 intereos
367 2851 397 2896 et
420 2838 622 2896 controversia
644 2854 732 2911 super
752 2847 837 2913 pacta
857 2836 990 2894 mercede
1036 2850 1127 2895 catam
1142 2838 1324 2915 reliquerunt
1339 2857 1513 2915 ausamque
1527 2838 1559 2895 in
1579 2835 1656 2895 diem
1680 2834 1820 2910 longissi-

205 2924 267 2985 haec
279 2926 342 2986 tuit.
360 2925 518 2997 Euathlus,
532 2925 697 2985 adolescens
712 2924 805 2996 dives,
817 2925 1010 3002 eloquentie,
1036 2944 1113 2984 marn
1136 2926 1320 2986 distulerunt.
1345 2926 1394 2987 Sic
1416 2923 1453 2985 ab
1473 2920 1655 2985 adolescente
1669 2922 1817 3002 discipulo

207 3013 353 3072 discendae
374 3032 534 3090 causasque
547 3011 653 3088 orandi
669 3011 791 3089 cupiens
816 3011 881 3068 suit.
906 3011 936 3069 ls
959 3012 990 3069 in
1037 3013 1175 3090 magister
1188 3014 1361 3092 eloquentiae
1375 3014 1503 3091 inclytus
1517 3032 1570 3072 suo
1581 3012 1640 3072 sibi
1650 3024 1820 3088 argumento

206 3101 395 3180 disciplinam
409 3101 578 3176 Protagora
599 3118 662 3158 sesa
679 3098 778 3169 dedit,
798 3097 992 3177 daturumque
1039 3091 1204 3161 confutatus
1229 3116 1319 3161 estet
1342 3103 1490 3181 captionis
1514 3115 1630 3160 versute
1653 3100 1823 3176 excogitatae

206 3188 345 3266 promisit
359 3187 519 3244 mercedem
544 3186 681 3262 mandem
702 3186 875 3261 pecuniam,
900 3206 991 3265 quau·
1042 3189 1197 3248 frustratus
1219 3189 1282 3250 suit.
1314 3215 1326 3242 ν
1346 3189 1402 3248 Sed
1426 3191 1506 3268 quod
1527 3189 1641 3248 Gellius
1663 3208 1728 3247 cum
1754 3189 1821 3248 aliis

207 3288 267 3333 tam
290 3276 467 3350 Protagoras
502 3275 661 3353 petiverat,
689 3273 903 3352 dimidiumque
928 3274 992 3352 ejus
1038 3277 1233 3356 scriptoribus
1247 3276 1284 3336 de
1300 3277 1463 3354 Protagora
1478 3291 1565 3356 atque
1588 3273 1724 3349 Euathlo,
1741 3277 1819 3335 idem

207 3363 289 3422 dedit
306 3358 451 3440 jam'tunc
465 3364 581 3433 statim,
596 3364 769 3442 priusquam
788 3362 924 3436 disceret,
940 3383 991 3440 pe·
1038 3365 1142 3425 Sextus
1158 3365 1326 3444 Empiricus
1343 3366 1379 3424 de
1395 3366 1504 3425 Corace
1528 3365 1652 3443 ejusque
1677 3365 1823 3444 discipulo

132 3491 138 3504 .
208 3452 340 3532 pigitque
354 3464 387 3509 ut
397 3453 544 3528 reliquum
565 3450 722 3509 dimidimn
743 3450 835 3523 daret,
851 3471 910 3528 quo
927 3453 990 3531 pri·
1038 3453 1136 3511 nescio
1146 3473 1205 3531 quo
1215 3461 1324 3514 narrat.
1334 3454 1420 3532 Apud
1427 3453 1548 3511 Sextum
1558 3454 1637 3512 enim
1648 3453 1715 3512 adv.
1728 3453 1818 3511 lllatb.

207 3559 287 3596 mum
296 3537 345 3597 die
359 3559 474 3597 causam
488 3541 567 3617 apud
577 3537 693 3615 judices
705 3551 816 3596 orasset
824 3551 853 3596 et
863 3541 989 3599 vicisset.
1039 3539 1093 3598 lib.
1112 3538 1150 3612 ll,
1160 3542 1200 3616 ‘96
1211 3541 1271 3598 haec
1281 3541 1419 3616 leguntur
1433 3563 1439 3597 :
1456 3540 1570 3606 Νεανίας
1586 3538 1637 3620 γὰρ
1651 3539 1723 3620 πόθῳ
1744 3543 1824 3622 ῥητο-

208 3625 314 3685 Postea
323 3647 413 3705 quum
426 3627 541 3686 diutule
554 3625 672 3685 auditor
686 3638 902 3703 assectatorque
917 3627 990 3685 Pro·
1040 3633 1116 3707 ρικῆξ
1129 3629 1300 3710 κατασχεθεὶς
1313 3633 1461 3709 προσῆλθον
1480 3633 1551 3708 αὐτῷ
1561 3627 1605 3688 τὸν
1615 3627 1822 3707 ὁρισθησόμενον

210 3727 319 3791 tagorae
340 3715 442 3772 fuisset
464 3727 493 3772 et
519 3714 551 3772 iu
577 3714 675 3773 studio
703 3713 823 3793 quidem
849 3715 991 3774 facundia
1039 3717 1083 3776 ὑπ’
1109 3720 1186 3777 αὐτοῦ
1211 3717 1302 3794 μισθὸν
1330 3715 1422 3777 δώσειν
1451 3715 1691 3796 ἐπαγγελλόμενος,
1717 3715 1749 3774 ἂν
1775 3715 1823 3786 τὴν

154 3857 157 3862 .
208 3798 325 3859 abunde
339 3801 554 3879 promovisset,
571 3821 672 3861 causas
686 3815 783 3861 tamen
800 3823 860 3861 uon
880 3804 991 3881 recipe·
1038 3803 1145 3884 πρώτην
1160 3805 1255 3882 νικήσῃ
1277 3805 1363 3878 δίκην.
1382 3806 1541 3886 Συμφωνίας
1559 3805 1587 3864 δὲ
1609 3803 1751 3882 γενομένης
1775 3802 1821 3862 καὶ

209 3902 253 3946 ret
266 3901 438 3967 tempusque
449 3889 509 3966 jam
527 3891 647 3967 longum
665 3903 876 3950 transcurreret
898 3904 928 3950 et
949 3892 990 3950 ia·
1037 3897 1083 3950 τοῦ
1095 3892 1231 3970 μειρακίου
1244 3891 1338 3964 ἱκανὴν
1349 3891 1400 3960 ἕξιν
1413 3895 1583 3972 ἐμφαίνοντος
1594 3893 1666 3967 ἤδη,
1682 3895 1696 3952 ὁ
1708 3893 1757 3972 μὲν
1771 3891 1824 3952 Κό-

209 3996 275 4035 cere
288 3978 320 4036 id
334 3977 494 4050 videretur,
512 3998 548 4036 ne
567 3978 713 4056 reliquum
731 3980 874 4039 mercedis
884 3981 988 4055 'daret3
1039 3979 1086 4060 ραξ
1101 3980 1196 4058 ἀπῄτει
1210 3982 1255 4042 τὸν
1270 3981 1402 4058 prosint
1421 3983 1443 4040 δ’
1458 3981 1602 4061 ἀντεἍεγεν.
1622 3981 1777 4063 Ἀμφότεροι
1793 3981 1821 4039 δὲ

241 4207 291 4270 (33)
303 4207 424 4256 Plutarch.
432 4207 554 4256 consolat.
564 4207 677 4270 adtpoll.
685 4223 739 4271 cap.
747 4214 777 4259 33
786 4210 835 4259 rol.
849 4211 896 4260 vti
907 4223 930 4271 p.
944 4216 991 4261 tuo
1043 4224 1080 4262 ras
1089 4224 1146 4261 eum
1158 4209 1188 4260 ad
1196 4210 1289 4272 italicas
1298 4217 1457 4273 pmvocatum
1465 4212 1621 4276 expositaque
1630 4203 1769 4264 conditione
1777 4227 1826 4276 qua

209 4289 262 4338 seq.
275 4275 313 4325 ad.
325 4278 426 4326 liutten.
441 4275 498 4324 vid.
512 4276 597 4338 iragm.
613 4283 636 4326 3,
647 4305 678 4314 -
688 4280 736 4341 (st)
749 4281 868 4340 Diogenes
881 4279 993 4329 Laertim
1043 4281 1179 4330 docendum
1191 4287 1324 4344 receperat,
1335 4295 1423 4345 anceps
1432 4285 1601 4345 argumentum
1612 4283 1762 4334 ambifariam
1770 4299 1825 4347 pro·

210 4345 253 4394 tib.
267 4347 307 4405 lx,
327 4349 357 4394 be
378 4345 489 4406 τλέγεται
503 4346 528 4394 δέ
546 4362 604 4395 ποτε
615 4347 686 4396 αὐτὸν
702 4349 846 4398 ἀπαιτοῦντα
857 4349 897 4399 τὸν
910 4349 992 4410 μισθὸν
1043 4352 1132 4413 posuit.
1149 4353 1210 4400 Nam
1229 4350 1281 4401 sire
1295 4363 1339 4413 ego
1356 4351 1453 4414 vicero,
1470 4353 1562 4416 inquit,
1577 4353 1674 4403 solvere
1689 4353 1824 4404 mercedem

209 4417 312 4465 Ebattor
320 4417 361 4465 τὸν
373 4419 494 4478 μαθητήν,
506 4415 717 4474 introeundum·
731 4431 743 4460 α
755 4418 814 4470 'att’
824 4421 915 4470 suero
929 4418 990 4467 νινὶ-
1042 4420 1150 4480 debebis,
1160 4423 1188 4470 ut
1198 4420 1373 4472 condemnatus
1386 4441 1394 4472 ι
1407 4436 1449 4473 seu
1463 4428 1488 4472 tu
1499 4424 1594 4485 viceris,
1606 4423 1762 4474 nihilominus
1774 4425 1825 4475 red·

209 4490 272 4545 ιιηιιῑι
285 4506 298 4530 ν
311 4487 394 4536 εἰπεῖν·
408 4507 422 4531 a
436 4487 493 4540 'tlt‘
504 4488 551 4549 ἐγὼ
565 4487 607 4549 μὲν
622 4489 650 4536 ἂν
669 4489 775 4550 νικήσω,
787 4491 823 4539 ὅτι
834 4491 881 4552 ἐγὼ
894 4491 991 4549 ἐνίκησα
1041 4491 1099 4540 dere
1112 4490 1227 4548 debebis.
1238 4495 1266 4541 ut
1276 4493 1467 4557 pactus,quippe
1478 4495 1521 4556 qui
1533 4495 1596 4545 hauc
1610 4494 1713 4558 primam
1725 4508 1824 4546 mirsam

210 4558 289 4607 naseu
302 4557 384 4620 μεδεῑ·
394 4558 435 4608 ἐὰν
444 4560 469 4609 u
479 4558 523 4616 σύ,
535 4558 572 4606 ὅτι
582 4557 621 4606 σύ.
633 4578 645 4600 ν
659 4559 775 4620 ,tpulejus
786 4560 874 4609 Florid.
891 4559 934 4611 lib.
949 4561 993 4622 lv,
1044 4574 1117 4626 peries
1129 4561 1223 4622 judices
1240 4561 1334 4612 viceris.
1349 4565 1385 4614 lta
1399 4563 1421 4612 ai
1435 4564 1527 4624 vincis,
1546 4565 1571 4614 in
1589 4565 1753 4615 conditionem
1765 4565 1825 4616 inei·

211 4635 240 4678 tt
256 4642 263 4676 :
277 4631 339 4678 Eum
354 4631 507 4691 Protagoram
519 4627 588 4689 aiunt
604 4642 660 4678 cum
676 4643 721 4679 suo
732 4629 777 4679 sibi
791 4630 909 4692 discipulo
923 4633 987 4682 bua-
1042 4633 1101 4698 disti
1108 4647 1115 4692 ;
1130 4631 1150 4680 si
1168 4632 1284 4693 vinceris,
1306 4633 1330 4682 iu
1348 4633 1536 4684 damnationem.
1554 4635 1618 4692 Quid
1634 4639 1741 4698 quaeris?
1763 4639 1824 4688 ratio

209 4698 262 4748 thio
274 4701 408 4748 mercedem
429 4702 501 4750 nimis
512 4700 610 4750 uberem
629 4698 766 4750 conditione
782 4702 986 4765 temerariapepi-
1041 4703 1158 4752 conclusa
1178 4701 1304 4763 iudicibus
1325 4702 1412 4753 acriter
1441 4709 1466 4755 et
1488 4705 1658 4756 invincibiliter
1687 4705 1823 4757 ridebatur.

210 4768 288 4830 gisae,
307 4772 336 4818 ut
352 4769 397 4818 sibl
415 4770 467 4820 tum
488 4770 588 4819 demum
609 4769 634 4818 id
655 4769 748 4830 argenti
761 4769 844 4830 daret,
868 4771 889 4820 si
912 4773 990 4833 primo
1039 4774 1169 4822 Euimrem
1180 4773 1398 4837 sustinuerunt
1412 4776 1471 4825 tanti
1482 4776 1622 4827 veteratoris
1633 4777 1823 4840 periectitsimus

211 4838 321 4888 tirocinio
344 4839 429 4900 mendi
447 4853 521 4903 penes
540 4839 634 4903 judices
651 4841 756 4890 vicisset.
775 4841 852 4901 Igitur
871 4842 991 4894 Euathlus
1039 4841 1186 4906 disciputus,
1206 4843 1289 4906 biceps
1301 4843 1362 4893 illud
1375 4851 1544 4908 argumentum
1559 4848 1666 4898 retorsit.
1682 4850 1743 4898 tiam
1754 4849 1776 4898 si
1787 4849 1821 4898 ita

211 4911 341 4969 postquam
377 4910 464 4960 cuncta
490 4911 532 4960 illa
558 4912 689 4961 exorabula
717 4911 879 4974 judicantium
904 4915 929 4963 et
953 4913 993 4964 da·
1038 4918 1084 4974 est,
1097 4913 1184 4974 inquit,
1194 4917 1279 4964 neutro
1289 4915 1363 4964 modo
1374 4917 1439 4977 quod
1450 4917 1511 4979 petis
1520 4917 1605 4969 debeo.
1616 4923 1664 4967 tut
1674 4918 1738 4968 euim
1747 4919 1819 4970 vinco

211 4983 291 5044 cipula
304 4983 487 5034 adversantium
499 4987 524 5035 et
540 4983 794 5050 amicissimorum,
806 4984 918 5038 versutus
930 4988 992 5038 aiio·
1041 4987 1066 5034 ut
1079 4982 1172 5044 iudicio
1187 4983 1306 5046 dimittet,
1321 4988 1364 5034 aut
1374 4986 1457 5036 vincor
1470 4989 1495 5038 et
1506 4996 1577 5051 pacto
1588 4989 1714 5050 absolvor,
1726 5003 1756 5039 etr
1771 5004 1822 5054 quo

210 5052 268 5116 quio
279 5057 303 5102 et
315 5053 450 5114 ingeniatus
461 5055 492 5102 ad
508 5055 639 5116 astutiam,
657 5055 726 5105 tacite
741 5055 879 5119 perdidicit;
890 5060 992 5108 couten-
1041 5067 1089 5104 non
1102 5054 1178 5103 debeo
1187 5055 1333 5118 mercedem,
1348 5055 1368 5104 sl
1384 5055 1447 5104 lianc
1464 5058 1565 5120 primam
1583 5071 1682 5108 musam
1699 5057 1767 5108 tuero
1779 5072 1822 5120 pc-

210 5129 250 5172 tus
265 5125 325 5173 seire
339 5124 404 5187 quod
425 5126 593 5188 roricupierat,
611 5127 684 5189 coepit
696 5127 761 5177 uolle
778 5127 842 5190 quod
860 5129 990 5192 pepigerat,
1037 5137 1079 5174 nes
1099 5123 1193 5186 judices
1213 5126 1300 5175 rictus.
1320 5127 1356 5175 lta
1377 5140 1416 5175 mc
1434 5127 1499 5176 omni
1521 5127 1593 5178 modo
1614 5127 1708 5190 liberat,
1727 5129 1748 5178 si
1770 5129 1823 5177 viu·

210 5193 251 5243 ud
264 5193 350 5243 mittite
361 5195 483 5245 nectentis
495 5197 570 5244 mons
590 5197 700 5246 frustrari
717 5198 872 5259 magistrum.
888 5199 991 5250 diritate
1037 5207 1087 5256 cor,
1105 5195 1252 5261 contitinet
1269 5197 1354 5253 vinco,
1368 5199 1495 5248 antenna.
1509 5199 1546 5248 ct.
1564 5201 1602 5248 Jo.
1620 5199 1711 5250 sarisb.
1729 5199 1821 5249 notter.

214 5272 258 5328 que
269 5277 313 5315 uec
332 5278 436 5318 assemre
452 5265 513 5316 velta
525 5280 569 5317 nec
582 5267 696 5330 reddere,
708 5280 786 5330 usque
799 5269 858 5318 dum
872 5273 988 5334 Protago·
1037 5267 1067 5326 V,
1083 5271 1118 5316 tt·
