3959 5925
307 402 351 445 ιιι
976 384 1028 443 ΒΕ
1049 384 1290 447 PYTHAGORA

304 515 455 595 prioribus
467 535 526 574 non
541 514 734 573 consentiunt.
747 514 888 572 Caeterum
902 516 1085 572 nemomira·
1132 518 1307 577 carentibus.
1335 519 1378 577 De
1397 540 1459 595 quo
1488 534 1658 595 argumento
1681 523 1769 600 plura
1791 524 1856 585 dixi
1880 529 1913 587 in
1974 537 1975 596 ξ

304 604 386 663 bitur
403 604 544 664 Timarum
563 602 758 663 Locrumsub
774 603 859 661 linem
875 601 944 660 libri
961 603 1013 679 qui
1028 603 1086 663 ler-
1132 610 1373 665 commentatione
1382 628 1446 685 quae
1461 608 1644 686 Empedoclis
1656 612 1789 689 reliquiis
1798 635 1913 694 praepo·
1974 655 1975 664 π

305 706 353 751 tur
367 692 427 773 περὶ
440 696 526 773 ψυχᾶς
540 692 633 771 κόσμω
648 693 705 775 (68)
721 692 756 751 de
766 691 821 749 hoc
836 691 968 767 dogmate
986 692 1027 749 ita
1039 692 1085 750 lo·
1132 694 1188 752 sita
1200 708 1254 752 est.
1269 694 1334 752 Vid.
1346 694 1456 755 Philos.
1467 696 1560 755 Graec.
1572 696 1674 772 fragm.
1690 700 1748 757 vol.
1761 698 1775 757 1
1787 722 1817 779 p,
1830 701 1915 762 Xlss.
1974 695 1975 764 j

305 782 374 857 qui,
398 794 430 839 ut
443 800 477 839 ea
490 801 555 858 quae
575 800 635 859 prae
650 800 680 839 se
703 780 757 839 lert
771 778 807 837 ab
828 779 977 837 interioris
995 781 1086 838 aetatis
1131 780 1249 839 xxvtt.
1264 782 1408 850 Quocirca
1422 783 1601 860 Pythagoras
1623 785 1682 862 (7η)
1702 798 1794 845 totum
1816 808 1913 849 aerem

305 868 452 943 magistris
472 868 610 927 didicisse
635 868 780 926 videatur.
805 865 891 924 Recte
922 867 1000 923 enim
1027 867 1085 924 viri
1132 872 1251 948 plenum
1262 890 1325 929 esse
1339 875 1500 929 animarum
1512 874 1661 931 contendit
1676 895 1741 951 quae
1751 893 1804 953 pro
1819 882 1914 954 geniis

305 954 382 1013 docti
411 955 544 1030 libellum
572 955 658 1035 cujus
691 974 775 1013 nemo
805 966 873 1011 ante
909 953 1084 1012 Clementem
1132 971 1160 1015 et
1174 956 1315 1016 heroibus
1334 958 1522 1036 haberentur,
1537 958 1574 1017 ab
1589 960 1684 1037 iisque
1704 964 1818 1025 somnia
1835 986 1914 1026 mor·
1974 1033 1975 1038 γ

305 1042 533 1101 Alexandrinum
547 1042 604 1123 (69)
621 1041 752 1101 meminit
765 1060 801 1098 ex
815 1041 1001 1123 antiquorum
1010 1044 1085 1100 scri·
1132 1043 1298 1121 horumque
1311 1059 1340 1104 et
1354 1066 1502 1124 prosperae
1524 1048 1701 1107 valetudinis
1717 1054 1801 1126 signu
1818 1054 1915 1115 homi-

304 1143 421 1208 ptorum
435 1151 556 1190 numero
570 1143 747 1190 exemerunt.
762 1129 882 1187 Etiamsi
899 1149 968 1187 vero
982 1150 1086 1189 arcana
1133 1132 1222 1192 nibus
1245 1134 1356 1211 objici,
1373 1154 1467 1212 neque
1490 1136 1584 1194 solum
1600 1136 1782 1209 hominibus,
1811 1161 1914 1201 verum
1974 1197 1975 1216 ,

305 1218 364 1297 (7ο)
378 1219 626 1296 Pythagoreorum
638 1218 794 1296 disciplina
808 1220 879 1277 olim
895 1220 963 1289 suit,
980 1234 1012 1277 ut
1021 1241 1086 1298 quae
1132 1222 1218 1280 etiam
1230 1222 1392 1299 pecudibus
1404 1235 1433 1281 et
1444 1223 1567 1300 reliquis
1573 1222 1722 1299 jumentis.
1736 1225 1914 1296 Quinetiam

303 1320 378 1379 esset
387 1327 457 1366 vera
466 1309 638 1386 placitorum
645 1322 672 1365 et
683 1308 883 1383 symbolorum
897 1309 943 1379 vis
954 1309 1009 1366 soli
1018 1310 1085 1386 ejus
1132 1310 1168 1367 ad
1182 1311 1235 1369 hos
1245 1312 1345 1385 genios
1360 1311 1463 1369 referri
1472 1312 1566 1370 roluit
1579 1324 1639 1370 tum
1653 1314 1838 1376 lustrationes
1851 1330 1914 1377 tum
1974 1309 1975 1340 l

304 1412 387 1455 sectae
401 1398 534 1456 homines
548 1398 657 1456 scirent
671 1416 765 1473 neque
776 1397 863 1455 hodie
877 1397 961 1455 nobis
976 1398 1043 1455 licet
1054 1400 1085 1457 iu
1132 1399 1272 1457 scelerum
1296 1399 1492 1475 expiationem
1508 1399 1778 1477 divinationemque
1797 1425 1913 1465 omnem

304 1486 384 1545 omni
399 1485 593 1563 philosophiae
611 1498 692 1563 parte
708 1485 801 1562 ipsius
817 1484 986 1561 Pythagorae
999 1489 1084 1546 ratio·
1131 1499 1160 1543 et
1171 1488 1270 1544 omina
1279 1500 1308 1545 et
1321 1500 1423 1546 caetcra
1431 1487 1462 1545 id
1472 1506 1573 1562 genus.
1587 1488 1770 1547 Divinationi
1781 1511 1914 1567 magnam
1974 1475 1975 1522 l

303 1591 401 1632 neura
423 1573 683 1651 Pythagoricorum
697 1572 820 1650 judiciis
840 1574 1022 1645 discernere,
1043 1589 1085 1633 ta·
1132 1576 1329 1633 auctoritatem
1343 1575 1522 1651 Pythagoras
1537 1576 1595 1653 (75)
1616 1576 1736 1647 tribuit,
1755 1579 1807 1655 qui
1825 1580 1914 1639 etiam
1974 1565 1975 1584 ό

302 1680 367 1718 men
380 1663 451 1738 quid
464 1661 797 1739 ipsePythagot·as,qui
811 1680 841 1720 se
851 1662 978 1738 primum
990 1663 1085 1722 AEtha·
1132 1662 1194 1739 ipse
1219 1683 1312 1738 augur
1332 1682 1395 1720 esse
1417 1662 1513 1722 vellet.
1537 1662 1637 1740 ltaque
1667 1666 1753 1721 etiam
1781 1686 1840 1741 quo
1882 1671 1915 1727 in
1974 1735 1975 1744 ρ

302 1747 851 1828 Ιίόειι(7ι,),όείιιόεΕαρλιοι·λιιιιιι,ιιιιιι
859 1749 1082 1825 Hermotimum,
1131 1750 1243 1807 somnis
1266 1751 1392 1807 certiora
1408 1750 1576 1821 videamus,
1597 1765 1771 1828 praeparatos
1787 1754 1915 1829 quodam

301 1847 401 1915 p'ostea
421 1838 566 1914 Pyrrhum
582 1837 670 1894 luisse
681 1836 810 1914 jactabat
823 1849 976 1913 antequam
993 1838 1083 1897 factus
1131 1839 1210 1895 cultu
1227 1851 1313 1914 atque
1330 1838 1412 1896 victu
1435 1840 1581 1915 proficisci
1595 1838 1631 1896 ad
1647 1840 1850 1899 dormiendum
1867 1844 1916 1920 ju·
1974 1897 1975 1900 ,

301 1940 375 1984 esset
393 1925 589 2002 Pythagoras,
604 1927 641 1982 de
654 1926 892 2001 μετενσωματώσει
914 1928 1049 1999 senserit,
1067 1949 1085 1986 a
1131 1924 1180 1983 bet
1194 1923 1266 2003 (76).
1282 1924 1328 1982 Ab
1340 1925 1441 1983 eodem
1453 1924 1622 1985 doctissimo
1636 1928 1702 1985 viro
1717 1927 1791 1985 illud
1806 1929 1915 1990 dictum
1974 1931 1975 1936 '

301 2016 417 2073 nemine
437 2033 565 2091 unquam
580 2014 743 2074 dubitatum
766 2027 819 2072 est.
836 2013 978 2071 Caeterum
998 2017 1084 2071 abso·
1131 2026 1188 2084 est,
1205 2025 1265 2070 tum
1281 2014 1407 2071 maxime
1420 2025 1450 2071 et
1463 2015 1598 2091 pietatem
1613 2027 1642 2071 et
1656 2015 1826 2089 religionem
1844 2038 1916 2076 ver-

302 2104 362 2162 luto
386 2105 438 2161 illo
461 2117 606 2181 perpetuae
631 2103 832 2161 conversionis
858 2102 1001 2173 circuitu,
1025 2124 1083 2180 quo
1131 2101 1189 2158 sari
1200 2101 1231 2158 in
1245 2101 1351 2159 animis
1362 2142 1370 2171 ,
1383 2120 1473 2177 quum
1484 2100 1571 2160 rebus
1584 2101 1694 2159 divinis
1704 2102 1836 2162 homines
1847 2123 1916 2182 ope·

301 2192 406 2250 accidit
426 2205 458 2250 ut
481 2192 577 2249 omnis
602 2192 717 2265 generis
737 2191 905 2247 animalium
928 2210 1084 2268 rerumque
1130 2209 1191 2245 ram
1216 2188 1318 2247 darent
1331 2189 1401 2267 (77).
1419 2189 1513 2247 Porro
1533 2191 1625 2250 vetuit
1642 2190 1778 2261 mortales
1798 2191 1916 2269 injussu

302 2280 408 2338 formas
427 2280 550 2337 induant
565 2280 672 2349 animi,
687 2299 747 2337 nou
766 2279 893 2356 amplius
912 2281 943 2336 in
959 2298 1084 2356 corpora
1130 2275 1338 2354 Imperatoris,
1356 2277 1387 2334 id
1401 2289 1445 2333 est
1458 2277 1528 2348 Dei,
1543 2276 1578 2333 de
1595 2277 1732 2353 praesidio
1747 2290 1776 2335 et
1789 2280 1917 2340 statione

300 2367 501 2439 includuntur,
519 2366 567 2425 sed
585 2368 615 2424 in
630 2367 802 2424 altissimum
819 2366 886 2423 coeli
903 2367 999 2424 locum
1014 2366 1083 2425 sub·
1131 2366 1199 2422 vitae
1210 2364 1349 2423 decedere
1361 2364 1435 2441 (78).
1452 2362 1598 2422 Carnibus
1611 2364 1689 2422 vesci
1700 2384 1765 2422 cum
1778 2366 1841 2443 ipse
1859 2389 1916 2426 no·

300 2455 463 2512 volantvel
488 2456 518 2512 in
537 2454 657 2512 deorum
675 2473 766 2529 genus
788 2454 904 2513 abeunt.
924 2454 1016 2531 Cujus
1040 2456 1082 2513 rei
1130 2452 1202 2522 luit,
1239 2465 1299 2508 tum
1326 2450 1477 2509 sodalibus
1502 2452 1563 2509 suis
1594 2450 1738 2509 abstinere
1765 2452 1917 2529 ejusmodi
1974 2507 1975 2522 ,

300 2556 386 2600 testes
399 2543 531 2620 prolerre
546 2562 611 2600 cum
626 2542 698 2599 alios
709 2541 793 2617 licet,
810 2555 870 2601 tum
887 2543 1082 2603 Alexandrum
1129 2539 1266 2598 edulibus
1281 2540 1442 2618 persuasit,
1457 2557 1594 2612 exercens
1613 2553 1641 2597 et
1655 2541 1848 2600 assuefaciens
1861 2562 1917 2602 eos
1974 2591 1975 2606 .

299 2627 514 2705 Polyhistorem
528 2630 586 2708 (7ο)
604 2642 632 2687 et
642 2643 786 2687 auctorem
804 2627 861 2707 (73)
878 2632 958 2689 aurei
976 2632 1083 2689 carmi-
1129 2627 1165 2684 ad
1183 2629 1296 2687 facilius
1319 2626 1439 2685 vivendi
1460 2645 1567 2701 genus,
1583 2640 1615 2685 ut
1637 2628 1773 2686 alimenta
1798 2648 1917 2707 semper

301 2714 348 2773 nis
364 2734 408 2772 vs.
429 2735 512 2788 7⁰·71
535 2716 576 2772 ita
597 2714 795 2774 scribentem:
819 2742 831 2768 ι
849 2717 959 2787 Quodsi
980 2720 1082 2776 relicto
1128 2715 1275 2792 parabilia
1290 2716 1448 2785 haberent,
1473 2716 1584 2793 quippe
1605 2716 1656 2792 qui
1680 2716 1763 2775 cibos
1788 2718 1917 2776 llamrnae
1974 2733 1975 2784 γ

300 2822 425 2879 corpore
454 2804 488 2859 ad
511 2802 637 2861 liberum
665 2802 800 2861 aetherem
825 2806 1079 2879 commigraveris,
1129 2824 1188 2861 non
1212 2803 1328 2879 indigos
1347 2816 1495 2862 sumerent
1522 2817 1550 2860 et
1573 2803 1717 2881 simplicis
1737 2826 1819 2883 aquae
1840 2820 1917 2884 potu

297 2892 356 2947 eris
377 2891 552 2947 immortalis
575 2891 662 2963 deus,
686 2892 889 2970 incorruptus,
907 2912 1000 2970 neque
1021 2912 1081 2950 am·
1129 2896 1256 2951 conteuti
1273 2906 1376 2951 essent.
1392 2892 1467 2949 llinc
1482 2893 1559 2949 enim
1572 2904 1601 2949 et
1614 2894 1746 2970 corporis
1760 2895 1916 2953 sanitatem

297 2976 375 3053 plius
390 2979 477 3034 morti
489 2976 646 3037 obnoxius.
662 3003 675 3029 ν
694 2978 734 3034 Ea
745 2999 814 3036 vero
831 2981 952 3038 felicitas
965 2985 1077 3038 coutin-
1128 2995 1156 3039 et
1173 2983 1284 3057 ingenii
1298 3001 1419 3038 acumen
1440 2981 1513 3038 oriri
1528 2978 1599 3060 (79).
1614 2980 1723 3040 Carnes
1735 2995 1830 3041 autem
1841 3003 1917 3062 epu-

298 3081 364 3137 gere
377 3083 435 3121 non
448 3076 542 3140 potest
567 3065 624 3122 nisi
645 3066 750 3123 animis
769 3069 851 3144 puris
864 3069 1003 3145 omnique
1017 3067 1082 3126 labe
1128 3069 1229 3128 landas
1239 3088 1301 3128 esse
1311 3070 1447 3145 negavit,
1462 3068 1580 3145 nequis
1594 3083 1784 3149 cognatorum
1799 3071 1917 3130 anima·

296 3311 364 3367 γῆναι
380 3309 421 3352 τοῦ
434 3305 542 3366 σώματος
562 3306 602 3354 τόν
615 3312 656 3362 τῆς
673 3306 790 3363 εύσεόείας
808 3308 888 3366 ἀγῶνα
899 3308 1079 3370 ἀγωνισαμένη,
1129 3312 1147 3356 Ε
1160 3327 1166 3356 :
1177 3309 1203 3367 τό
1216 3309 1241 3356 δὲ
1256 3308 1313 3367 μηδὲ
1326 3307 1422 3369 εὑρόντα
1435 3305 1602 3355 δυνατὸνεῖναι
1616 3306 1690 3366 λέγειν
1705 3306 1767 3367 τάχα
1780 3309 1822 3368 μὲν
1830 3312 1877 3358 καὶ
1889 3313 1919 3361 τό

298 3377 376 3440 (όιγὼν
389 3375 578 3432 &trecassinae
590 3381 676 3437 γνῶναι
692 3379 719 3425 τό
729 3380 790 3426 θεῖον
801 3379 839 3425 καὶ
857 3380 942 3441 μηθένα
954 3380 1081 3441 ἀνθρώπων
1127 3383 1174 3425 τῶν
1186 3378 1351 3439 Πυθαγορείων
1363 3377 1413 3432 ἔθος
1427 3377 1540 3424 ἐδείκνυτο
1556 3376 1598 3435 άν,
1608 3376 1631 3424 οἳ
1640 3376 1693 3431 τούς
1705 3378 1757 3439 περὶ
1776 3382 1824 3425 τῶν
1842 3380 1918 3428 θείων

296 3449 436 3508 ἀδικῆσαι,)
450 3448 492 3505 όλη
507 3451 560 3503 νοῦς
575 3447 685 3509 γίγνεται.
701 3450 730 3497 'll
747 3451 771 3497 δὲ
783 3450 870 3506 ἀσεόής
887 3450 953 3512 ψυχὴ
968 3451 1030 3510 μένει
1043 3451 1081 3498 ἐπὶ
1127 3447 1209 3505 λόγους
1224 3447 1369 3510 ἀπορρήτους
1378 3448 1444 3508 εἶχον
1458 3447 1497 3494 καὶ
1507 3446 1534 3494 ati
1543 3445 1599 3507 πρός
1611 3445 1698 3501 πάντας
1714 3447 1842 3508 διελέγοντο
1861 3454 1918 3514 περὶ

296 3524 336 3576 τῆς
347 3519 406 3574 ἰδίας
415 3518 497 3573 οὐσίας
505 3519 544 3581 ἀρ’
554 3520 637 3576 ἑαυτῆς
646 3519 790 3581 κολαζομένη
798 3555 805 3576 ,
813 3521 853 3566 καὶ
864 3521 943 3580 γήϊνον
954 3525 1026 3580 σῶμα
1040 3524 1080 3576 ζη·
1127 3519 1204 3566 αὐτῶν
1214 3532 1219 3541 ·
1230 3518 1259 3565 τόι
1267 3518 1311 3580 γάρ
1321 3523 1369 3565 τῶν
1383 3519 1475 3567 πολλῶν
1490 3517 1587 3578 ὄμματα
1601 3523 1720 3580 καρτερεῖν
1737 3519 1792 3579 πρὸς
1808 3520 1836 3568 τδ
1856 3522 1918 3582 ἄλη.
1974 3540 1975 3547 ·

294 3592 369 3637 τοῦσα
380 3591 504 3648 εἰσελθεῖν,
517 3591 548 3644 εἰς
559 3590 702 3651 ἀνθρώπινον
715 3591 740 3638 δέ
749 3586 823 3638 ·’ἀλλο
833 3589 878 3652 γάρ
893 3594 964 3650 σῶμα
973 3590 1001 3637 οὐ
1009 3595 1082 3652 χωρεῖ
1127 3590 1162 3638 θὲς
1173 3589 1294 3650 ἀρορῶντα
1304 3588 1417 3636 ἀδύνατόν
1434 3605 1504 3650 φησιν
1513 3589 1527 3636 ό
1536 3587 1646 3645 Ἐλεάτης
1662 3589 1732 3644 ξένος.
1749 3588 1817 3652 Τάχα
1831 3591 1858 3639 δὲ
1874 3597 1918 3642 ut

295 3659 439 3722 ἀνθρωπίνην
450 3659 542 3723 ψυχήν,
561 3660 614 3708 οὐδὲ
627 3660 691 3721 θέμις
709 3660 772 3708 ἐστὶν
789 3661 820 3716 είς
839 3659 925 3720 ἀλόγου
937 3660 999 3723 ζῴου
1010 3666 1080 3721 σῶμα
1126 3664 1195 3707 τοῦτο
1206 3661 1268 3721 λέγοι
1278 3660 1306 3707 ἂν
1320 3660 1360 3708 καί
1370 3660 1450 3721 πολλῷ
1464 3663 1533 3708 τοῦτο
1547 3658 1699 3721 σεμνότερον,
1715 3660 1801 3709 dordr
1813 3663 1918 3723 εὑρόντα
1974 3684 1975 3691 ·

294 3731 372 3791 ψυχὴν
382 3730 524 3793 ἀνθρωπίνην
536 3735 691 3779 καταπεσεῖν·
703 3733 756 3778 θεοῦ
767 3731 816 3792 γὰρ
822 3730 891 3790 νόμος
901 3729 981 3790 οὗτος,
993 3732 1080 3790 ρυλάσ·
1126 3730 1199 3789 λέγειν
1212 3733 1243 3786 ὡς
1263 3731 1311 3779 eide
1328 3730 1386 3794 πρός
1397 3747 1460 3786 τινας
1474 3730 1594 3779 ἀδύνατον.
1603 3757 1634 3767 -
1649 3730 1698 3792 (71)
1709 3731 1827 3790 Diogenes
1838 3737 1916 3786 haer.

295 3815 344 3846 σειν
357 3799 434 3860 ψυχὴν
456 3799 601 3860 ἀνθρωπίνην
620 3801 667 3848 ἀπὸ
689 3805 729 3858 τῆς
747 3800 854 3857 τοιαύτης
871 3801 968 3862 θόρεως.
986 3799 1079 3854 Quodsi
1128 3798 1175 3846 tius
1194 3800 1235 3847 tib.
1251 3802 1386 3861 vlits-s.
1401 3799 1471 3848 ovid.
1492 3800 1654 3861 Metamorph.
1672 3801 1712 3849 tib.
1731 3803 1784 3860 XV,
1800 3815 1836 3851 rs.
1868 3812 1916 3856 152
1974 3842 1975 3853 2

296 3869 348 3916 haec
361 3868 442 3915 omnia
454 3881 483 3916 ex
498 3869 583 3918 codem
596 3869 657 3918 libro
667 3870 741 3931 petita
756 3872 828 3930 sunt,
841 3873 906 3932 patet
921 3869 997 3930 spurii
1008 3869 1080 3930 hujus
1126 3881 1193 3931 seqq.
1205 3869 1318 3919 Horatius
1327 3871 1408 3919 cum,
1424 3870 1465 3920 lib.
1477 3872 1499 3930 Ι,
1517 3875 1555 3920 28.
1570 3898 1603 3911 -
1612 3870 1661 3930 (72)
1672 3870 1741 3920 Alex,
1762 3871 1914 3933 rotyhtstor.
1974 3896 1975 3919 ν

296 3937 367 3987 libelli
387 3941 509 4000 parentem
521 3953 549 3988 ea
562 3953 616 4000 qrrao
629 3940 769 4001 praecedunt
785 3941 815 3989 ad
836 3941 920 4001 prioris
940 3942 1018 3989 aetatis
1039 3942 1088 3990 do·-
1126 3939 1196 4001 apud
1208 3939 1307 4001 Diogen.
1321 3943 1400 3990 Laett.
1413 3942 1454 3989 liti.
1470 3942 1538 3999 vtll,
1555 3946 1594 3990 at.
1606 3939 1663 3989 vid.
1677 3941 1732 3991 adu.
1745 3947 1782 3992 55.
1800 3968 1831 3978 -
1849 3944 1916 4005 (73)

294 4008 535 4069 ctrioam,scquentia
544 4008 574 4056 ad
582 4009 711 4058 lamblichl
722 4013 747 4058 et
757 4009 872 4058 similium
884 4009 979 4058 decreta
987 4023 1080 4060 accom·
1125 4010 1190 4058 auct.
1201 4023 1253 4058 aar.
1262 4023 1336 4058 carm.
1352 4024 1388 4059 rs.
1400 4013 1469 4060 tort
1485 4029 1490 4056 :
1502 4013 1530 4069 ην
1539 4009 1559 4058 δ’
1573 4010 1702 4071 ἀπαλείψας
1716 4016 1787 4071 σῶμα
1797 4011 1820 4066 ἐς
1835 4015 1914 4076 αἰθέρ’

295 4075 413 4127 modasse.
428 4108 458 4118 -
470 4079 519 4141 (68)
532 4079 638 4128 Timacus
651 4081 739 4129 Locrus
752 4082 782 4128 dc
796 4080 875 4128 anima
892 4081 976 4129 mundi
989 4087 1051 4129 extr.
1071 4101 1077 4130 :
1125 4079 1242 4144 ἐλεύθερον
1263 4081 1341 4142 ἔλθῃς,
1362 4081 1443 4130 ἔσσεαι
1460 4079 1572 4135 ἀθάνατος
1592 4079 1657 4139 θεός,
1670 4080 1798 4142 ἅμσροτος,
1815 4082 1859 4130 ούκ
1878 4085 1916 4134 ἔτι

295 4153 327 4204 ὡς
339 4149 384 4212 γάρ
395 4149 535 4212 τὰσώματα
546 4151 663 4200 νοσῶδεσί
675 4168 738 4200 ποκα
754 4153 876 4213 ύγιάζομες
886 4187 893 4210 ,
905 4151 929 4198 αί
939 4169 970 4199 κα
983 4154 1014 4212 μὴ
1026 4154 1078 4214 είκη
1126 4149 1213 4209 θνητός.
1223 4177 1255 4187 -
1263 4152 1313 4213 (tt)
1324 4151 1422 4211 Diogen.
1439 4153 1516 4200 baert.
1526 4150 1569 4199 lib.
1582 4152 1647 4210 vni,
1661 4157 1690 4198 32
1704 4169 1711 4198 ι
1724 4151 1783 4199 εἷναί
1796 4169 1823 4199 τε
1833 4153 1917 4202 πάντα

296 4224 345 4272 τοῖς
358 4217 535 4280 ὑγιεινοτάτοις,
549 4220 611 4268 οὕτω
622 4221 664 4277 τὰς
683 4221 759 4282 (σιγάς
772 4220 911 4283 ἀπείργομες
929 4223 1025 4283 ψευδέσι
1038 4221 1078 4270 λό-
1124 4221 1163 4269 τόν
1174 4222 1231 4284 ἀέρα
1243 4223 1326 4285 ψυχῶν
1338 4221 1458 4284 ἔμπλεων·
1469 4221 1509 4270 καλ
1519 4220 1614 4276 τούτους
1625 4219 1734 4279 δαίμονός
1743 4237 1768 4269 τε
1782 4222 1821 4269 καὶ
1830 4223 1917 4285 ἥρωας

293 4306 356 4353 γοις,
369 4289 388 4337 εί
401 4307 433 4338 κα
447 4292 479 4350 μὴ
496 4291 579 4350 άγηται
589 4291 692 4340 ἀλαθέσι.
704 4292 815 4352 Λέγοιντο
825 4290 845 4338 δ’
858 4293 885 4339 ᾰν
894 4291 1026 4352 ἀναγκαίως
1038 4293 1078 4340 καὶ
1124 4293 1269 4353 νομίζεσθαι·
1290 4294 1331 4341 καὶ
1349 4294 1397 4341 ὑπὸ
1416 4293 1505 4340 τούτων
1523 4291 1656 4352 πέμπεσθαι
1670 4290 1798 4354 ἀνθρώποις
1814 4293 1870 4349 τούς
1889 4311 1917 4343 τε

293 4359 403 4424 τιμωρίαι
416 4361 476 4416 ξέναι
487 4395 494 4418 ,
505 4362 536 4416 ὡς
547 4361 731 4424 μετενδυομένων
747 4366 789 4409 τᾶν
799 4363 876 4422 ψυχάν
888 4367 935 4410 τῶν
945 4363 986 4423 μέν
997 4364 1077 4413 δειλῶν
1124 4363 1224 4426 όνείρους
1239 4365 1279 4412 καὶ
1295 4364 1325 4411 τὰ
1337 4368 1425 4423 σημεῖα
1439 4362 1511 4411 νόσου
1524 4377 1551 4410 τε
1564 4362 1605 4409 καὶ
1622 4361 1724 4420 ίιγιείας·
1737 4363 1776 4410 καὶ
1796 4363 1823 4410 ού
1837 4364 1917 4423 μόνον

294 4431 439 4492 έςγυναικέα.
447 4431 536 4479 σκάνεα
547 4430 599 4479 ποθ’
610 4432 674 4494 όόριν
687 4430 837 4492 ἐνδιδόμενα,
850 4437 897 4480 τῶν
914 4432 938 4480 ἀὲ
950 4434 1077 4495 μιαιφόνων
1109 4445 1112 4450 ·
1125 4432 1268 4495 ἀνθρώποις,
1279 4434 1386 4482 ἀλλὰκαὶ
1402 4432 1525 4494 προόάτοις
1537 4431 1577 4478 καὶ
1590 4434 1638 4486 τοῖς
1649 4431 1726 4485 ἄλλοις
1742 4431 1861 4484 κτήνεσιν·
1879 4434 1917 4489 εἷς

293 4501 315 4554 ές
326 4501 410 4562 θηρίων
422 4501 526 4563 σώματα
535 4501 589 4550 ποτὶ
600 4502 709 4561 κόλασιν,
720 4503 809 4560 λάγνων
820 4501 839 4550 δ’
850 4503 872 4556 ές
883 4505 1077 4565 συῶνῆκάπρων
1123 4520 1148 4552 τε
1162 4505 1257 4560 τούτους
1272 4503 1375 4565 γίνεσθαι
1389 4502 1443 4557 τούς
1455 4519 1482 4550 τε
1499 4501 1632 4564 καθαρμούς
1644 4502 1684 4549 καὶ
1702 4502 1918 4563 ἀποτροπιασμούς

294 4571 393 4634 μορφάς,
406 4572 498 4634 κούρων
512 4572 586 4620 δὲκαὶ
602 4573 723 4634 μετεώρων
737 4572 759 4627 ές
772 4577 865 4628 πτηνῶν
879 4572 1027 4638 ἀεροττόρων,
1038 4574 1077 4638 ἀρ-
1125 4575 1237 4634 μαντικήν
1244 4590 1269 4623 τε
1283 4579 1362 4623 πᾶσαν
1373 4573 1414 4622 καὶ
1425 4570 1539 4629 κληδόνας
1556 4572 1597 4620 καὶ
1613 4571 1643 4620 τὰ
1654 4572 1733 4632 ὅμοια.
1748 4600 1779 4611 -
1797 4572 1847 4633 (75)
1870 4575 1917 4622 ct·

293 4645 342 4700 γῶν
352 4642 376 4688 δὲ
392 4643 432 4690 καί
444 4641 568 4705 ἀπράκτων
578 4642 674 4706 ἀμαθῶν
687 4643 758 4690 τεκαὶ
768 4643 873 4700 ἀνοήτων
886 4644 908 4699 ἐς
918 4644 959 4692 τὰν
972 4649 1018 4692 τῶν
1028 4645 1077 4694 tvai·
1123 4657 1178 4693 ceto
1192 4645 1222 4693 de
1241 4646 1289 4695 uir.
1307 4645 1327 4707 l,
1344 4651 1366 4692 θ.
1379 4669 1411 4680 -
1423 4644 1482 4705 (76)
1495 4641 1581 4691 Cicero
1594 4640 1625 4690 de
1640 4640 1690 4689 div.
1706 4644 1739 4698 Il,
1761 4645 1798 4690 68.
1813 4667 1845 4676 -
1858 4645 1917 4705 (77)

294 4711 354 4770 δρων
364 4712 435 4760 (θέαν.
455 4713 501 4760 Hic
520 4713 590 4774 igitur
601 4714 643 4772 τὴν
663 4713 871 4776 μετενσωράτωσιν
893 4716 923 4761 ad
937 4713 1047 4764 homines
1062 4729 1076 4765 a
1124 4714 1209 4763 cicero
1222 4714 1253 4763 de
1263 4715 1321 4775 legg.
1338 4713 1379 4761 tlh.
1398 4715 1436 4770 ll,
1448 4726 1500 4775 cap.
1517 4717 1555 4761 tt.
1570 4738 1602 4747 -
1613 4712 1663 4772 (78)
1675 4712 1758 4760 cicero
1768 4710 1799 4760 de
1812 4715 1916 4762 ὅτοισι

294 4781 357 4832 vitiis
369 4781 537 4832 absterrendos
549 4798 681 4847 eorumque
696 4797 774 4834 mores
783 4784 944 4834 emendandos
954 4786 1076 4835 inventam
1123 4795 1177 4845 cap.
1191 4790 1229 4833 20.
1243 4811 1274 4820 —
1289 4786 1339 4845 (79)
1353 4783 1472 4841 Diogenes
1491 4782 1600 4832 Laertius
1611 4781 1652 4829 lib.
1668 4783 1736 4838 vul,
1754 4778 1782 4830 13
1800 4795 1806 4828 :
1825 4786 1918 4831 τοῦτον

293 4851 436 4900 existimans
452 4854 516 4902 tollit
528 4855 577 4902 rim
596 4857 728 4916 dogmatis,
742 4855 788 4904 nisi
808 4854 868 4902 torte
880 4855 932 4903 hac
950 4854 1031 4916 opinio
1045 4869 1076 4905 cx
1122 4855 1167 4918 γὰρ
1187 4856 1227 4902 καὶ
1245 4857 1272 4913 ηδ
1283 4854 1384 4916 φονεύειν
1400 4852 1566 4917 ἀπαγορεύειν,
1579 4853 1612 4914 μὴ
1626 4851 1662 4900 ὅτι
1676 4867 1703 4908 γε
1724 4851 1837 4902 ἅπτεσθαι
1863 4858 1917 4900 τῶν

293 4920 334 4969 illa
344 4923 454 4970 veterum
469 4923 623 4983 persuasione
637 4927 690 4974 orta
703 4926 754 4984 est,
765 4938 838 4986 quam
850 4925 972 4974 Philolaus
983 4939 1075 4974 memo-
1122 4925 1189 4987 ζῴων
1200 4926 1279 4973 κοινὸν
1288 4925 1378 4974 δίκαιον
1390 4925 1556 4987 ημῐνέχόντων
1569 4924 1655 4984 ψυχῆς.
1669 4921 1778 4969 llatae&
1789 4922 1830 4982 μὲν
1839 4920 1873 4980 ἦν
1886 4924 1918 4971 τὸ

293 4996 330 5038 τοι
342 4989 406 5050 antid
420 4991 570 5042 Clementem
586 4996 675 5043 strom.
686 4997 719 5044 ut
734 5009 757 5054 p.
770 4998 816 5045 433
829 4993 869 5058 (ct.
883 4994 938 5044 adn.
952 4997 981 5042 57
991 4996 1001 5057 )
1010 4998 1034 5043 et
1045 4994 1074 5043 ad
1121 4994 1265 5057 πρόσχημα·
1278 4994 1305 5044 τὸ
1321 4996 1342 5044 δ’
1356 4995 1452 5055 ἀληθές,
1471 4999 1518 5044 τῶν
1534 4992 1647 5055 ἐμψύχων
1671 4991 1816 5054 ἀπηγόρευεν
1832 4991 1916 5040 ἀπτε-
1974 4994 1975 4999 ’

294 5073 405 5109 arcanam
430 5064 581 5122 quorundam
604 5066 816 5126 Pythagoricorum
838 5065 990 5126 disciplinam
1016 5065 1074 5113 rete·
1121 5065 1324 5124 σθαι,συνασιῶν
1334 5067 1374 5114 καλ
1390 5064 1512 5121 συνεθίζων
1524 5064 1556 5118 εἰς
1569 5060 1677 5109 εὐκολίαν
1689 5061 1742 5124 βίου
1750 5060 1804 5115 τοὺς
1816 5060 1916 5122 ἀνθρώ-
1974 5124 1975 5129 1

295 5130 417 5179 renda-
430 5130 479 5194 (69)
492 5133 603 5183 Clemens
615 5135 683 5182 Alex.
699 5138 786 5184 Str-om.
801 5135 907 5197 lihvp.
918 5137 972 5184 aot.
985 5134 1074 5197 -(7o)
1120 5147 1190 5189 πους·
1212 5137 1273 5185 ὥστε
1297 5136 1447 5201 εὐπορίστους
1467 5134 1548 5188 αὐτοῖς
1570 5131 1629 5180 εῖναι
1642 5132 1684 5188 τὰς
1707 5130 1803 5194 τροράς,
1827 5130 1917 5194 ἄπυρα
1974 5134 1975 5155 ¹

294 5201 356 5251 Vide
376 5202 431 5251 adn.
445 5205 484 5252 at.
499 5203 567 5254 Adde
586 5205 638 5254 hoec
650 5205 729 5254 Procli
750 5205 823 5255 verba
835 5206 858 5254 itt
871 5205 989 5254 Tlmaeuttt
1002 5218 1027 5268 p.
1043 5210 1073 5254 92
1120 5207 1313 5270 προσφερομένοις
1328 5207 1368 5254 καί
1384 5207 1446 5255 λιτδιι
1465 5205 1528 5266 ὕδωρ
1542 5202 1658 5253 πίνουσιν.
1669 5200 1789 5251 Ἐντεῦθεν
1806 5200 1853 5264 γὰρ
1870 5205 1916 5252 καὶ
