3959 5925
240 361 295 409 176
945 339 1144 401 cflaLctntt

234 496 285 533 ram
297 483 414 530 universae
424 480 457 529 rei
471 477 547 540 quaeri
561 475 643 525 docuit
660 488 811 537 :curamque
824 473 1015 534 investigationis
1060 482 1130 532 ncre;
1147 470 1361 532 temperantiaque
1375 481 1461 533 causa,
1475 469 1555 530 potins
1570 485 1643 532 quam
1657 472 1842 538 oblectationis,

233 571 314 634 injecit
325 568 462 628 mentibus,
475 565 545 627 quasi
555 564 677 627 quoddam
690 563 846 613 seminarium
857 561 1015 624 philosophia
1059 560 1117 608 satis
1132 558 1272 616 commoda,
1286 559 1374 621 quippe
1388 571 1443 620 quan
1454 558 1629 622 discrepantes,
1641 565 1666 609 et
1682 561 1841 612 inconsonan-

234 671 345 722 pangens.
378 657 434 713 Quo
453 653 517 702 bono
533 651 592 700 nihii
612 651 692 713 maius
711 663 821 714 unqrmm
836 649 866 698 ad
887 648 1013 698 hominnm
1060 651 1097 694 tes
1113 645 1202 696 animan
1215 646 1390 696 commotiones
1407 646 1436 696 ad
1455 651 1599 698 concentum
1613 650 1844 714 exornationemqua

232 742 427 807 qenrrsadirina
441 739 601 788 munlhcentia
616 738 768 788 commeavit.
783 740 836 786 lloc
849 737 922 798 igitur
936 735 1013 784 masi·
1058 733 1203 796 concordiae,
1231 733 1307 784 Musis
1341 735 1530 797 auxiliantibus,
1565 740 1669 786 revocet.
1704 739 1840 802 lthytlrmns

234 845 302 880 rnnm
319 829 463 880 beneficium
483 828 552 876 visus
567 826 742 888 oculorumque
755 838 809 874 esse
822 825 886 873 dlco.
920 824 1014 872 Minora

232 921 278 968 alia
295 922 411 980 praeterea
430 936 436 966 :
456 915 561 978 quibus,
582 914 624 976 qui
642 927 656 963 a
672 913 825 976 philosophia
842 912 929 961 remoti
942 915 1013 971 sunt,

233 1010 356 1068 carentes,
375 1005 482 1064 debiles,
496 1005 620 1066 caecique,
636 1002 854 1061 mestamritam,
874 1000 1014 1062 lugubrem-

234 1109 294 1158 que,
308 1079 392 1158 agunt.
425 1093 498 1144 ttobis
511 1105 568 1142 uero
580 1104 651 1140 causa
663 1091 766 1140 dicenda
781 1087 1016 1149 demonstrandaque

233 1184 339 1243 ridetur,
354 1181 430 1232 divini
441 1180 558 1230 muneris
577 1179 643 1245 quod
663 1177 814 1240 prouidentia
828 1178 965 1226 commenta
980 1177 1017 1224 est

234 1271 360 1322 salubriter
373 1270 496 1318 lienteum.
530 1267 632 1318 Dedisse
644 1268 723 1316 Dema
737 1265 827 1314 idcirco
842 1265 927 1313 ocnlm
940 1263 1016 1312 bomi-

233 1359 319 1420 nibus,
334 1361 359 1407 ot
374 1356 462 1406 means
484 1354 691 1418 providentiaque
713 1353 829 1402 circuitus
846 1353 888 1415 qni
912 1351 973 1400 hunt
993 1351 1016 1400 in

234 1447 308 1508 creto,
324 1446 454 1506 notantes,
474 1455 560 1492 eornm
579 1441 685 1500 similes,
701 1447 879 1503 cognatosque,
902 1439 925 1487 in
946 1451 1017 1488 nsum

236 1548 287 1584 sun
312 1533 401 1583 mentis
423 1530 576 1593 redigerent,
601 1528 766 1590 circuitusque
783 1528 887 1589 animae,
908 1527 952 1588 qui
967 1527 1017 1575 ani·

235 1606 430 1680 madrersiones‚
443 1632 485 1669 seu
499 1617 699 1676 deliberationes,
711 1621 838 1677 vocantur,
853 1627 926 1677 quarn
938 1615 1016 1664 simit-

235 1711 305 1759 timos
319 1708 443 1758 elicerent
453 1705 541 1754 dirinse
548 1704 642 1753 mentis
653 1704 761 1766 providis
773 1703 881 1752 motibus
888 1737 896 1764 ,
908 1702 1016 1765 placidis,

235 1796 433 1858 tranquillisque,
455 1791 602 1856 perturbatis
620 1791 675 1840 licet
697 1792 911 1852 :contirmatoqne
925 1790 1017 1852 ingene·

235 1885 294 1933 ratae
315 1880 415 1930 rationis
436 1878 561 1936 examine,
587 1876 645 1926 dum
667 1877 791 1926 imitantur
809 1875 909 1939 aplanes
932 1876 1017 1925 mundi

235 1968 387 2030 intelligibilis
407 1966 634 2025 circumactionem,
657 1977 708 2013 suae
733 1963 823 2014 mentis
846 1966 928 2014 motus
950 1977 1017 2014 erra-

176 2095 181 2102 ,
234 2057 296 2119 ticos
323 2055 450 2116 corrigam.
500 2053 590 2102 &dem
617 2053 684 2102 vocis
716 2065 828 2116 quoqne,
855 2056 880 2102 et
906 2051 1018 2113 auditus,

235 2145 296 2194 ratio
317 2148 369 2204 est,
390 2144 419 2192 ad
444 2143 542 2192 eosdem
577 2154 655 2203 usus,
678 2143 752 2202 atque
781 2141 813 2190 ad
840 2142 948 2204 plenam·
962 2143 1019 2191 ritae

237 2233 363 2282 bominum
377 2231 574 2291 instructionem,
588 2230 712 2280 datorum.
747 2229 872 2292 Siquidem
891 2235 1018 2293 propterea

155 2327 161 2340 ·
236 2321 354 2370 sermonis
375 2321 413 2369 est
426 2319 538 2368 ordinata
559 2318 766 2378 communicatio,
785 2322 814 2366 ut
836 2320 925 2380 praesto
940 2319 1020 2369 torent

235 2411 327 2460 mutum
340 2407 473 2460 volontatis
483 2405 569 2454 indicia
579 2420 585 2454 :
594 2407 762 2468 quantumque
772 2418 815 2468 per
826 2418 909 2456 rocem
924 2407 1015 2456 utilita-

180 2537 184 2545 .
237 2498 268 2546 tis
281 2497 376 2558 capitur
389 2509 420 2544 ex
435 2494 543 2554 arausica,
559 2494 654 2542 tontum
673 2497 751 2543 totum
767 2493 815 2542 hoc
826 2497 924 2543 constat
938 2495 1018 2544 bomi-

237 2598 296 2634 nnm
317 2582 398 2645 genui
416 2587 514 2644 propter
531 2581 683 2630 harmoniam
702 2581 855 2631 attributum.
888 2583 1019 2632 Harmonia

237 2685 309 2732 sero,
325 2675 365 2722 est
378 2669 509 2720 modulatio
525 2688 532 2718 ι
546 2671 632 2729 utpote
650 2668 751 2718 intentio
764 2668 913 2730 modificata,
930 2683 1018 2732 cogna-

235 2768 284 2822 tas,
296 2761 322 2810 et
337 2759 403 2809 reiut
417 2757 621 2817 consanguineas,
637 2756 727 2806 habens
744 2756 920 2807 commotiones
931 2759 1020 2808 animm

237 2851 340 2910 nostrae,
353 2845 536 2895 circuitionibus
550 2844 681 2906 prudenter
693 2845 817 2894 utentibus
828 2848 953 2895 btnsarnm
964 2861 1019 2895 mu·

237 3056 313 3111 τοῦτο
339 3050 484 3127 όμμάτων,
500 3049 625 3128 μέγιστον
650 3050 761 3127 ἀγαθόν·
784 3043 870 3111 τάλλα
900 3052 944 3126 δί,
970 3054 1020 3113 ὅσα

241 3136 361 3209 ἐλάττω,
377 3135 404 3194 τί
418 3135 449 3195 δν
465 3137 608 3214 θμνοῖμεν;
625 3128 662 3195 ὧν
677 3141 691 3195 θ
707 3136 745 3214 μὴ
763 3139 901 3219 ριλόσορος
915 3142 1020 3219 τυφλω-

238 3226 289 3293 θεὶς
303 3224 455 3304 ὀδυρόμενος
472 3223 503 3281 θν
519 3229 608 3303 θρηνοῖ
622 3225 717 3300 μάτην.
760 3226 840 3286 Ἀλλθ
856 3232 933 3285 τοῦτο
945 3228 1021 3304 λεγέ-

237 3319 292 3373 σθω
316 3316 380 3393 παρ’
393 3315 485 3390 ἡμῶν,
502 3311 568 3385 αὕτη
591 3312 635 3371 ἐπὶ
659 3318 745 3372 ταῦτα
766 3313 856 3387 αἰτία,
880 3315 936 3373 θεὸν
956 3317 1020 3392 ἡμῖν

237 3404 352 3482 α’νευρεῖν
372 3398 543 3481 δωρήσασθαί
555 3423 584 3457 τε
598 3399 677 3479 όψιν,
693 3398 737 3460 ἵνα
750 3399 796 3467 τθς
811 3402 836 3458 ἐν
852 3404 952 3482 οὐρανῷ
969 3425 1020 3459 κα·

196 3496 204 3511 “
236 3492 348 3558 τιδόντες
362 3494 408 3549 τοῦ
422 3493 466 3547 νοῦ
484 3488 618 3568 περιόδους
631 3489 802 3568 χρησαίμεθα
819 3487 863 3546 ἐπὶ
877 3488 926 3555 τὰς
943 3512 1019 3568 περι-

1059 825 1138 871 antem
1159 825 1195 871 est
1220 821 1291 871 datns
1313 826 1339 871 nt
1355 821 1447 871 medela
1468 828 1553 873 contra
1573 824 1711 887 illepidam,
1730 839 1843 877 numero·

1060 896 1205 974 rumqne'et
1227 909 1355 960 modorum
1379 912 1498 972 nesciam,
1523 913 1655 975 gratiaeque
1674 920 1799 976 expertem
1818 915 1842 964 in

1061 1000 1196 1062 plerisque,
1213 999 1331 1048 naturam,

1092 1087 1106 1150 §
1124 1092 1161 1136 nl.
1176 1089 1245 1136 ltnnc
1258 1085 1373 1149 quonlam
1388 1089 1474 1136 cuncta
1489 1087 1594 1149 exceptis
1605 1088 1736 1138 admodum
1753 1093 1845 1154 paucis,

1061 1175 1157 1226 executi
1169 1189 1269 1236 snmus,
1283 1187 1339 1237 quae
1350 1173 1459 1237 proridac
1474 1174 1561 1223 mentis
1573 1175 1709 1226 intellectus
1720 1177 1823 1228 institnit
1837 1199 1843 1228 :

1062 1265 1156 1325 oportet
1176 1263 1249 1312 etiam
1263 1262 1293 1312 de
1315 1261 1377 1324 illis,
1398 1275 1454 1324 qnae
1476 1261 1608 1312 necessitas
1628 1263 1738 1328 invehit,
1755 1265 1842 1316 dicore.

1067 1351 1140 1401 ltisia
1156 1350 1276 1413 siquidem
1293 1349 1376 1399 mundi
1391 1349 1487 1399 sensilis
1502 1362 1530 1398 ex
1545 1351 1694 1402 necessitatis
1711 1347 1842 1416 intelligen-

1063 1440 1151 1501 tiaque
1167 1442 1232 1488 coetu
1244 1439 1355 1488 consistit
1365 1439 1485 1505 generatio
1499 1457 1505 1487 :
1517 1437 1657 1488 dominante
1668 1439 1805 1502 intellectu,
1821 1446 1844 1492 et

1062 1527 1153 1576 salobri
1167 1527 1334 1590 persuasione,
1349 1525 1452 1588 rigorem
1465 1525 1613 1576 necessitatis
1625 1526 1727 1577 assidua
1738 1529 1845 1580 trahente

1062 1616 1091 1664 ad
1117 1615 1220 1678 optimos
1240 1616 1318 1664 actus.
1351 1616 1436 1676 ltaque
1458 1613 1550 1676 evicta,
1575 1617 1600 1664 et
1618 1618 1716 1677 parente
1739 1617 1844 1679 providis

1064 1703 1250 1752 arrctoritatibns
1259 1701 1414 1763 necessitate,
1426 1701 1502 1764 prima
1515 1714 1596 1752 rerum
1606 1703 1737 1767 mundique
1748 1706 1845 1755 exordia

1062 1790 1233 1840 constiterunt.
1267 1789 1291 1838 si
1308 1790 1362 1851 quis
1375 1802 1433 1851 ergo
1444 1802 1516 1850 rere,
1528 1791 1643 1855 Juxtaque
1658 1805 1749 1842 meram
1762 1793 1843 1855 tidem,

1064 1878 1147 1927 mundi
1163 1878 1234 1940 hujus
1246 1877 1422 1927 institutionem
1435 1878 1602 1928 insinuaturus
1614 1879 1659 1928 erit
1672 1895 1678 1924 ι
1692 1881 1758 1930 Ιιιιιιο
1772 1894 1844 1944 οροτ-

1064 1970 1099 2019 tet
1112 1968 1221 2019 erraticae
1237 1979 1336 2030 qnoque
1351 1981 1432 2018 causae
1446 1969 1550 2031 speciem
1567 1968 1741 2022 demonstrare.
1775 1949 1844 2030 Quod

1065 2059 1098 2109 ita
1113 2057 1211 2108 demum
1231 2058 1362 2108 commode
1380 2057 1436 2120 net,
1451 2056 1471 2106 sl
1491 2056 1521 2106 ad
1539 2069 1637 2116 eorum,
1654 2070 1710 2120 quae
1724 2061 1845 2110 erroriius

1064 2146 1224 2208 implicantur,
1236 2146 1352 2207 originem
1365 2145 1429 2194 lacto
1448 2157 1558 2206 recursu,
1583 2143 1683 2206 perinde
1704 2148 1731 2194 ut
1750 2146 1774 2194 in
1798 2147 1843 2208 iis,

1063 2245 1121 2300 quaa
1133 2250 1161 2287 ea
1174 2239 1255 2287 mente
1265 2239 1321 2287 sunt
1328 2273 1336 2299 ‚
1348 2236 1446 2287 lecimus
1458 2235 1619 2298 :genituram
1629 2237 1844 2306 substantiamque,

1064 2339 1148 2375 eornm
1158 2325 1189 2374 ab
1200 2325 1300 2376 exordio
1310 2327 1446 2375 retexamus
1461 2339 1467 2372 ι
1479 2327 1638 2387 naturamque
1648 2325 1719 2387 ignis,
1730 2330 1755 2378 et
1765 2330 1844 2389 terrae,

1064 2420 1208 2462 ceterarum
1225 2413 1283 2461 item
1302 2411 1457 2461 materiamm
1467 2447 1475 2473 ,
1493 2423 1522 2460 ea
1547 2411 1637 2474 quibus
1655 2413 1738 2462 mnndi
1753 2415 1845 2465 sensilis

1063 2501 1228 2564 coagmentata
1259 2498 1351 2549 molitio
1373 2503 1427 2560 est,
1449 2497 1638 2550 consideremus.
1671 2503 1720 2550 Nec
1738 2503 1845 2552 naturam

1066 2588 1139 2638 modo
1154 2601 1236 2638 reram
1251 2587 1317 2636 illam
1331 2593 1452 2649 veterem,
1467 2601 1522 2649 quae
1536 2587 1581 2637 init
1593 2590 1649 2638 ante
1661 2589 1844 2661 concretionem,

1065 2679 1106 2726 sed
1129 2677 1242 2739 antiquas
1257 2677 1332 2725 etium
1356 2676 1463 2737 ipsorum
1485 2672 1658 2725 elementorum
1672 2677 1846 2739 perpessiones.

1065 2763 1151 2814 Nullus
1166 2765 1255 2827 qnippe
1267 2764 1298 2813 ad
1311 2764 1358 2814 boc
1370 2777 1447 2826 usquc
1460 2765 1558 2825 tempus
1572 2763 1702 2824 genituram
1713 2777 1796 2814 eorum
1811 2765 1846 2814 in·

1066 2851 1155 2900 dicarit
1167 2869 1173 2900 :
1187 2851 1229 2900 sed
1241 2853 1357 2912 tanquam
1370 2850 1502 2900 scientibus
1510 2849 1568 2912 qnid
1578 2851 1610 2900 sit
1619 2849 1696 2912 ignis,
1707 2853 1730 2900 et
1741 2853 1825 2900 caetera
1838 2865 1843 2896 :

1067 3052 1109 3113 διθ
1123 3054 1172 3126 τὴν
1187 3055 1299 3135 ἄμετρον
1312 3064 1339 3115 ἐν
1352 3058 1416 3131 ἡμῖν
1431 3054 1476 3114 καί
1491 3048 1608 3135 χαρίτων
1623 3056 1713 3113 ἐπιδεᾶ
1726 3054 1845 3132 γιγνομί·

1065 3166 1112 3213 νην
1127 3145 1154 3201 ἐν
1163 3152 1216 3210 τοῖς
1228 3142 1358 3208 πλείστοις
1368 3140 1421 3209 ίἘιν
1434 3142 1570 3221 ἐπίκουρος
1583 3143 1626 3201 ἐπὶ
1636 3148 1720 3202 ταῦτα
1735 3141 1786 3201 ὖπθ
1796 3145 1845 3199 τῶν

1066 3230 1153 3287 αὐτῶν
1168 3230 1255 3301 ἐδόθη.

1105 3318 1122 3393 S
1143 3334 1179 3375 nt.
1203 3316 1246 3377 Τδι
1267 3316 1314 3393 μὲν
1333 3306 1378 3375 σόν
1398 3317 1599 3395 παρεληλυθότα
1612 3321 1665 3375 τῶν
1686 3318 1846 3395 εἰρημένων,

1065 3403 1133 3473 πλὴν
1152 3403 1288 3482 βραχίων,
1304 3402 1581 3464 constitutaesint
1595 3407 1639 3463 νοῦ
1656 3404 1846 3481 δεδημιουργη-

1065 3486 1146 3563 μένα·
1166 3488 1247 3549 δεῖδὲ
1265 3488 1310 3548 καλ
1325 3489 1359 3548 τδι
1374 3491 1407 3547 δι’
1423 3490 1538 3566 ἀνάγκης
1557 3486 1698 3569 γιγνόμενα
1718 3495 1756 3567 τῷ
1776 3489 1847 3569 λόγῳ

234 3577 314 3658 φοράς
348 3576 395 3646 τθς
422 3581 470 3649 τῆς
497 3578 560 3655 παρ’
587 3582 651 3652 ἡμῖν
686 3573 861 3685 διανοήρεως,
889 3575 1019 3654 ξυγγενεῖς
1064 3576 1237 3657 παραθέσθαι.
1279 3575 1438 3656 Μεμιγμένη
1451 3577 1502 3657 γδιρ
1514 3568 1676 3647 οθνῆτοῦδε
1687 3582 1731 3635 τοῦ
1746 3578 1845 3654 κόσμου

235 3663 386 3733 ἐκείναις
356 3688 449 3738 ουσας,
465 3664 622 3742 αταροίκτοις
634 3686 847 3742 τεταραγμενας,
860 3663 1019 3741 ἐκμαθόντες
1064 3666 1163 3745 γε’νεσις
1186 3665 1212 3735 ἐξ
1227 3666 1342 3746 ἀνάγκης
1365 3689 1394 3724 τε
1414 3665 1460 3724 καλ
1482 3690 1526 3725 νου
1544 3666 1693 3730 συστάσεως
1707 3664 1845 3743 ἐγεννήθη·

236 3752 263 3813 lt
278 3778 322 3813 και
312 3754 474 3831 λογισμῶν
489 3750 610 3810 κατθ’
577 3774 653 3830 φυσιν
668 3752 807 3829 ὀρθότητος
828 3753 1019 3839 μετασχόντες,
1064 3774 1107 3809 νου
1091 3752 1177 3811 δὲ’
1162 3752 1279 3832 ανάγκης
1294 3750 1471 3833 epponem*
1435 3776 1473 3832 τῳ
1487 3753 1584 3813 πείθειν
1599 3749 1729 3831 αὐτὴν
1693 3773 1745 3811 των
1761 3772 1844 3828 γιγνο-

238 3840 395 3947 μιμούμενοι
409 3839 456 3906 τθς
469 3862 515 3898 του
499 3842 589 3896 θεον
605 3838 709 3905 πάντως
723 3840 849 3906 ἀπλανεῖς
864 3838 957 3911 οὔσας,
970 3832 1019 3911 τδις
1064 3839 1149 3917 μένων
1160 3841 1194 3899 τὰ
1208 3844 1320 3901 πλεῖστοι
1335 3842 1410 3901 ἐπὶ
1387 3864 1416 3899 το
1433 3842 1567 3922 βέλτιστον
1579 3840 1666 3920 άγειν,
1682 3839 1765 3919 ταύτῃ
1778 3840 1846 3898 κατθι

235 4017 266 4090 δὴ
278 4040 323 4075 και
313 4016 416 4087 boh<
429 4013 491 4095 πέρι
503 4013 583 4072 παλιν
599 4014 698 4081 θαύτος
712 4013 856 4093 λόγος,ἔπ“ι
869 4014 1000 4074 ταθτθ
964 4039 1017 4074 των
1064 4018 1132 4079 οὕτω
1146 4042 1197 4078 κατ
1197 4018 1305 4097 ’ἀρχὰς
1320 3992 1527 4084 Ευνίστοιτόδε
1468 4040 1527 4076 τοε
1542 4018 1572 4075 τὸ
1587 4023 1653 4077 πᾶν.
1697 4014 1734 4075 Ει
1745 4040 1783 4082 τις
1802 4005 1844 4074 ουν

238 4108 325 4163 αὐτων
339 4102 415 4162 ἕνεκα
436 4101 510 4182 παρδι
525 4104 589 4159 θεων
608 4102 673 4160 δεδω
652 4106 781 4181 ωρῆσθαι.
824 4102 949 4181 Λόγοςτε
966 4103 1017 4183 γδιρ
1063 4100 1200 4186 ᾗγίγονε,
1213 4106 1283 4163 κατὰ
1302 4127 1387 4163 ταυτα
1401 4102 1480 4172 toene
1493 4108 1559 4184 ἐρεῖ,
1576 4101 1779 4182 μικτέονκαλ
1755 4126 1785 4161 το
1799 4106 1845 4172 τῆς

225 4194 279 4257 ,ἐπ’
300 4191 366 4251 αθτθ
388 4212 471 4250 ταυτα
490 4188 633 4264 τέτακται,
658 4188 785 4265 μεγίστην
807 4189 1018 4267 ξυμόοιλλόμενος
1041 4184 1236 4305 {asenaphar
1254 4183 1321 4259 εἶδος
1344 4192 1447 4265 αἰτίας,
1467 4184 1586 4273 Ιἦρέρειν
1610 4192 1774 4272 eripuisse.-
1768 4179 1855 4249 -ΩδεΙ

237 4284 272 4349 εἷς
286 4278 355 4340 αθτθι
379 4287 490 4361 μοῖραν,
506 4276 604 4337 όσον’τ
623 4269 657 4336 no
672 4284 799 4354 μουσικῆς
814 4281 902 4359 φωνῆς
921 4278 1016 4411 xpristi
1063 4276 1107 4341 ουν
1128 4281 1238 4341 πάλιν’
1223 4302 1425 4360 αναχωρητε,
1369 4280 1409 4338 έον
1438 4278 1671 4339 καλλαόουσιν’
1643 4303 1675 4339 αυ
1677 4282 1729 4337 τῶν
1749 4277 1845 4337 τούτων

237 4394 301 4448 μον,
321 4367 387 4449 πρδς
413 4365 494 4438 ἀκοὴν
518 4363 628 4423 ἕνεκα(
615 4390 632 4424 α
635 4365 740 4446 ρμονίσις
761 4366 816 4425 ἔστι
837 4364 893 4424 tout
867 4371 924 4424 θε·ν
948 4362 1017 4437 ἡδί
1062 4368 1248 4481 προσήκουσαν
1268 4368 1353 4450 ἀρχὴν
1375 4368 1465 4449 ἑτέραν
1486 4361 1558 4436 αυθις
1581 4392 1614 4426 cu
1621 4367 1769 4444 ,καθάπερ
1785 4364 1846 4443 περὶ

237 4416 363 4539 apponis,
380 4455 508 4535 ξυγγενεῖς
533 4455 630 4533 ἔχουσα
656 4453 737 4534 φορὰς
764 4462 820 4521 ταῖς
840 4456 905 4514 ἔνθ
900 4462 953 4532 ,pis
971 4458 1018 4526 τῆς
1062 4461 1114 4517 τῶν
1130 4458 1263 4533 τάτε,νῦν
1285 4456 1355 4517 οὕτω
1371 4456 1544 4537 περὶτούτων
1564 4456 1643 4515 πάλιν
1669 4455 1776 4565 ἀρκτίρν
1797 4458 1844 4511 ἀπ’

239 4551 326 4658 ψμχης
339 4571 373 4606 πε
376 4547 533 4627 ριόδοις,τῷ
549 4544 707 4620 μετθνουπ
709 4544 884 4625 ροσχρωμίνῳ
898 4542 1019 4612 Μοίσαις
1064 4550 1155 4657 ἀρχῆς.
1200 4545 1258 4619 Τὴν
1274 4544 1361 4617 δὴ
1317 4568 1367 4627 προ
1378 4568 1425 4617 της
1439 4546 1483 4624 obp
1486 4568 1547 4604 ανον
1559 4544 1683 4622 γενεσεως
1694 4566 1773 4623 πυρος
1785 4541 1845 4600 άδα

239 4638 286 4696 οὐκ
302 4638 332 4716 ἐρ
343 4633 439 4708 ἡδονάν
452 4634 562 4710 αλογον
577 4631 697 4712 καθάπερ
712 4656 771 4705 νυν,
786 4623 851 4691 εἶναι
865 4632 1017 4713 δοκεῖχρή-
1063 4636 1210 4704 ricem
1228 4633 1303 4714 dapne
1316 4634 1362 4694 και
1377 4658 1425 4713 γης
1439 4634 1514 4715 prices
1529 4632 1634 4692 θεατέον
1655 4630 1735 4703 αὐτὴν
1750 4654 1796 4688 και
1786 4628 1844 4687 τθι

238 4748 332 4803 σιμος,
348 4724 407 4781 ἀλλ’
428 4722 472 4783 tet
492 4719 540 4793 τνὴ
526 4728 695 4799 νγεγονυῐαν
719 4722 745 4779 όν
767 4723 867 4797 ἡμῖν’
853 4720 902 4779 ανά
905 4744 1018 4801 ρμοστον
1048 4749 1114 4806 προ
1127 4723 1218 4785 τούτου
1233 4724 1316 4795 πάθη.
1358 4724 1413 4782 Νῦν
1427 4720 1478 4830 γὰρ
1494 4720 1576 4788 οὐδείς
1589 4744 1632 4779 πω
1647 4719 1704 4797 γε’νε
1707 4744 1746 4778 σιν
1759 4719 1843 4777 αὐτῶν

236 4815 324 4894 ψυχης
354 4810 472 4891 περίοδον
510 4812 545 4876 ete
569 4809 768 4885 κατακόσμησιν
796 4809 842 4867 καί
865 4811 1017 4890 συμφωνίαν
1064 4813 1232 4891 μεμήνυκεν,
1246 4814 1338 4871 αἰλλΗ
1324 4836 1358 4878 ως
1380 4811 1461 4871 ειδόσι
1480 4818 1531 4889 πῦρ
1552 4807 1615 4881 ό,τί
1635 4808 1700 4869 ποτέ
1724 4806 1844 4867 ἐστικαὶ

237 4905 317 4980 ἑαυτῇ
332 4898 469 4979 ξύμμαχος
484 4902 535 4957 υπο
549 4900 665 4957 Μουσων
680 4897 797 4957 δέδοται·
812 4921 857 4955 και
876 4890 1019 4977 debeis*
985 4923 1017 4957 οιυ
1002 4866 1045 4935 τί
1064 4900 1216 4959 ίκοιστον’
1188 4922 1273 4957 αυτων
1286 4898 1423 4977 λίγόμεν’
1408 4896 1490 4977 αρχίις
1502 4893 1569 4954 αθτθ
1583 4894 1757 4972 τιθίμενοιστ
1758 4900 1842 4972 οιχεῑοι

964 5010 1841 5037 ......,.-...-...-.....-..-....-α

239 5091 393 5154 impulerunt
409 5092 504 5149 Quibus
516 5106 545 5142 ex
557 5092 631 5142 rebus
645 5091 823 5155 philosophiam
832 5091 913 5155 adepti
925 5104 1018 5152 snmus,
1038 5102 1045 5221 γ
1065 5070 1149 5141 datram
1161 5095 1198 5141 cst
1210 5090 1348 5141 mortalium
1363 5089 1443 5154 generi
1462 5088 1564 5141 deorum
1578 5100 1693 5139 concessu
1711 5089 1783 5149 atqnc
1795 5099 1847 5135 mn-

239 5192 289 5245 qno
306 5179 371 5229 bono
390 5180 484 5230 nullum
499 5179 644 5244 optabilius,
658 5181 753 5230 nultum
768 5181 923 5242 prestantius
941 5192 1020 5243 neque
1066 5192 1132 5242 nere,
1142 5178 1344 5244 nequedabitur.-
