3959 5925
835 423 837 431 ι
1023 415 1056 431 1¹
1158 417 1186 430 ,s
1262 412 1278 429 Ἰ
1304 423 1309 433 ,

543 674 725 896 nn
787 669 1297 921 munnio.

785 988 1068 1017 Q—

161 1189 321 1247 tlinomaus
334 1190 343 1263 (
348 1190 372 1265 1)
389 1185 569 1263 Gadarenns,
585 1208 671 1267 quem
683 1190 831 1250 lladriano
840 1194 901 1249 im-

120 1290 241 1355 perante
262 1277 395 1335 floruisse
411 1279 576 1355 accepimus
591 1277 640 1354 (α),
658 1279 682 1336 si
700 1278 772 1337 tides
786 1279 900 1358 Suidae,

121 1388 181 1425 non
201 1364 288 1423 modo
307 1362 402 1423 libros
419 1366 455 1423 de
473 1364 625 1443 republica
642 1385 675 1423 ae
696 1366 732 1424 de
750 1368 902 1427 Homerica

121 1454 323 1533 philosophia,
352 1453 403 1512 sed
428 1457 513 1510 etiam
528 1453 564 1510 de
584 1453 765 1512 institutione
787 1457 900 1534 cynica,

121 1544 158 1600 de
174 1543 304 1613 Cratete,
319 1541 449 1617 Diogene
463 1554 492 1598 et
510 1541 622 1598 caeteris
635 1541 756 1617 Cynicis
771 1543 901 1601 contece-

121 1644 175 1687 rat.
191 1630 254 1687 lluc
268 1629 378 1687 accedit
392 1648 465 1706 opus
477 1628 551 1686 illud
565 1628 601 1685 de
615 1630 799 1688 oraculorum
816 1632 900 1689 vani·

124 1732 193 1793 tate,
217 1718 295 1795 quod
312 1718 363 1774 alii
387 1718 425 1795 (3)
445 1720 575 1773 adversus
600 1721 716 1773 oracula
741 1718 826 1794 (κατὰ
848 1722 901 1775 τῶν

121 1805 318 1884 χρηστηρίων),
334 1806 384 1862 alii
402 1807 442 1881 (t)
457 1805 558 1862 verius
573 1812 812 1879 praestigiatorum
828 1814 902 1864 inve·

121 1900 298 1966 stigartouem
315 1890 432 1971 (γοήτων
447 1890 552 1970 ρ’ώραν)
569 1893 742 1970 inscriptum
757 1896 846 1953 fnisse
857 1895 903 1953 di·

124 1994 203 2041 cunt.
220 1982 352 2057 Denique
373 1984 400 2037 ei
417 1979 588 2038 tribuuntur
606 1983 756 2057 tragoedtae
781 1984 822 2062 (5)
838 2005 897 2042 nou

123 2071 220 2128 minus
242 2072 365 2147 impurae
384 2082 412 2126 et
426 2068 576 2144 obscenae,
592 2090 678 2146 quam
701 2072 839 2146 Diogenis
854 2074 900 2131 rel

121 2157 242 2216 Philisci
278 2160 316 2235 (6)
340 2156 445 2213 fabulae
470 2156 593 2217 fuerant.
618 2161 657 2215 Ut
680 2159 758 2216 enim
780 2162 902 2238 antiqua

156 2360 190 2420 (1)
205 2360 291 2408 Suirtas
311 2371 334 2406 ν.
349 2359 474 2420 Οἰνόμαος
493 2358 608 2421 Οἰνόμαος
629 2360 757 2425 Γαδαρεθς,
782 2362 904 2424 ριλόσοοοι
925 2389 930 2415 ι

122 2430 221 2485 Κυνικὸς
245 2430 273 2477 οὐ
295 2431 375 2491 πολλῷ
397 2430 549 2494 πρεσὸάτερος
569 2431 709 2493 Πορρυρίου.
730 2432 833 2495 Ἔγραψε
852 2440 904 2499 περὶ

126 2503 257 2563 Κυνισμοῦ,
267 2502 398 2560 Πολιτείαν,
410 2502 461 2561 περὶ
471 2508 511 2557 τῆς
520 2502 571 2550 καθ’
580 2504 686 2566 Ὀμηρον
697 2505 840 2564 ριλοσορίας,
854 2506 904 2566 περί

122 2571 255 2633 Κράτητος,
280 2573 404 2635 Διογένους
426 2572 466 2619 καί
488 2577 536 2619 τῶν
552 2574 648 2622 λοιπῶν.
675 2600 706 2608 -
723 2574 756 2633 (2)
778 2574 904 2636 syncellus

121 2655 175 2703 pag.
196 2645 250 2690 ste.
264 2642 358 2690 Etenim
372 2640 457 2690 suidas
471 2654 496 2688 ν.
510 2644 627 2705 οἰνὸμαος
648 2643 689 2704 qui
706 2644 739 2691 ait
752 2644 820 2692 illum
833 2648 904 2693 aetate

122 2713 220 2774 paulum
234 2715 388 2763 antecessisse
400 2712 549 2775 Porphyrio,
564 2714 589 2761 in
601 2726 697 2761 summo
713 2713 808 2762 videtur
823 2727 904 2763 errore

122 2782 221 2831 versari.
231 2783 301 2844 —(3)
311 2783 421 2831 Julianus
435 2786 494 2830 orat.
504 2785 558 2840 vit,
568 2784 905 2847 praetermittendarum&

121 2854 145 2901 ἐν
158 2858 188 2914 τῆ
199 2858 240 2900 τοῦ
255 2854 329 2907 Κυνὸς
339 2854 472 2915 αὐτορωνίᾳ
480 2855 561 2915 καὶτῷ
570 2855 630 2901 κατὰ
642 2862 689 2902 τῶν
699 2856 855 2920 χρηστηρίων.
869 2857 904 2906 Cf.

121 2925 183 2970 orat.
208 2924 243 2971 vt
254 2934 308 2984 pag.
325 2927 367 2973 187
379 2928 403 2971 et
417 2929 468 2974 199.
485 2949 516 2957 -
531 2924 564 2984 (1)
578 2924 697 2972 Eusebius
717 2927 795 2988 Praep.
812 2930 902 2988 Ιίνιιις.

122 2993 163 3041 lib.
179 2995 263 3054 Vcap.
277 2997 314 3049 18,
330 3005 354 3054 p.
369 2999 414 3042 209
427 3007 433 3034 2
447 2995 524 3050 τίθησι
533 2999 589 3052 γοῦν
601 2996 660 3055 όμοῡ
677 2997 716 3043 καὶ
728 2996 851 3058 ἀπελέγχει
864 2999 904 3045 τόν

122 3062 228 3122 χρησμόν
245 3061 271 3110 εὗ
283 3061 347 3123 μάλα
367 3079 401 3117 τις
418 3068 466 3110 τῶν
484 3064 542 3110 νέων
561 3063 661 3126 ἀνδρικῷ
680 3065 799 3126 λογισμῷ,
811 3069 828 3114 Γ
829 3067 905 3124 ον’,των

948 1195 1090 1271 tragoedia
1104 1213 1295 1272 personarum
1317 1195 1487 1271 dignitatem
1506 1216 1572 1255 cum
1588 1196 1727 1258 dictionis

947 1290 1109 1365 granditate
1126 1301 1154 1346 et
1172 1288 1406 1363 argumentorum
1421 1290 1587 1367 praestantia
1602 1291 1725 1367 copula·

946 1378 990 1433 vit
1011 1400 1018 1435 :
1043 1378 1086 1435 sic
1101 1378 1157 1435 ista
1176 1376 1360 1453 Cynicorum.
1376 1380 1472 1455 poesis
1488 1379 1569 1457 turpi
1593 1380 1725 1453 ipsorum

947 1468 1015 1523 virae
1030 1478 1059 1523 et
1079 1466 1218 1524 doctrinae
1234 1465 1437 1543 respondebat.
1459 1466 1575 1545 Quippe
1595 1467 1729 1543 Thyestae

959 1555 986 1626 7)
1000 1551 1097 1609 sabula
1111 1553 1153 1610 ita
1167 1571 1237 1609 usus
1252 1566 1296 1610 est
1315 1553 1477 1630 Diogenes,
1491 1566 1523 1611 ut
1536 1550 1625 1610 licere
1647 1572 1729 1610 mor-

949 1640 1057 1698 talibus
1086 1631 1171 1697 etiam
1206 1639 1332 1697 hnmana
1369 1659 1454 1698 carne
1476 1639 1569 1709 ‚vesci
1596 1638 1730 1697 deiende·

949 1741 993 1785 ret
1009 1727 1061 1806 (8).

989 1817 1169 1895 Quamquam
1185 1830 1278 1873 autem
1294 1828 1353 1873 tum
1369 1818 1438 1874 vitae
1459 1836 1580 1891 genere,
1606 1828 1666 1874 tum
1684 1836 1731 1873 sa·

949 1896 1068 1974 pientiae
1093 1896 1275 1973 professione
1301 1908 1329 1953 et
1353 1898 1529 1973 scriptorum
1554 1895 1668 1965 indole,
1699 1896 1730 1953 in

949 1984 1058 2069 quibus
1072 1985 1175 2062 cynica
1186 1983 1327 2042 acerbitas
1346 1983 1532 2063 comparebat
1550 1983 1602 2063 (9),
1621 1984 1725 2061 Cynici

952 2073 1076 2149 gloriam
1099 2072 1219 2151 adeptus
1236 2085 1278 2130 est
1299 2072 1388 2130 homo
1411 2073 1584 2131 Gadarenus
1608 2084 1728 2141 :tamen

949 2161 1085 2219 Julianus
1099 2180 1134 2218 ex
1153 2161 1211 2217 alio
1230 2162 1328 2237 potius
1347 2182 1433 2239 quam
1456 2181 1492 2221 ex
1507 2161 1651 2217 OEnomao
1669 2158 1728 2238 (ιο)

950 2265 978 2308 et
989 2250 1130 2321 Philisco,
1145 2248 1241 2326 qualis
1252 2262 1328 2307 esset
1340 2253 1487 2325 Diogenes
1502 2248 1534 2306 in
1550 2247 1638 2308 rebus
1653 2248 1731 2306 divi·

952 2339 999 2396 nis
1025 2352 1052 2395 et
1075 2338 1226 2405 humanis,
1261 2337 1335 2395 disci
1361 2338 1467 2395 voluit.
1493 2336 1614 2395 Videtur
1637 2349 1731 2393 autem

949 2432 1032 2503 vulgi
1045 2426 1281 2505 superstitionem
1294 2426 1479 2501 potissimum
1493 2424 1629 2483 derisisse
1644 2423 1731 2482 ideo-

951 2533 1008 2590 que
1022 2515 1111 2589 longa'
1130 2512 1329 2591 disputatione
1351 2513 1469 2570 oracula
1490 2513 1646 2571 insectatus
1667 2532 1731 2569 esse

953 2615 981 2658 et
996 2602 1084 2659 saturn
1098 2621 1156 2678 quo
1172 2601 1262 2657 Stoici
1275 2614 1378 2658 cuncta
1393 2601 1455 2674 regi
1469 2598 1627 2657 censebant
1637 2612 1732 2657 sustu·

952 2690 1030 2749 lisse.
1048 2687 1196 2746 Statuebat
1211 2689 1289 2768 enim
1304 2708 1339 2745 ea
1358 2688 1421 2763 lege
1435 2688 1516 2745 nasci
1530 2686 1682 2757 homines,
1701 2698 1734 2743 ut

952 2797 1036 2835 suurn
1052 2776 1102 2853 jus
1127 2776 1316 2855 omniumque
1340 2796 1437 2833 rerum
1465 2774 1628 2832 libertatem
1655 2786 1732 2831 tene·

953 2878 1028 2925 rent.
1043 2865 1106 2934 Oua
1117 2865 1149 2922 in
1171 2884 1203 2921 re
1218 2883 1235 2921 a
1249 2864 1444 2942 philosophie
1459 2864 1506 2921 cui
1535 2883 1565 2922 se
1585 2862 1736 2923 addixerat

952 2954 1107 3032 praeceptis
1125 2966 1211 3030 atque
1223 2952 1364 3011 institutis
1380 2973 1439 3010 non
1460 2950 1643 3024 discedebat,
1666 2951 1736 3029 quia

951 3043 1057 3119 Cynici
1081 3061 1182 3101 omnes
1202 3043 1364 3119 patriorum
1387 3041 1508 3099 deorum
1538 3053 1735 3098 contemtores

122 3133 200 3194 ρώραν
213 3133 236 3181 έν
248 3132 330 3195 οἰκείῳ
341 3134 514 3196 ’συγγράμματι
530 3135 693 3195 πεποιημένος.
707 3135 745 3185 ld.
759 3134 801 3183 tib.
813 3139 836 3184 V
850 3150 903 3198 cap.
958 3159 961 3165 ·

122 3208 162 3263 21,
176 3217 200 3263 p.
217 3206 261 3250 nrt
278 3222 284 3250 ι
300 3209 397 3251 τοιαῦτα
410 3211 450 3261 τῆς
472 3205 590 3264 Οἰνομάου
603 3204 735 3267 παρρησίας
749 3207 778 3254 τὰ
799 3212 839 3264 τῆς
858 3213 905 3256 τῶν

122 3274 213 3329 γοήτων
223 3262 301 3334 φώρας
314 3279 409 3332 κυνικῆς
420 3273 463 3322 οὐκ
475 3274 642 3335 ἀπηλλαγμένα
652 3277 753 3338 πικρίας.
765 3277 801 3325 td.
815 3278 857 3325 lib.
871 3281 906 3328 VI

123 3358 175 3406 cap.
191 3351 214 3403 6,
230 3357 253 3404 p.
267 3347 310 3392 tid
324 3359 329 3389 ε
343 3345 414 3393 ἄκουέ
424 3345 445 3392 δ’
456 3345 496 3393 οὖν
506 3343 571 3401 αὗθις
584 3351 626 3394 τοῦ
635 3349 677 3404 τῆν
690 3351 736 3395 τῶν
751 3347 844 3404 Γοήτων
856 3348 907 3411 prb-¹

122 3432 162 3475 ραν
177 3416 205 3463 τὸ
218 3416 305 3463 οἰκεῖον
318 3415 507 3477 ἐπονομάσαντος
524 3415 674 3479 σύγγραμμα.
695 3417 762 3466 Adde
781 3420 903 3467 Socratem

122 3486 183 3533 Hist.
200 3486 283 3534 eccles.
306 3484 347 3533 tib.
363 3488 396 3534 IV
410 3499 465 3548 cap.
482 3491 526 3547 23,
541 3501 565 3547 p.
587 3492 646 3549 165;
666 3488 809 3536 Ttieodoret.
826 3491 904 3538 Grec.

122 3555 200 3601 attect.
215 3567 266 3601 cur.
287 3556 330 3614 Vt,
347 3567 371 3614 p.
388 3560 429 3604 56¹
442 3555 481 3604 ed.
499 3557 581 3615 Parim
593 3557 754 3616 Nicephorum
772 3560 803 3612 x.
820 3562 859 3606 36.
875 3585 906 3595 -

124 3629 156 3686 (5)
171 3625 282 3674 Julianus
299 3628 360 3673 orat.
377 3628 434 3686 vn,
450 3641 474 3687 p.
490 3634 535 3677 216
551 3627 622 3677 (ted,
633 3630 732 3690 sponte:
744 3629 783 3684 τὰς
794 3630 904 3692 ἀναςερο-

124 3698 191 3756 μένας
204 3695 227 3741 δὲ
239 3696 270 3748 εἰς
279 3695 319 3740 τόν
329 3697 426 3755 Διογένη
437 3697 580 3758 τραγῳδίας,
593 3699 664 3751 οὗσας
675 3697 716 3756 μὲν
727 3699 767 3744 καί
781 3699 906 3759 όμολογου

123 3769 197 3828 μένως
206 3767 309 3813 Κυνικοῦ
318 3780 378 3818 τινος
391 3767 560 3827 συγγράμματα
569 3801 576 3827 ,
587 3767 802 3828 ἀμφισθητουμένας
811 3769 836 3816 δὲ
845 3770 905 3816 κατὰ

124 3841 192 3883 τοῦτο
212 3835 291 3896 μόνον,
306 3834 352 3882 είτι
365 3840 407 3883 τοῦ
425 3837 566 3884 διδασκάλου
575 3841 617 3884 τοῦ
634 3839 755 3897 Διογένους
771 3837 839 3898 εἰσίν,
858 3840 904 3888 εἴτε

125 3912 166 3955 τοῦ
179 3910 283 3967 μαθητοῦ
293 3907 422 3968 Φιλίσκου,
436 3907 469 3962 τίς
483 3907 584 3954 ἐπελθὼν
595 3908 651 3965 (οὐκ
665 3909 710 3967 ἂν)
725 3909 856 3969 βδελόξαιτο
867 3911 906 3957 καί

125 3977 218 4037 νομίσαι
240 3977 369 4039 ἰνπερέολῆν
387 3975 553 4041 ἀρρητουργίας
572 3978 625 4026 οὐδὲ
640 3984 690 4032 ταῖς
703 3978 802 4039 ἑταίραις
819 3980 905 4028 ἀπολε-

123 4050 210 4102 λεῖφθαι
220 4065 228 4106 ς
239 4049 296 4101 Ταῖς
307 4048 426 4108 Οἰνομάου
438 4049 463 4096 δὲ
479 4049 581 4110 ἐντυχὼν
593 4048 725 4110 (ἐγράψατο
738 4049 782 4110 γὰρ
794 4051 834 4097 καί
850 4067 905 4111 τρα-

123 4119 209 4178 γῳδίας
221 4123 269 4173 τοῖς
283 4117 360 4177 λόγοις
370 4125 417 4174 τοῖς
430 4121 516 4167 ἑαυτοῦ
531 4120 708 4181 παραπλησίας)
722 4119 828 4182 ἀρρήτων
838 4121 908 4184 ἀρρη-

124 4189 204 4249 τότερα
213 4189 254 4233 καί
265 4192 346 4234 κακῶν
356 4189 429 4250 πέρα,
441 4191 480 4236 καὶ
491 4189 543 4235 οὔτε
556 4189 577 4244 ὁ,
593 4206 615 4236 τι
631 4195 667 4249 φῶ
683 4190 734 4251 περὶ
746 4189 823 4236 αὐτῶν
837 4190 907 4247 ἀξίως

123 4256 187 4318 ἔχω,
199 4258 240 4304 κᾶν
250 4259 279 4305 τὰ
288 4259 420 4319 Μαγνήτων
434 4259 511 4322 κακά,
522 4261 567 4308 κάν
576 4263 603 4308 τό
618 4261 757 4322 Τερμέριόν,
771 4261 815 4309 κάν
826 4267 907 4312 πᾶσαν

124 4327 203 4380 ἁπλῶς
226 4328 305 4381 αὐτοῖς
324 4329 496 4392 ἑπιρθέγίωμαι
515 4332 558 4389 τὴν
579 4333 710 4394 τραγῳδίαν
729 4332 789 4394 μετὰ
806 4339 847 4380 τοῦ
866 4352 909 4383 σα·

126 4397 194 4455 :opo-J
213 4399 253 4445 καί
275 4406 315 4454 τῆς
336 4400 463 4460 κωμῳδίας
478 4404 518 4450 καὶ
536 4407 578 4451 τοῦ
592 4400 674 4462 μίμου·
692 4404 755 4452 οὕτω
774 4408 840 4452 πᾶσα
863 4405 904 4464 μὲν

126 4466 265 4529 αἰσχρότης,
284 4475 350 4518 πᾶσα
364 4471 388 4517 δὲ
414 4471 513 4521 ἀπόνοια
536 4475 593 4536 πρδς
615 4475 743 4536 θπερδολὴν
762 4475 785 4522 ἐν
809 4474 908 4530 ἐκείναις

124 4543 158 4598 τῷ
181 4538 244 4598 ἀνδρί
261 4540 461 4603 περιλοτέχνηται.
477 4569 508 4578 -
533 4545 567 4604 (6)
588 4547 707 4605 Diogenes
732 4546 840 4594 Laertius
862 4545 904 4593 lib.

125 4611 167 4665 vt,
182 4613 211 4657 80
222 4615 313 4671 septem
325 4624 381 4673 quae
393 4613 440 4660 sub
453 4615 563 4675 Diogenis
575 4617 660 4677 cynici
676 4617 773 4664 nomine
794 4617 906 4664 tereban-

126 4681 166 4725 tur
179 4680 307 4738 tragoedias
326 4681 372 4728 troc
388 4683 471 4732 ordine
494 4690 642 4735 enumerat:
666 4688 762 4745 Ἑλένη,
788 4689 907 4747 suem,

128 4748 242 4809 'llpmlric
250 4786 257 4809 ,
266 4752 397 4813 Ἀχιλλεύς,
409 4756 514 4815 Μήδεια,
527 4758 679 4819 Χρύσιππος,
694 4759 817 4813 Οἰδίπους,
831 4758 906 4806 Addit

127 4820 207 4868 aulem
224 4836 231 4870 :
244 4823 392 4882 Σωσικράτης
405 4826 430 4872 δὲ
443 4825 467 4873 ἐν
477 4831 511 4887 τῷ
529 4828 619 4890 πρώτῳ
632 4834 672 4885 τῆς
687 4829 797 4890 διαδοχῆς
808 4829 847 4875 καί
866 4829 908 4876 Σά-

27 4947 33 4954 ·
126 4903 191 4951 τυρος
208 4890 232 4937 έν
244 4896 277 4951 τῷ
290 4891 391 4955 τετάρτῳ
406 4899 454 4941 τῶν
471 4896 529 4957 βίων
546 4899 613 4945 οὐδὲν
628 4898 688 4945 εἶναι
702 4899 825 4958 Διογένους
839 4897 904 4957 φασί·

127 4958 155 5004 τά
169 4974 194 5006 τι
205 4962 352 5024 τραγῳδάριά
364 4981 433 5023 φησιν
447 4966 460 5012 ό
476 4965 578 5031 Σάτυρος
590 4968 706 5016 Φιλίσκου
720 4969 779 5016 εἶναι
792 4973 834 5016 τοῦ
847 4970 909 5028 ityr-

130 5029 341 5092 νῆτου,γνωρίμου
357 5038 399 5081 τοῦ
414 5037 544 5096 Διογένους.
561 5038 673 5087 Julianus
684 5042 746 5086 orat.
761 5041 805 5097 Vl,
823 5051 849 5099 p.
864 5043 908 5087 186

129 5103 147 5148 Ο
162 5112 168 5142 :
183 5100 208 5147 αἰ
217 5116 247 5148 τε·
255 5101 299 5162 γὰρ
309 5103 457 5165 θρυλούμεναι
468 5109 590 5169 Διογένους
603 5108 728 5170 τραγῳδίαι
744 5106 861 5156 Φιλίσκου
871 5125 907 5155 τι·

133 5169 165 5224 ιός
178 5171 301 5231 Αἰγινήτου
318 5174 424 5235 λέγονται
436 5177 505 5226 εἶναι·
516 5179 555 5226 καί
566 5180 587 5227 εἰ
596 5178 719 5238 Διογένους
729 5176 753 5224 δὲ
768 5176 824 5238 εἷεν,
841 5176 906 5225 οὐδὲν

952 3271 1039 3319 ἀτοπόν
1058 3271 1108 3320 ἐστι
1120 3272 1161 3320 τὸν
1182 3270 1253 3327 σορὸν
1272 3269 1371 3325 παίζειν.
1386 3295 1418 3304 -
1436 3269 1469 3328 (7)
1489 3270 1608 3329 Diogenes
1629 3269 1735 3318 Laertius

953 3340 993 3392 lib.
1007 3343 1050 3400 Vl,
1062 3345 1091 3390 73
1101 3354 1107 3383 2
1118 3340 1171 3403 μηδ’
1181 3339 1275 3387 ἀνόσιον
1285 3339 1342 3387 εἶναι
1355 3340 1381 3387 τὸ
1391 3340 1432 3387 καί
1442 3345 1488 3388 τῶν
1500 3338 1648 3402 ἀνθρωπείων
1661 3343 1734 3402 κρεῶν

951 3411 1073 3473 ἅψασθαι,
1087 3415 1119 3468 ὡς
1137 3413 1205 3470 δῆλον
1223 3412 1250 3458 έκ
1268 3413 1315 3457 τῶν
1331 3409 1457 3472 ἀλλοτρίων
1478 3411 1545 3458 ἐθῶν·
1564 3411 1603 3457 καί
1623 3413 1656 3470 τῷ
1673 3409 1736 3471 ὀρθῷ

951 3485 1015 3547 λόγῳ
1038 3483 1115 3533 πάντα
1136 3483 1159 3531 ἐν
1176 3487 1236 3531 πᾶσι
1252 3481 1293 3528 καί
1318 3481 1356 3528 διά
1376 3481 1470 3528 πάντων
1494 3480 1552 3528 εἰναι
1575 3480 1658 3539 λέγων.
1688 3480 1735 3528 Καὶ

951 3557 997 3617 γάρ
1011 3557 1034 3603 έν
1047 3559 1082 3616 τῷ
1093 3555 1155 3617 ἄρτῳ
1173 3553 1241 3615 κρέας
1258 3551 1317 3599 εἰναι
1333 3551 1373 3598 καί
1393 3550 1463 3612 ἐντῷ
1484 3550 1581 3611 λαχάνῳ
1597 3549 1674 3612 ἄρτον·
1694 3548 1734 3596 καί

952 3630 999 3673 τῶν
1014 3625 1131 3686 σωμάτων
1143 3627 1192 3671 τῶν
1207 3624 1296 3670 λοιπῶν
1306 3621 1329 3668 ἐν
1341 3623 1400 3667 πᾶσι
1414 3619 1453 3667 διά
1468 3635 1538 3666 τινων
1555 3619 1647 3673 ἀδήλων
1656 3618 1736 3681 πόρων

952 3699 991 3745 καί
1008 3697 1085 3757 ὄγκων
1106 3693 1283 3757 εἰσκρινομένων
1296 3694 1335 3739 καί
1351 3689 1566 3760 συνατμιζομένων,
1582 3692 1613 3744 ὡς
1623 3691 1692 3748 δῆλον
1707 3690 1732 3737 έν

951 3772 986 3828 τῷ
1000 3767 1092 3828 Θυέστῃ
1111 3769 1181 3813 ποιεῖ.
1200 3761 1346 3824 Theophilus
1360 3761 1395 3809 nd
1412 3762 1554 3820 Autolycum
1568 3759 1609 3809 lib.
1628 3761 1675 3819 lll,
1698 3762 1711 3808 l
1729 3773 1735 3804 t

951 3838 1009 3898 πρὸς
1021 3837 1111 3890 τούτοις
1126 3835 1243 3895 ἀθεωτέρα
1261 3849 1295 3886 τις
1307 3831 1371 3892 φωνὴ
1383 3830 1515 3893 εὑρίσκεται
1530 3831 1545 3887 ῆ
1559 3829 1735 3892 τοῦΔιογένους

952 3907 1101 3959 διδάσκοντος
1114 3904 1144 3952 τὰ
1166 3905 1236 3952 τέκνα
1252 3903 1305 3958 τοὺς
1316 3905 1405 3951 ἑαυτῶν
1425 3901 1499 3961 γονείς
1511 3899 1593 3948 θυσίαν
1611 3900 1676 3962 ἄγειν
1690 3901 1731 3948 καὶ

952 3979 1047 4032 τούτους
1059 3974 1198 4024 κατεσθίειν.
1213 3999 1245 4010 -
1259 3973 1292 4035 (6)
1308 3971 1369 4022 Male
1383 3971 1468 4020 Suidas
1485 3983 1509 4018 ν.
1525 3972 1643 4031 Διογένης·
1655 3973 1736 4030 Διογέ·

952 4064 991 4104 νης
1006 4049 1021 4104 ἢ
1038 4045 1172 4107 Οἰνόμαος,
1186 4043 1316 4104 Ἀθηναῖος,
1328 4043 1446 4106 τραγικός·
1463 4042 1557 4102 γέγονεν
1579 4042 1617 4090 ἐπὶ
1628 4047 1671 4100 τῆς
1690 4046 1736 4089 τῶν

952 4120 971 4167 λ’
986 4119 1146 4172 καταλύσεως.
1158 4115 1272 4181 Δράματα
1283 4114 1354 4163 αὐτοῦ
1365 4113 1495 4177 1Αχιλλειίς,
1505 4113 1600 4170 ιΕλένη,
1609 4111 1735 4175 Ἡρακλῆς,

953 4190 1071 4248 Ουίστης,
1082 4189 1187 4245 Μίδεια,
1198 4186 1325 4248 Οἰδίπους,
1339 4186 1493 4249 Χρύσιππος,
1505 4185 1602 4246 Σεμέλη.
1621 4182 1737 4232 Contudit

953 4262 993 4308 hie
1013 4261 1145 4320 Diogenem
1164 4258 1342 4316 Atheniensem,
1358 4258 1452 4318 poetam
1466 4254 1596 4316 tragicum,
1612 4255 1666 4314 post
1678 4265 1736 4302 exa·

952 4339 1004 4382 ctos
1020 4333 1114 4393 triginta
1131 4333 1243 4390 tyrannos
1258 4329 1358 4388 clarum,
1373 4339 1404 4375 ex
1417 4327 1488 4387 cujus
1499 4325 1592 4375 semele
1607 4324 1688 4373 locum
1702 4323 1735 4370 at·

954 4404 1000 4452 tert
1009 4405 1139 4452 Athenaeus
1147 4403 1212 4460 XIV,
1221 4413 1245 4461 p.
1254 4403 1308 4448 636.
1321 4401 1349 4457 Α,
1359 4401 1383 4446 et
1391 4397 1561 4459 philosophum
1570 4395 1736 4457 Sinopensem,

952 4472 991 4521 eui
1009 4473 1106 4533 reliquae
1128 4474 1219 4533 septem
1238 4469 1359 4529 tragoenae
1374 4479 1388 4516 a
1405 4467 1512 4528 Diogene
1533 4465 1627 4516 Laertio
1646 4466 1690 4524 Vl,
1707 4468 1738 4513 116

953 4539 1115 4601 assignantur.
1137 4543 1255 4590 Praeterea
1269 4539 1341 4587 verba
1353 4541 1368 4597 i
1380 4537 1497 4598 Οἰνόμαος
1509 4534 1609 4584 delenda
1626 4547 1678 4584 esse
1695 4546 1735 4582 ar-

954 4610 1079 4658 bitramur.
1100 4609 1137 4658 ct.
1159 4611 1288 4658 Poetarum
1301 4607 1459 4669 'tragicorum
1478 4610 1618 4656 Graecorum
1647 4605 1733 4666 tragm.

953 4696 1008 4745 pag.
1025 4685 1067 4731 163
1087 4694 1137 4743 seq.
1151 4682 1190 4730 ed.
1207 4681 1289 4730 Didot.
1307 4685 1332 4730 et
1353 4681 1456 4730 nteiuelt.
1478 4680 1582 4729 Exercit.
1606 4677 1690 4739 philol.
1710 4677 1735 4726 in

954 4754 1095 4802 Athenaeum
1109 4756 1121 4802 1
1135 4766 1187 4814 pag.
1209 4755 1336 4801 16-18.-
1352 4751 1385 4813 (9)
1405 4751 1524 4800 Eusebius
1540 4751 1619 4809 Praep.
1642 4750 1734 4808 evang.

952 4823 995 4872 lib.
1007 4825 1029 4870 V
1039 4834 1092 4883 cap.
1106 4827 1145 4882 21,
1159 4836 1183 4880 μ.
1199 4825 1243 4870 213
1255 4835 1261 4863 :
1271 4826 1368 4870 τοιαῦτα
1380 4826 1420 4880 τῆς
1431 4821 1550 4882 Οἰνομάου
1564 4817 1698 4882 παρρησίας
1706 4821 1736 4866 τά

952 4899 993 4951 τῆς
1005 4896 1053 4940 τῶν
1067 4895 1084 4940 Γ
1085 4893 1161 4949 οὴτων
1182 4891 1259 4952 φώρας
1274 4895 1369 4948 κυνικῆς
1386 4891 1428 4939 οὐκ
1447 4889 1615 4950 ἀπηλλαγμένα
1632 4887 1734 4951 πικρίας.

952 4991 984 4998 -
996 4963 1232 5025 (to)tutinnusorat.
1244 4963 1299 5020 vn,
1311 4974 1333 5022 p.
1343 4966 1386 5010 212
1396 4961 1448 5010 init.
1459 4978 1465 5007 :
1480 4960 1546 5015 οὗτος
1555 4956 1735 5018 οὗνθΔιογένης

955 5034 1035 5090 ὁποῖός
1045 5049 1079 5088 τις
1088 5032 1117 5091 ῆν
1125 5032 1155 5080 τά
1164 5033 1217 5092 πρός
1234 5031 1287 5086 τοὺς
1296 5031 1360 5086 θεοὺς
1373 5032 1411 5080 καὶ
1426 5032 1455 5079 τά
1466 5031 1522 5094 πρὸς
1537 5030 1590 5083 τοὺς
1602 5028 1735 5091 ἀνθρώπους
1794 5087 1798 5095 Ι

955 5107 987 5166 μῆ
998 5105 1038 5154 διὰ
1050 5109 1097 5152 τῶν
1108 5104 1228 5163 Οἰνομάου
1241 5103 1317 5164 λόγων
1328 5104 1386 5161 μηδὲ
1399 5107 1445 5151 τῶν
1458 5101 1574 5151 Φιλίσκου
1585 5101 1732 5163 τραγῳδιῶν,

953 5177 989 5232 αἰς
1004 5175 1133 5238 ἐπιγράψας
1144 5175 1171 5224 τὸ
1186 5175 1307 5235 Διογένους
1323 5174 1396 5236 ὄνομα
1404 5179 1445 5232 τῆς
1455 5173 1517 5228 θείας
1531 5172 1607 5222 πολλά
1617 5185 1673 5219 ποτε
1688 5187 1728 5218 κα-

904 5275 960 5326 359
