3959 5925
693 361 934 424 FRAGMENTA
955 359 1083 419 vibit.
1642 366 1679 415 63

99 502 144 559 καὶ
158 498 283 579 φρονίμην
295 495 450 579 ὑρμήν,καλ
462 495 495 553 τά
508 493 584 568 ὅμοια
596 502 661 552 πᾶσι
673 500 725 559 τοῖς
741 491 870 571 φρονίμοις
912 489 946 547 τά
967 491 990 547 δ’
1014 487 1084 553 ἐκτός
1102 483 1145 561 ⁷³,
1161 486 1193 543 τδι
1214 486 1237 544 δ’
1260 484 1318 543 οὔτε
1337 485 1395 565 περὶ
1411 484 1497 563 ψυχὴν
1523 481 1576 543 οὔτ’
1598 486 1679 551 ἐκτός.

101 589 243 665 ὑπάρχειν,
257 586 302 643 καὶ
320 588 346 643 έν
360 582 439 640 παντί
460 584 557 660 καιρῷ·
576 578 660 657 χαράν
675 577 761 637 δὲκαὶ
780 582 870 657 εὑφρο·
913 576 980 655 Περὶ
991 576 1078 655 ψυχὴν
1091 574 1137 649 μὲν
1155 572 1201 639 τάς
1217 572 1308 651 σἰρετθις
1325 578 1368 631 καὶ
1389 570 1529 638 σπουδαίας
1545 571 1621 647 έξεις,
1636 575 1682 631 καί

102 676 181 743 σύνην
195 673 241 731 καί
258 672 387 751 φρονίμην
411 668 583 747 περιπάτησιν
601 665 641 735 ⁶⁹,
659 665 716 724 οὔτε
727 675 800 733 ,πᾶσι
817 675 870 732 τοῖς
913 664 1023 724 καθόλου
1038 662 1084 728 τὰς
1097 660 1233 727 ἐπαινιιθις
1247 661 1389 738 ἐνεργείας·
1402 660 1473 725 ἐκτὸς
1492 658 1519 717 δέ
1532 658 1590 726 τούς
1603 684 1632 719 τε
1644 662 1683 738 φί·

101 760 234 839 ορονίμοις
251 757 394 837 ὑπάρχειν,
409 754 462 815 οὔτ’
476 755 527 813 ἀεί.
569 752 746 831 Ἀνάλογονδέ
763 752 870 811 καὶτῶν
913 753 972 816 λους
988 749 1033 809 καί
1044 747 1102 812 τοὺς
1113 746 1257 824 γνωρίμους
1271 747 1316 806 καλ
1330 748 1363 806 τδι
1377 747 1565 827 παραπλήσια·
1582 745 1641 805 obss
1656 747 1683 805 δὲ

101 825 206 919 νίακῶν,
216 844 249 902 sir
261 844 309 920 μὲν
322 854 388 903 πᾶσι
402 849 455 907 τοῖς
469 841 575 919 ἄφροσιν
588 838 700 919 ὑπάρχει
711 839 756 897 καὶ
770 842 825 911 ἀεί,
837 839 870 897 τά
913 838 974 916 περὶ
993 836 1078 916 ψυχὴν
1093 833 1147 895 οὔτ’
1169 833 1253 906 ἐκτός,
1272 833 1329 900 τοὺς
1345 834 1499 900 σπουδαίους
1512 834 1557 893 καὶ
1575 836 1683 894 καθόλου

101 937 126 991 δ’
140 933 178 993 οὑ.
218 931 320 991 Κακίαν
333 928 380 1005 μέν
394 922 437 988 οὖν
452 936 555 999 πᾶσαν,
569 926 614 987 καὶ
628 928 725 1006 ἄφρονα
739 926 869 1002 αἴσθησιν,
914 922 971 989 τοὺς
983 923 1028 989 τὰς
1043 922 1135 1001 ἀρετὰς
1153 921 1270 1000 ἔχοντας.
1314 920 1426 996 Ὁμοίως
1438 922 1464 980 δὲ
1478 920 1584 980 καὶτῶν
1596 928 1683 981 κακῶν

102 1020 148 1079 καί
166 1019 264 1098 άφρονα
289 1015 386 1095 θρμήν,
404 1014 449 1075 καλ
473 1012 507 1072 ris
526 1013 711 1093 παραπλήσιοι,
735 1022 800 1071 πᾶσι
819 1020 871 1076 τοῖς
914 1007 949 1067 τά
963 1008 1010 1085 μὲν
1023 1010 1084 1087 περὶ
1097 1009 1200 1089 ψυχήν,
1213 1008 1248 1066 ris
1259 1012 1281 1066 δ’
1298 1008 1384 1082 tarde,
1397 1007 1431 1067 τά
1449 1008 1475 1065 δὲ
1489 1007 1547 1065 obre
1559 1010 1619 1087 περὶ
1633 1012 1684 1088 ψυ-

103 1108 213 1186 άφροσιν
234 1104 359 1182 ὑπάρχειν
381 1102 428 1161 καλ
451 1100 506 1160 elsi·
521 1098 605 1170 λύπην
623 1099 707 1158 δὲκαὶ
728 1098 805 1179 φύύον
826 1100 872 1157 καί
914 1095 964 1177 χὴν
984 1095 1038 1155 οὔτ’
1056 1096 1136 1163 inser.
1178 1096 1245 1174 Περὶ
1267 1095 1352 1174 ψυχὴν
1366 1096 1413 1169 μὲν
1431 1095 1478 1161 τάς
1489 1118 1518 1152 τι
1531 1094 1623 1161 κακίας
1639 1096 1688 1161 οὑν
1735 1119 1741 1129 ·

104 1196 203 1273 άφρονα
221 1193 368 1270 ἀπόκρισιν,
388 1188 447 1249 οὗτε
460 1197 525 1245 πᾶσι
538 1195 592 1253 τοῖς
606 1186 714 1265 άφροσιν
729 1186 871 1265 ὑπάρχειν,
914 1188 972 1251 ταῖς
995 1188 1138 1261 μοχθηραῖς
1152 1183 1234 1253 ίξεσι,
1253 1180 1298 1241 καί
1319 1181 1429 1239 καθολου
1447 1180 1492 1247 τάς
1506 1180 1603 1261 bsurde
1617 1183 1686 1258 ἐνερ-

103 1280 164 1339 ούτι
185 1277 263 1336 παντί
285 1279 375 1355 καιρῷ.
420 1272 512 1332 Πάντα
536 1270 563 1329 δέ
581 1272 681 1350 τάγαθά
707 1277 732 1318 7⁰
753 1270 871 1349 ὠφέλιμα
914 1272 1000 1350 γείας·
1018 1268 1089 1335 έκτθς
1110 1268 1137 1327 δὲ
1150 1268 1209 1336 τοὺς
1229 1267 1333 1348 ἐχθροὺς
1354 1267 1400 1327 σὺν
1423 1278 1475 1335 τοῖς
1497 1268 1606 1327 είδεσιν·
1627 1268 1686 1327 οὔτε

103 1360 172 1427 ε’ίναι
198 1366 242 1425 καὶ
264 1364 380 1443 χρηστά,
403 1361 449 1420 καί
474 1358 636 1438 συμφέροντα
665 1358 710 1417 καί
733 1360 870 1428 λυσιτελῆ,
915 1361 976 1440 περὶ
988 1357 1075 1439 ψυχὴν
1092 1356 1144 1415 οὔτ’
1162 1358 1235 1423 ἐκτὸς
1248 1358 1307 1423 robe
1327 1357 1438 1435 φαύλους
1455 1356 1499 1414 καί
1513 1358 1612 1423 πάντας
1628 1355 1686 1423 τοὺς

103 1456 149 1513 καί
170 1454 297 1513 σπουδαῖα
325 1451 370 1509 καί
395 1448 526 1528 πρέποντα
552 1447 597 1505 καί
618 1446 688 1505 καλά
698 1436 753 1505 ’καὶ
775 1445 872 1503 οἰκεῖα·
914 1447 960 1514 τὰς
976 1446 1069 1510 κακίας
1083 1444 1199 1523 ἔχοντας.
1240 1447 1300 1503 Τῶν
1315 1443 1342 1501 δὲ
1362 1443 1421 1521 περί
1435 1443 1521 1524 ψυχὴν
1536 1442 1638 1520 ἀγαθῶν
1653 1443 1696 1501 σθ’

103 1539 138 1598 τὰ
152 1540 180 1597 δὲ
195 1534 264 1597 κακά
277 1540 307 1595 ἐκ
323 1540 374 1593 τῶν
390 1535 510 1593 ἐναντίων
522 1532 608 1592 πάντα
625 1532 740 1611 βλαθερθι
753 1531 799 1589 καλ
812 1528 873 1587 δύο·
916 1535 963 1608 μὲν
974 1524 1040 1596 εἶναι
1052 1528 1164 1606 lisinii,
1175 1530 1208 1588 τὰ
1221 1530 1247 1587 di
1262 1529 1401 1601 διαθέσεις,
1413 1530 1446 1587 τὰ
1456 1531 1483 1588 δέ
1495 1530 1558 1598 ἕξεις
1568 1530 1614 1607 μὲν
1629 1532 1687 1589 δια·

102 1648 207 1705 χρηστα
221 1622 266 1683 καλ
281 1621 417 1702 ἀσύμφορα
432 1618 478 1678 καὶ
492 1620 648 1693 ἀλυσιτελῆ,
663 1618 707 1675 καὶ
726 1620 811 1694 φαὺλα
827 1614 873 1673 καί
916 1620 997 1685 θέσεις
1010 1617 1032 1676 δ’
1044 1616 1087 1690 ού,
1097 1616 1230 1694 τάδὲοὺτε
1242 1614 1303 1683 ἕξεις
1313 1615 1371 1674 οὔτε
1381 1616 1513 1683 διαθέσεις.
1555 1617 1686 1681 Διαθέοεις

104 1694 220 1771 άνοίκεια
242 1709 287 1767 καὶ
308 1711 413 1787 ἀπρεπῆ
433 1706 479 1765 καλ
498 1705 605 1784 αἰσχρά.
645 1704 684 1764 Ti
700 1706 723 1761 δ’
738 1702 832 1781 άγαθθν
847 1711 871 1749 7¹
917 1703 1027 1783 μέν,τθς
1041 1702 1240 1781 άρετίιςπάοας,
1251 1702 1313 1770 έξειι
1327 1702 1355 1761 dl
1370 1701 1445 1778 μόνον
1456 1702 1501 1761 καλ
1511 1704 1540 1761 οὑ
1550 1690 1687 1774 διαθέσεις,

104 1796 226 1875 λέγεσθαί
241 1818 305 1873 φασι
317 1796 484 1873 πλεοναχῶς,
494 1794 524 1852 τὸ
535 1794 582 1867 μέν
594 1796 713 1871 πρῶτον,
727 1781 779 1849 οἷον
790 1792 875 1864 mic
916 1789 1257 1867 τάέπιτηδεύματα,ὡςτλν
1268 1788 1458 1864 μαντικήν,καί
1467 1788 1499 1847 τά
1507 1790 1688 1867 παραπλήσια·
1739 1848 1743 1857 ,

105 1885 167 1966 ἔχον
180 1885 286 1963 χώραν,
297 1882 362 1959 ὅπερ
375 1879 456 1945 οὑτως
470 1878 652 1951 ἀποδεδύσθαι,
665 1881 709 1957 ἀφ’
722 1868 751 1935 οὑ
763 1874 875 1950 sopiet-
917 1878 977 1938 οὔτε
985 1878 1018 1936 ,δὲ
1031 1876 1093 1944 ίξεις
1104 1874 1161 1935 ούτε
1171 1876 1311 1947 διαθέσεις,
1326 1876 1372 1941 τάς
1386 1879 1445 1934 κατ’
1460 1874 1539 1942 αὐτάς
1549 1877 1688 1955 ἐνεργείας,

104 1996 144 2031 νει
156 1974 321 2051 ὠφελεῖσθαι,
332 1968 371 2047 (τὸ
382 1967 409 2026 δὲ
422 1971 525 2047 πρῶτον
538 1956 606 2024 ε’ίναι
619 1964 700 2024 αἴτιον
710 1964 736 2041 ,)
749 1961 766 2033 ἢ
778 1962 819 2043 ὑφ’
830 1954 874 2020 οὑ·
917 1960 969 2026 οἷον
983 1964 1122 2045 φρόνησιν,
1137 1962 1181 2021 καλ
1195 1964 1243 2033 τὴν
1257 1968 1304 2033 τῆς
1317 1961 1482 2042 σωφροσύνης
1496 1966 1586 2033 κτῆσιν
1601 1963 1689 2022 καὶτὰ

104 2060 136 2118 τά
147 2059 280 2137 δεύτερον,
294 2057 351 2113 καθ’
366 2053 380 2113 θ
393 2053 529 2131 ουμθαίνιι
545 2054 713 2133 ὠφελεῖσθαι·
728 2050 873 2109 κοινότατον
918 2050 1101 2132 παραπλήσια.
1144 2048 1258 2124 Ὁμοίως
1271 2049 1351 2107 δὲκαὶ
1365 2052 1416 2107 τῶν
1430 2050 1489 2127 περί
1502 2048 1588 2129 ψυχὴν
1603 2053 1689 2109 κακῶν

106 2145 135 2203 δὲ
151 2144 198 2204 καὶ
214 2145 382 2202 έπιδιατεῑνον
402 2140 447 2198 καὶ
460 2140 504 2198 ἐπὶ
516 2138 551 2197 τά
570 2137 763 2218 προειρημένα,
779 2138 809 2196 τὸ
822 2129 874 2197 οἶόν
918 2136 952 2194 τά
969 2136 1016 2213 μὲν
1031 2128 1095 2195 εἶναι
1114 2134 1177 2205 ίξεις
1190 2135 1224 2194 τά
1244 2135 1271 2195 δέ
1286 2134 1410 2199 διαθέσεις
1427 2134 1467 2206 7⁵,
1480 2134 1513 2194 τά
1527 2138 1549 2193 δ’
1564 2135 1627 2205 ἕξεις
1643 2135 1690 2210 μὲν

107 2234 271 2311 redieritis.
313 2227 429 2305 Ὁμοίως
443 2228 470 2285 δέ
484 2227 529 2286 καλ
547 2226 578 2284 τδ
590 2226 669 2285 κακὸν
682 2224 750 2284 κατά
762 2218 875 2297 τὴντῶν
919 2224 1044 2290 διαθέσεις
1056 2224 1078 2281 δ’
1093 2222 1183 2295 οὑ,τθι
1197 2221 1225 2281 δὲ
1238 2222 1296 2281 ούτε
1306 2220 1369 2291 ἕξεις
1378 2219 1436 2281 οὔτε
1450 2220 1584 2288 διαθέσεις.
1626 2225 1691 2281 Δια-

107 2321 213 2395 άγαθῶν
227 2314 365 2394 ἀναλογίαν
379 2313 582 2393 ὑπογράφεσθαι.
623 2310 720 2387 Τθμέν
733 2301 777 2370 οὑν
789 2304 875 2390 άφόὑ
921 2310 1002 2379 θέσεις
1022 2310 1069 2389 μὲν
1082 2312 1129 2377 τὰς
1150 2309 1243 2375 κακίας
1263 2308 1363 2382 πάσας,
1387 2308 1449 2377 ἕξεις
1470 2308 1497 2367 δὲ
1515 2309 1592 2385 μάνον
1609 2310 1655 2375 τάς
1667 2308 1692 2386 γ’

106 2403 248 2477 συμθαίνει
263 2402 421 2482 βλάπτεσθαι
434 2400 451 2471 ἦ
471 2400 512 2479 ὑφ’
525 2391 569 2457 οὑ·
582 2399 612 2457 rb
632 2396 660 2457 δδ
673 2397 754 2457 καθθ
767 2408 792 2447 7²
812 2422 878 2473 συμ-
921 2397 1110 2476 εύκαταφορίας
1133 2395 1172 2468 7⁶,
1186 2389 1238 2457 οἷον
1255 2398 1301 2468 τὴν
1321 2397 1470 2476 φθονερίαν,
1485 2396 1531 2469 ’τὴν
1554 2397 1692 2455 ὶπιλυπίαν

107 2488 193 2547 θαίνει
218 2488 392 2565 βλάπτεσθαι·
415 2484 557 2564 κοινότερον
577 2485 605 2544 δέ
617 2484 713 2543 τούτων
734 2484 764 2543 τὸ
778 2474 829 2543 οἷόν
849 2507 877 2542 τε
921 2483 966 2542 καί
979 2482 1013 2541 τά
1025 2482 1101 2558 ὅμοια
1110 2526 1118 2555 ,
1128 2483 1173 2541 καί
1187 2484 1226 2551 ἔτι
1232 2481 1266 2540 τά
1275 2484 1410 2557 νοσήματα
1426 2483 1471 2540 καί
1485 2483 1692 2561 ἀρρωστήματα,

109 2572 249 2650 βλάπτειν.
287 2574 347 2633 Τῶν
367 2571 389 2629 δ’
399 2572 502 2647 άγαθῶν
517 2570 550 2627 τά
565 2570 612 2643 μὲν
626 2560 691 2628 εἶναι
704 2570 763 2650 περὶ
776 2569 878 2649 ψυχήν,
922 2562 974 2629 οἷον
998 2570 1186 2650 φιλαργυρίαν,
1213 2570 1375 2648 οἰνοφλυγίαν
1394 2567 1438 2627 καὶ
1458 2567 1492 2626 τά
1512 2567 1692 2647 παραπλήσια.

108 2794 245 2841 tutesrero
259 2790 317 2839 silas
330 2789 592 2851 essedoetriuasatqus
605 2790 807 2850 srtss,allusnon
820 2802 879 2841 esse,
924 2790 1014 2851 atiena,
1029 2790 1139 2840 indecora
1152 2789 1279 2851 actrrrpie.
1312 2792 1404 2839 Bonum
1420 2802 1476 2838 rere
1493 2788 1602 2850 pluribus
1616 2787 1695 2837 modia

108 2877 268 2929 Prudentteur
284 2876 880 2938 uidelicet,temperantiam,fortitudinem,]nsti-
925 2878 971 2926 dici
994 2878 1077 2939 amnt,
1101 2878 1205 2939 primum
1226 2876 1284 2925 illud
1302 2876 1369 2936 qnasi
1392 2876 1464 2927 fontis
1487 2876 1564 2925 vicem
1586 2876 1696 2926 obtinens

110 2969 176 3016 iiam
187 2965 310 3015 doctrines
326 2969 400 3027 atquc
412 2969 474 3013 artes
484 2977 550 3027 esse,
560 2965 633 3013 animi
647 2966 726 3014 autem
738 2965 881 3025 maguitudi·
924 2965 990 3028 quod
1007 2966 1041 3016 ita
1062 2965 1192 3026 definiunt,
1213 2977 1266 3014 esse
1287 2977 1383 3014 σειιειπι
1402 2965 1439 3013 rel
1461 2964 1619 3028 principium,
1634 2966 1697 3016 unde

107 3067 186 3114 nem,
201 3051 275 3101 robur
286 3054 311 3102 et
329 3051 378 3100 rim
395 3064 475 3113 neque
490 3046 640 3114 disciplinam
657 3064 737 3113 neque
747 3057 810 3101 artes
820 3065 881 3102 esse.
927 3053 964 3102 rel
982 3067 1012 3102 ex
1030 3066 1080 3115 quo
1095 3052 1187 3100 utilitas
1209 3051 1360 3114 percipiatur,
1378 3050 1463 3101 deinde
1476 3051 1549 3112 iliud,
1565 3052 1697 3102 seeundum

109 3141 171 3189 Pari
184 3153 255 3201 porro
265 3140 356 3188 ratione
374 3139 491 3187 malorum
503 3139 550 3187 elis
561 3137 750 3198 miserrumis
762 3152 810 3188 uon
822 3151 882 3189 esse.
927 3138 990 3202 quod
1007 3139 1096 3189 utititas
1106 3140 1226 3201 captatum
1240 3131 1342 3201 denique
1356 3138 1420 3187 istud
1430 3138 1495 3200 quod
1511 3138 1623 3189 lndssime
1634 3144 1699 3203 patet

108 3227 249 3277 amentiam
257 3224 883 3288 scilicet,intemperentiam,iniustitiam,ignsriam,
926 3239 955 3275 ac
969 3226 1041 3275 simui
1059 3226 1148 3288 priores
1170 3225 1231 3275 does
1251 3226 1340 3288 species
1360 3238 1459 3286 querum
1473 3223 1563 3274 mentio
1584 3227 1645 3276 facts
1662 3230 1699 3275 est

108 3314 190 3363 animi
203 3311 618 3362 contractionemettmbeciliitatem
633 3313 690 3361 ritis
703 3313 884 3376 esse3atdolo·
924 3308 1102 3375 iomplectitur,
1117 3312 1273 3375 quodpotest
1288 3311 1408 3374 prodesse.
1442 3311 1555 3361 Similiter
1566 3313 1639 3361 etism
1651 3325 1699 3360 ma·

108 3405 284 3460 rem,metom
296 3401 322 3449 et
332 3397 419 3448 similia
432 3411 480 3448 nou
488 3411 540 3448 esse
556 3399 624 3449 sitia.
655 3400 885 3462 vitiorumquoquo
928 3398 979 3446 lum
992 3397 1091 3448 describi
1100 3398 1130 3456 ad
1142 3399 1256 3447 bonorum
1268 3398 1408 3460 analogiam.
1442 3397 1547 3446 Primum
1559 3396 1699 3459 illodaquo

108 3488 165 3537 ulia
179 3486 287 3535 inscitias
310 3499 391 3535 rerum
406 3498 459 3535 esse
484 3490 508 3535 et
528 3486 673 3548 imperitias,
691 3486 737 3535 alia
756 3501 802 3536 oon
824 3501 884 3537 esse.
930 3487 1023 3548 veipor
1037 3485 1351 3548 quodaliisdetrimentum
1365 3486 1698 3548 importatur,deludeiliud,

108 3572 238 3624 Nimirum
260 3571 386 3621 amentiam
412 3575 438 3620 et
459 3572 679 3633 intemperantiam,
702 3572 850 3632 injnssitnrn·
862 3578 887 3623 et
929 3571 1059 3620 secondum
1069 3572 1134 3632 quod
1144 3572 1311 3621 detrimentum
1322 3572 1430 3631 infertur,
1440 3570 1543 3634 denique
1552 3571 1616 3620 istud
1625 3585 1699 3621 unum

105 3659 236 3722 igniariam
246 3670 324 3706 rernm
334 3657 481 3731 quamndam
495 3658 598 3706 inscitius
608 3662 740 3720 essentque
749 3658 885 3722 imperitias.
929 3658 1036 3706 omnium
1049 3657 1159 3707 letissime
1169 3661 1251 3719 patens
1261 3657 1324 3717 quod
1338 3661 1414 3719 potest
1426 3671 1518 3707 nocere.
1551 3661 1616 3707 Bona
1630 3672 1700 3721 porro

104 3749 147 3798 At
167 3744 243 3793 animi
252 3745 435 3794 contemtionem
446 3748 471 3794 et
488 3744 676 3794 imbecillitatem
691 3759 768 3807 neque
781 3748 887 3796 inscitias
931 3745 977 3794 siis
995 3745 1057 3793 circa
1070 3744 1176 3792 animum
1191 3757 1256 3802 esse,
1272 3745 1319 3791 ulie
1334 3749 1403 3792 extra
1416 3745 1539 3806 animuum,
1553 3745 1599 3796 alia
1614 3751 1701 3796 neutro
1729 3808 1736 3821 ο

104 3847 170 3884 esse
186 3832 409 3894 neqoelmperllies.
440 3835 559 3881 Prmterea
568 3832 632 3880 bons
645 3831 816 3881 aliaomuibus
833 3846 888 3893 pru·
933 3831 956 3879 in
975 3831 1029 3880 loco
1050 3844 1109 3880 esse.
1141 3830 1209 3878 Circa
1228 3831 1335 3879 animum
1351 3831 1448 3892 quidem
1462 3833 1563 3882 virtutes
1577 3836 1602 3882 el
1615 3835 1702 3896 probos

105 3919 232 3970 dentibus
251 3917 387 3980 confingere
413 3930 554 3979 semperque
575 3921 663 3980 presto
688 3931 752 3978 esse,
774 3920 821 3967 ulia
840 3934 887 3968 non
936 3918 1031 3966 habitus
1042 3917 1186 3979 omninoque
1200 3917 1328 3966 laudabiles
1349 3917 1495 3979 functionem
1513 3924 1580 3969 extre
1594 3921 1701 3969 animum

104 4008 214 4056 adesse.
243 3987 335 4066 itempe
348 3999 693 4066 virtutemomnem‚sensoru
709 4017 889 4068 sanum,sppe·
933 4017 989 4053 vero
1009 4003 1112 4063 amicos,
1125 4003 1251 4053 familiares
1265 4007 1290 4053 et
1305 4005 1406 4066 simitta;
1419 4008 1505 4080 neuim
1518 4006 1701 4056 inlocoantem

103 4089 229 4138 titionem
249 4087 391 4148 prudentem
416 4100 444 4136 ac
468 4088 554 4137 similia
574 4088 731 4149 prudentibus
755 4092 890 4154 contingere
933 4090 1041 4141 irornines
1069 4091 1155 4152 probos
1176 4095 1249 4154 atque
1268 4091 1293 4140 ln
1314 4092 1452 4141 universum
1474 4093 1563 4142 virtuts
1583 4092 1701 4154 preditos.

103 4181 196 4236 atque
218 4174 408 4236 omnitempore
430 4169 519 4236 praesto
542 4187 610 4236 esse;
627 4176 739 4237 gaudium
758 4180 838 4228 autem
863 4192 892 4227 nc
933 4178 1047 4227 Similiter
1061 4178 1132 4227 etiam
1147 4179 1210 4227 male
1224 4178 1269 4227 alia
1283 4179 1307 4227 ln
1328 4179 1498 4238 unimocerui,
1512 4179 1558 4229 alia
1573 4181 1703 4229 extremi-

104 4263 230 4313 laetitism
238 4263 374 4325 scitumque
387 4276 519 4313 sermonem
528 4265 590 4314 inter
601 4265 771 4315 ambulandum
784 4267 890 4316 habiturn
934 4276 1016 4324 mum,
1026 4265 1072 4313 aliu
1088 4267 1172 4314 neutro
1182 4265 1207 4314 in
1225 4264 1285 4315 loco.
1319 4267 1387 4316 Circe
1399 4267 1505 4316 inimum
1515 4280 1566 4317 esse
1577 4267 1647 4328 uitia,
1657 4280 1704 4316 ma·

102 4361 201 4410 neque
221 4348 333 4397 omuibus
354 4348 509 4409 prudentibus
530 4350 668 4411 contingere
692 4363 770 4412 neque
789 4365 891 4414 semper.
935 4349 970 4398 los
985 4349 1080 4398 habitos
1092 4357 1165 4412 atque
1179 4351 1201 4400 in
1216 4351 1353 4402 universnm
1374 4353 1580 4415 reprehendendas
1601 4354 1703 4403 functio·

103 4434 175 4486 Pari
190 4433 289 4496 insuper
311 4434 402 4484 ratione
416 4435 479 4485 mate
494 4433 540 4484 elia
559 4436 670 4485 omnibus
682 4437 818 4486 amentibus
830 4440 892 4487 acci-
936 4450 989 4498 nes;
1002 4440 1070 4485 extra
1081 4439 1187 4486 animum
1203 4440 1283 4488 sutem
1299 4439 1408 4488 inimicos
1424 4439 1483 4488 rarii
1497 4441 1606 4501 genesin
1622 4445 1706 4490 neutro

102 4522 178 4570 dere
191 4531 335 4581 semperque
349 4519 537 4581 obrmlre,alia
559 4534 606 4570 non
627 4521 692 4572 item
724 4523 814 4572 vitium
829 4524 892 4574 euim
937 4527 962 4576 in
985 4527 1039 4576 loco
1060 4527 1249 4590 veroimprobos
1270 4529 1446 4590 etquicunque
1465 4529 1529 4578 vitiis
1549 4529 1705 4578 contaminati

100 4619 212 4664 omne,
225 4617 321 4654 sensum
344 4605 470 4666 insenum,
486 4607 654 4668 appetitionem
669 4607 843 4669 imprudentem
865 4623 894 4658 ac
936 4616 999 4663 sunt.
1030 4613 1129 4663 Aditum
1147 4614 1218 4663 animi
1234 4615 1351 4664 bonornrn
1364 4615 1410 4664 aiis
1425 4627 1478 4664 esse
1491 4615 1706 4682 babitus,stieat·

99 4692 211 4743 similia
224 4690 389 4753 insipientibus
400 4691 511 4765 omnibns
522 4705 650 4754 congruere
657 4707 798 4758 semperque
806 4696 893 4757 tribui,
937 4700 1065 4757 fectiones,
1074 4700 1119 4748 atie
1131 4699 1225 4750 hibitus
1231 4701 1327 4763 quidem
1337 4700 1377 4750 sed
1390 4715 1437 4750 non
1447 4701 1597 4762 affectiones,
1607 4703 1652 4751 etia
1664 4716 1706 4752 ne·

99 4781 234 4830 dotorem
249 4781 346 4838 summ,
363 4781 453 4828 metum
471 4792 499 4828 sc
515 4791 652 4842 responsum
667 4781 803 4842 imprudens
818 4796 895 4846 neque
938 4799 984 4847 que
994 4785 1170 4847 habiturusque
1182 4787 1325 4836 affectiones.
1349 4787 1491 4838 dilectiones
1502 4787 1612 4849 quidem,
1624 4801 1707 4838 omnes

99 4864 240 4916 omnibus
258 4864 448 4925 imprudentibus
470 4877 547 4927 neque
558 4859 623 4915 omui
641 4867 741 4929 tempori
759 4869 893 4918 convenire.
938 4873 1052 4933 virtutes3
1068 4873 1163 4922 habitus
1182 4885 1239 4922 vero
1256 4874 1333 4923 solum
1350 4887 1378 4922 ec
1389 4888 1437 4923 uun
1451 4876 1705 4938 effectioues,studia‚

98 4953 149 5004 ,nd
172 4951 226 4999 hoc
239 4951 320 4999 omnia
333 4951 394 5000 boue
408 4952 475 5001 utilia
490 4964 556 5012 esse,
573 4939 711 5013 commoda,
724 4954 895 5017 conducibilia,
942 4963 968 5008 ut
978 4959 1146 5008 divinationem
1163 4961 1187 5008 el
1200 4959 1300 5022 similia;
1313 4973 1390 5022 neque
1404 4961 1499 5012 habitus
1515 4961 1618 5024 denique
1632 4977 1708 5026 neque

98 5041 264 5097 fructuose,
275 5039 361 5098 proba,
373 5040 474 5101 decors,
488 5040 586 5089 boneta
602 5043 627 5091 et
637 5045 753 5104 cognatm
765 5043 826 5091 mula
839 5057 896 5092 con·
941 5045 1092 5106 affectiones,
1103 5045 1235 5094 fonctiones
1244 5059 1284 5108 per
1296 5059 1329 5104 se,
1340 5053 1367 5095 oi
1380 5047 1537 5108 prudentium,
1550 5049 1710 5111 temperantur

97 5134 149 5181 tra
161 5126 335 5177 omnianoaia
359 5126 894 5192 incommoda‚inutilie‚iniructonsa,prere,
942 5132 1114 5194 possessionem
1135 5135 1158 5183 ct
1174 5133 1267 5182 similia.
1300 5134 1411 5184 similiter
1436 5137 1506 5185 etiarn
1526 5149 1556 5186 en
1571 5137 1710 5187 meliscircu
