3959 5925
277 370 330 437 illi
422 360 425 368 '
808 358 1058 421 PROTAGORAE
1083 358 1333 421 FRAGMENTA.

279 490 337 563 νὶην
352 490 397 551 καί
412 490 460 561 τὴν
481 494 508 551 έν
520 491 588 549 τοῖσι
604 488 617 526 ⁶
631 490 751 548 πολλοῖσι
772 486 855 557 δόξαν.
876 480 934 556 Πᾶς
947 488 998 567 γάρ
1012 490 1051 557 τίς
1098 488 1243 567 Προμηθέα
1259 489 1287 547 δὲ
1303 499 1470 567 παραιτεῖται
1485 490 1647 569 Ἐπιμηθεὺς
1675 494 1749 562 αὐτὸς
1774 498 1872 574 νεῖμαι·

277 602 321 656 μιν
341 578 419 657 ὁρέων
434 576 491 638 ’τὰ
509 576 624 637 έωυτοῗιὶ
637 578 731 636 πένθεα
745 576 898 657 ἐρρωμένως
922 578 1042 657 φέροντα,
1095 577 1351 653 νεέμαντοςδ’ἕμοὖ,
1366 577 1432 660 ἔφη,
1447 578 1598 660 ἐπίσκεψαι·
1629 580 1684 641 liei
1701 582 1768 641 Οὕτω
1779 585 1873 653 litim

274 665 455 746 μεγαλόφρονά
469 690 496 724 τε
515 666 560 724 καὶ
575 665 695 744 ἀνδρήιον
709 670 722 710 ⁸
737 664 822 723 ἐδόκεε
841 656 908 725 εἶναι
922 666 967 723 καί
981 670 1047 724 tnu-
1094 664 1178 741 νέμει.
1190 663 1286 740 Ns'pmv
1297 666 1324 724 δὲ
1336 666 1446 743 volatilla
1456 656 1530 746 iupis
1543 668 1603 727 dliv
1614 668 1712 748 eique<
1724 678 1871 751 προσῆπτε,

273 759 318 813 τοῦ
331 751 468 833 epicam)
488 752 572 833 κάρτα
592 753 666 819 εἰδὼς
681 752 728 823 τὴν
751 754 865 811 ἑωυτοῦΙ
890 755 917 812 έν
938 756 1049 815 τοιοῖσδε
1094 752 1128 810 τά
1142 754 1165 810 δ’
1177 754 1350 832 ἀσθενέστερα
1365 754 1442 833 τάχει
1465 754 1581 831 ἐκόσμει·
1597 756 1631 815 τθι
1647 758 1676 816 δέ
1696 757 1805 833 ὥπλιζε,
1818 767 1872 829 τοῖς

273 839 612 923 1πρήγμασι*ἀμηχανίην.
1096 841 1118 899 δ’
1136 842 1233 899 ἄοπλον
1248 841 1332 908 διδοὺς
1345 841 1421 921 φύσιν
1442 843 1525 916 ἄλλην
1542 847 1591 902 τιν’
1609 849 1696 913 αὐτοῖς
1716 850 1872 927 ἐμηχανᾶτο

314 929 474 1007 (Plutarch.
491 928 639 987 Consolat.
663 928 699 986 ad
722 928 818 1006 Apoll.
835 949 898 1006 cap.
918 928 973 1005 33,
988 929 1047 987 vol.
1095 928 1202 1003 δύναμιν
1214 932 1249 995 εἷς
1262 930 1406 1010 σωτηρίαν.
1434 930 1466 991 Ἃ
1482 931 1531 1008 μέν
1546 931 1597 1012 γὰρ
1612 936 1700 993 αὐτῶν
1715 935 1871 1016 σμικρότητι

272 1018 407 1095 VUpag.
425 1018 481 1075 360
503 1035 563 1092 seq.
582 1018 627 1073 ed.
643 1015 762 1074 fluiten.
791 1013 1049 1094 τΠερικλέαδὲτθν
1095 1016 1437 1098 ἤμπισχε,πτηνὸνρυγὴν
1460 1018 1633 1097 ὴκατάγειον
1648 1022 1751 1095 οἴκησιν
1766 1024 1867 1101 ἔνεμεν·

273 1104 318 1165 καὶ
331 1100 478 1180 sommo„
494 1103 734 1183 προσαγορευθέντα
749 1102 791 1161 δεδι
804 1105 850 1174 τὴν
867 1103 927 1183 περὶ
944 1104 988 1160 τὸν
1001 1102 1048 1160 λό-
1091 1104 1112 1162 θ
1126 1105 1147 1162 δ’
1160 1097 1220 1175 ηθξε
1234 1105 1354 1182 μεγέθει,
1365 1108 1433 1186 τῷδε
1456 1110 1527 1186 αὐτῷ
1544 1108 1612 1167 αθτδι
1625 1106 1720 1178 ἔσωζε·
1735 1112 1782 1171 καὶ
1795 1105 1872 1174 τᾶλλ’

273 1214 318 1271 γον
334 1192 379 1250 καὶ
390 1189 436 1263 τὴν
453 1190 555 1251 σόνεσιν
575 1190 808 1270 θπερόεόλημένην
824 1190 950 1266 δύναμιν,
970 1190 1050 1250 πυθό·
1098 1190 1179 1257 οὕτως
1191 1194 1320 1251 ἐπανισῶν
1332 1194 1417 1268 ἔνεμε.
1429 1196 1521 1253 Ταῦτα
1532 1196 1559 1253 δὲ
1569 1197 1722 1273 ἐμηχανᾶτο
1734 1199 1871 1260 εθλάόειαν

274 1302 363 1356 μενον,
378 1279 538 1359 ἀμφοτέρους
547 1282 627 1337 αὑτοῦ
647 1278 705 1346 τοὺς
716 1278 785 1345 υἱοὺς
801 1276 995 1357 μετηλλαχέναι
1005 1278 1049 1337 τὸν
1096 1283 1162 1361 ἔχων
1178 1284 1215 1359 μὴ
1230 1308 1255 1341 τι
1269 1284 1342 1362 γένος
1356 1284 1506 1357 ἀΐστωθείη.
1561 1286 1670 1360 Ἐπειδὴ
1681 1291 1708 1346 δὲ
1722 1292 1809 1357 αὐτοῖς
1823 1297 1871 1351 α’λ-

274 1366 339 1447 βὶον,
358 1366 481 1446 Πάραλόν
495 1389 523 1424 τε
538 1366 582 1424 καί
595 1365 761 1443 Ξάνθιππον,
778 1366 812 1434 ὥς
825 1389 889 1447 φησι
902 1365 1050 1444 Πρωταγό-
1095 1372 1272 1450 ληλορθοριῶν
1295 1373 1423 1453 διαρυγδις
1448 1373 1589 1449 ἐπήρκεσε,
1611 1376 1676 1453 πρὸς
1696 1379 1744 1444 τθις
1766 1382 1797 1437 ἐκ
1812 1380 1872 1447 Διὸς

274 1477 328 1534 ρας,
336 1454 415 1513 εἰπὼν
426 1452 515 1519 οὕτως·
524 1457 587 1513 Τῶν
595 1454 645 1535 γάρ
657 1454 731 1511 υἱέων
743 1457 802 1513 κτλ.
817 1458 906 1511 τοῦτον
915 1454 965 1533 γὰρ
976 1452 1049 1520 εὐθὺς
1098 1456 1168 1536 ὥρας
1187 1459 1329 1538 εὐμάρειαν
1350 1462 1507 1539 ἐμηχανᾶτο
1521 1462 1661 1541 ἀμφιεννθς
1676 1464 1744 1523 αὐτὰ
1761 1475 1871 1533 πυκναῖς

296 1542 342 1601 aad
362 1540 410 1615 τὴν
432 1542 626 1621 προσαγγελίαν
641 1541 794 1621 ἀμφοτέροιν
809 1544 861 1599 τῶν
879 1542 954 1599 υἱέων
974 1540 1047 1599 οιίθέν
1094 1544 1198 1623 τεθριξὶ
1221 1544 1266 1603 καὶ
1287 1558 1400 1625 στερεοῖς
1421 1546 1557 1627 δέρμασιν,
1577 1552 1676 1617 ἱκανοῖς
1701 1553 1748 1628 μὲν
1770 1559 1870 1630 ἀμῦναι

272 1568 350 1702 ὴίττον
364 1630 575 1710 ἐστεφανωμένον
591 1628 658 1686 κατθ
675 1630 703 1687 τὸ
721 1631 831 1709 πάτριον
851 1628 905 1694 ἔθος
924 1629 969 1686 καλ
987 1630 1049 1685 λευ-
1094 1636 1228 1709 χειμῶνα,
1245 1634 1362 1700 δυνατοῖς
1374 1634 1400 1691 δὲ
1413 1636 1458 1693 καὶ
1471 1636 1612 1712 καύματα,
1628 1638 1674 1696 καὶ
1687 1642 1711 1706 ἐς
1726 1642 1800 1708 abab<
1814 1644 1871 1701 teb-

272 1724 443 1798 χειμονοῦντα
454 1718 621 1796 δημηγορεῖν,
636 1716 730 1793 βουλάς
741 1740 769 1774 τε
784 1715 925 1794 ἐξόρχοντα
938 1715 1047 1791 οἱγαθοίς,
1095 1739 1135 1774 σιν
1149 1716 1218 1783 ὅπως
1232 1718 1347 1798 ὑπάρχοι
1361 1719 1395 1779 τδι
1415 1723 1481 1780 elit
1501 1728 1583 1781 ταῦτα
1597 1726 1722 1804 στρωμνὴ
1740 1730 1826 1787 οἰκεία
1841 1754 1871 1789 τε

273 1806 338 1886 πρός
353 1830 382 1863 τε
393 1805 435 1863 τὸν
453 1804 567 1880 πόλεμον
582 1805 807 1882 ἐπιπαρορμῶντα
819 1803 877 1869 τοὺς
890 1802 1048 1874 Ἀθηναίους.
1094 1806 1140 1863 καὶ
1154 1806 1283 1884 αὐτοφυὴς
1297 1806 1414 1886 ἑκάστῳ·
1433 1809 1477 1866 καί
1492 1809 1542 1867 ὑπὸ
1555 1812 1642 1869 ποδῶν
1656 1814 1689 1869 τὰ
1704 1816 1752 1890 μὲν
1766 1818 1870 1893 ὁπλαῖς,

274 1894 404 1970 Scripsi⁸
418 1890 538 1964 νεηνιέων
546 1890 664 1969 ἐόντων,
680 1891 767 1952 codd.
783 1894 890 1963 νεηνιῶν
904 1890 997 1949 όντων.
1012 1926 1050 1935 -
1095 1892 1129 1951 τὰ
1140 1891 1168 1949 δὲ
1186 1893 1251 1970 θριξὶ
1265 1892 1310 1951 καὶ
1322 1892 1433 1971 δέρμασι
1449 1905 1561 1974 στερεοῖς
1577 1899 1623 1955 καί
1639 1901 1769 1976 ἀναίμοις.
1783 1907 1808 1964 Τ
1809 1907 1870 1961 οὐν-

274 1979 373 2059 Ι’τῇιιη
394 1978 479 2039 codd.
499 1988 564 2047 ταῖς.
580 1986 643 2024 —0
659 1984 699 2051 ές;
721 1980 807 2039 codd.
823 1981 869 2045 εἷς.
883 2010 922 2023 -
936 1976 950 2014 d
964 1979 1049 2053 τοῖοι;
1095 1984 1183 2037 τεῒιθεν
1205 1979 1300 2061 τρορὶις
1320 1981 1408 2048 ἄλλοις
1430 1984 1511 2050 ἄλλας
1533 1983 1680 2064 έίεπόριζε,
1695 1998 1748 2055 τοῖς
1768 1990 1815 2064 μὲν
1839 1994 1870 2049 ἐκ

274 2068 344 2125 libri
363 2068 426 2134 τοῖς.
442 2072 504 2111 „e
518 2066 616 2144 δρέων;
641 2066 711 2125 libri
735 2071 811 2145 δρῶν.
836 2100 876 2111 -
898 2064 908 2101 ἱ
933 2068 1047 2136 ἑωυτοῦ;
1095 2072 1143 2143 γῆς
1154 2068 1275 2146 βοτάνην,
1285 2068 1373 2136 ἄλλοις
1384 2070 1411 2127 δέ
1424 2070 1533 2149 δένδρων
1546 2073 1670 2149 καρπούς,
1682 2085 1734 2142 τοῖς
1745 2077 1771 2134 δὲ
1788 2079 1870 2156 ῥίζας

273 2156 356 2215 codd.
371 2160 473 2225 ἑαυτοῦ.
488 2190 528 2201 -
541 2160 553 2199 ⁸
568 2155 685 2234 τ’νδρήιον
703 2156 808 2231 ἐδόκεε,
831 2155 915 2213 codd.
934 2157 1050 2232 άνδρεῖον
1095 2156 1187 2214 ἔστιδ’
1208 2148 1245 2223 οἷς
1260 2157 1356 2216 ἔδωκεν
1374 2150 1440 2217 εἶναι
1462 2159 1562 2242 τροφὴν
1583 2161 1655 2241 ζῴων
1671 2163 1758 2222 ἄλλων
1782 2167 1872 2244 βοράν.

272 2244 364 2303 ἐδόκει.
378 2278 418 2288 -
440 2242 453 2279 ¹¹
468 2246 564 2302 ἑωυτοῦ
585 2241 704 2322 κρέπσω;
726 2243 798 2301 libri
814 2247 905 2301 ἑαυτοῦ
920 2243 1046 2320 κρείσσω.
1098 2244 1151 2303 Καὶ
1164 2252 1216 2311 τοῖς
1232 2244 1280 2319 μὲν
1292 2246 1453 2324 όλιγογονίαν
1468 2251 1605 2328 προσῆψε,
1621 2258 1673 2317 τοῖς
1689 2252 1711 2307 δ’
1728 2255 1869 2311 ἀναλισκο-

273 2340 331 2377 ...ι
350 2335 462 2409 ἑωυτοῦγ
481 2332 565 2391 codd.
582 2334 685 2391 ἑαυτοῦ.
710 2364 751 2377 -
764 2329 777 2365 ¹
790 2330 942 2409 πρήγμασι,
961 2332 1046 2393 codd.
1096 2330 1182 2407 μένοις
1201 2333 1252 2390 ὑπὸ
1265 2335 1363 2392 τούτων
1383 2335 1563 2412 πολυγωνίαν,
1587 2336 1719 2413 σωτηρίαν
1739 2343 1778 2417 τῷ
1800 2342 1868 2418 γένει

272 2418 444 2499 πρά.γμασγ,)
1095 2417 1217 2495 πορίζων.
1230 2418 1292 2478 'dra
1307 2420 1339 2490 δὴ
1353 2411 1397 2479 nde
1410 2423 1438 2479 οὐ
1456 2423 1526 2481 πάνυ
1538 2447 1565 2481 τι
1579 2422 1655 2505 σορθς
1666 2421 1702 2481 ὢν
1716 2430 1731 2482 δ
1746 2425 1869 2502 Ἐπιμη-

312 2529 337 2567 a.
363 2498 417 2567 Ἦν
443 2507 494 2586 γάρ
521 2529 585 2564 ποτε
609 2505 716 2586 χρόνος,
743 2504 784 2563 ὅτε
813 2506 865 2565 θεοὶ
895 2506 942 2582 μὲν
967 2498 1048 2580 ὴσαν,
1095 2504 1151 2571 θεὶις
1173 2506 1262 2564 ἔλαθεν
1281 2508 1359 2565 αὑτὸν
1379 2509 1569 2576 καταναλώσας
1583 2510 1629 2577 τδς
1645 2513 1764 2588 δυνάμεις
1783 2516 1818 2579 εἷς
1836 2515 1870 2573 sd

244 2648 248 2655 ,
272 2594 352 2665 θνητθι
364 2594 390 2653 δέ
402 2593 464 2673 γένη
475 2595 522 2651 οὐκ
534 2585 578 2665 ὴν.
621 2592 730 2663 Ἐπειδὴ
745 2590 772 2651 δέ
787 2591 832 2651 καὶ
851 2592 949 2657 τούτοις
958 2592 1051 2671 χρόνος
1096 2592 1189 2667 άλογα.
1205 2594 1303 2653 Λοιπὸν
1314 2595 1345 2665 δὴ
1358 2595 1506 2672 ἀκόσμητον
1528 2596 1567 2656 ἔτι
1580 2601 1652 2677 αὐτῷ
1666 2590 1697 2669 ὴν
1715 2599 1745 2657 τὸ
1756 2604 1808 2658 τῶν
1823 2604 1868 2657 ιἰν-

271 2674 348 2755 ὴλθεν
368 2681 521 2761 εἱμαρμένος
544 2678 682 2758 γενέσειυς,
703 2686 828 2740 τυποῦσιν
848 2678 917 2739 αὐτά
939 2680 1050 2757 θεοίγῆς
1096 2678 1205 2757 θρώπων
1219 2680 1309 2753 γένος,
1328 2682 1374 2740 καὶ
1388 2683 1481 2761 ἠπόρει
1496 2683 1545 2755 dm
1561 2684 1697 2763 χρήσαιτο.
1720 2685 1870 2763 Ἀποροῦντι

274 2770 345 2829 ἐνδον
366 2772 395 2828 ἐκ
409 2774 456 2847 γῆς
474 2768 519 2827 καὶ
540 2768 619 2847 πυρὸς
640 2768 756 2843 μίξαντες
776 2767 821 2825 καὶ
842 2770 893 2824 τῶν
925 2766 974 2825 ὅσα
988 2768 1049 2845 πυρὶ
1095 2766 1123 2825 δέ
1134 2768 1204 2845 αὐτῷ
1218 2767 1321 2847 ἔρχεται
1334 2768 1489 2847 Προμηθεὺς
1503 2771 1706 2850 ἐπισκεψόμενος
1715 2771 1761 2843 τὴν
1775 2775 1869 2849 νομὴν,

273 2860 318 2915 καὶ
335 2861 369 2937 γῇ
380 2857 543 2935 κεράννυται.
585 2852 696 2925 Ἐπειδὴ
714 2856 738 2912 δ’
753 2853 825 2930 οἱγειν
838 2852 903 2911 αὐτὰ
912 2855 975 2933 πρὸς
992 2860 1046 2934 φῶς
1094 2854 1139 2912 καὶ
1150 2857 1198 2933 δρᾶΙ
1207 2855 1240 2915 τὰ
1251 2855 1298 2930 μὲν
1309 2856 1376 2914 ἄλλα
1384 2859 1439 2934 ζῷα
1449 2860 1570 2933 ἐμμελῶς
1580 2858 1683 2925 πάντως
1692 2861 1703 2884 “
1713 2859 1816 2937 ἔχοντα,
1827 2861 1871 2918 τὸν

273 2944 399 3022 ἔμελλον,
417 2943 579 3023 προσέταξαν
604 2945 741 3020 Προμηθεῖ
767 2940 812 3000 καὶ
836 2940 980 3016 Ἐπιμηθεῖ
1003 2965 1048 2999 κο·
1098 2939 1125 3001 δέ
1144 2940 1277 3022 ἄνθρωπον
1292 2942 1387 3020 γυμνόν
1403 2944 1488 3004 τεκαὶ
1501 2946 1661 3018 ἀνυπόδηοον
1677 2948 1723 3006 καὶ
1738 2948 1869 3026 άοτρωτον

274 3031 373 3108 αμῆσαί
387 3053 415 3088 τε
429 3031 474 3088 καὶ
492 3038 581 3106 νεῖμαι
601 3029 723 3103 δυνάμεις
747 3027 865 3094 ἑκάστοις
884 3030 919 3094 ὡς
938 3025 1045 3105 πρέπει.
1095 3029 1140 3086 καὶ
1155 3029 1262 3091 σίοπλον.
1304 3030 1374 3104 Ἤδη
1388 3033 1415 3090 δὲ
1429 3036 1475 3092 καὶ
1489 3038 1506 3104 ὴ
1520 3035 1666 3115 εἱμαρμένη
1676 3035 1763 3116 ἡμέρα
1771 3040 1871 3115 παρῆν,

1240 3155 1361 3166 --.

273 3195 416 3244 vacuitatem
439 3197 463 3242 et
487 3191 679 3255 consequendam
711 3191 773 3250 apud
801 3191 938 3252 imperitum
962 3189 1049 3250 virique
1093 3191 1157 3252 quod
1172 3194 1372 3255 exstingueretur.
1390 3197 1520 3257 Postquam
1534 3175 1591 3246 τίετο
1604 3197 1740 3249 iismulue
1753 3199 1871 3249 celires·

272 3283 380 3346 gloriam.
393 3281 536 3342 Quicunque
550 3265 613 3328 euiiu
633 3278 732 3328 ridebat
743 3291 798 3326 eum
814 3291 871 3326 titios
884 3290 956 3326 casus
972 3277 1048 3327 oblir·
1094 3281 1158 3341 ingla
1170 3282 1286 3343 prebuit,
1299 3286 1401 3344 quatuor
1409 3285 1464 3332 anui
1480 3290 1625 3348 temporum,
1637 3301 1692 3349 quae
1705 3291 1797 3350 etone,
1811 3291 1872 3340 tole·

273 3369 425 3420 raatoanimo
435 3368 509 3426 terre,
524 3366 701 3428 magnanimum
709 3379 765 3414 euin
777 3366 910 3428 tortamque
920 3365 987 3427 judic
993 3366 1049 3413 abal
1094 3367 1208 3415 rationem
1223 3367 1317 3416 facilem
1331 3367 1417 3428 reddit,
1429 3368 1549 3430 siquidem
1562 3371 1660 3420 vestivit
1676 3385 1705 3421 ea
1718 3373 1799 3422 densis
1811 3377 1872 3424 setis

272 3457 387 3508 acmulto
398 3469 471 3518 quarn
487 3456 611 3518 ipscesset
620 3453 823 3516 praestantiorem,
839 3453 912 3515 probe
927 3453 973 3503 sibi
990 3467 1048 3501 con·
1094 3453 1211 3516 durisque
1232 3454 1336 3516 pellibus
1350 3454 1380 3502 ad
1406 3451 1542 3518 pellendam
1557 3457 1652 3518 trigoris
1668 3458 1717 3506 riui
1736 3460 1760 3507 et
1775 3459 1873 3510 ardores

272 3547 335 3598 scius
344 3557 396 3594 suae
408 3543 432 3593 in
446 3543 486 3593 tali
500 3555 525 3591 rc
536 3540 716 3590 imbecillitatis.
1093 3542 1151 3591 solis
1165 3543 1279 3592 arcendos
1298 3539 1496 3604 accommodatis,
1509 3559 1565 3607 quae
1579 3546 1652 3594 simul
1671 3546 1781 3596 cubitum
1799 3549 1871 3599 ituris

304 3638 327 3684 t.
340 3634 401 3682 tiam
416 3632 462 3680 luit
477 3629 605 3692 aliquando
626 3631 736 3690 tempus,
749 3640 798 3690 quc
812 3625 846 3676 dii
860 3623 958 3688 quidem
972 3629 1049 3688 erant,
1094 3630 1189 3692 propria
1198 3631 1298 3692 singuiis
1307 3636 1332 3680 et
1343 3632 1460 3682 naturalia
1469 3635 1551 3683 essent
1561 3637 1643 3682 strala.
1657 3636 1777 3684 Praelerea
1787 3650 1873 3685 eurum

274 3723 409 3775 mortalium
422 3723 502 3772 ιιιιὶειιι
515 3733 659 3783 generanon
670 3721 744 3767 erant.
762 3717 808 3768 sed
818 3730 893 3780 quum
903 3715 940 3766 bis
952 3729 1050 3778 qunque
1095 3717 1194 3778 pedibus
1214 3718 1302 3780 partim
1316 3720 1418 3780 ungulas
1436 3719 1545 3781 addidit,
1563 3721 1650 3782 partim
1669 3723 1735 3770 setas
1748 3722 1873 3785 pellesque

274 3810 346 3862 totale
360 3810 517 3872 generationis
536 3811 631 3870 tempus
643 3806 756 3866 venisset,
770 3805 821 3867 ipsa
832 3805 866 3853 dii
882 3804 907 3852 in
923 3805 993 3852 terroe
1012 3803 1049 3851 si·
1094 3803 1208 3854 callorum
1225 3806 1301 3855 instar
1318 3805 1392 3855 diues
1415 3811 1439 3856 et
1455 3819 1597 3869 exsangues.
1623 3807 1714 3858 Deinde
1739 3809 1793 3858 aliis
1812 3810 1873 3860 alios

267 3897 405 3956 ⁴secribuse
427 3902 489 3946 terra
514 3895 608 3957 ignique
625 3894 745 3943 tinxerunt
764 3891 852 3941 additis
875 3891 904 3939 iis
926 3903 982 3953 quse
999 3888 1049 3951 igni
1094 3894 1241 3954 compararit
1255 3893 1545 3957 pastus,quibusdamex
1560 3899 1624 3943 terra
1637 3893 1738 3956 herbas,
1751 3897 1873 3946 nonnullis

273 3989 393 4046 terraeque
409 3985 551 4034 miscentur.
571 3985 652 4040 Quum
674 3993 731 4030 vero
745 3979 784 4028 illa
804 3981 828 4028 in
841 3979 921 4028 lucem
933 3976 1050 4040 prolaturi
1095 3979 1187 4029 tructus
1198 3981 1324 4041 arborum.
1339 3980 1392 4029 aliis
1411 3981 1521 4040 radices;
1536 3995 1580 4030 nec
1591 3981 1720 4031 defuerunt
1739 3983 1828 4045 quibus
1838 3983 1870 4031 ad

275 4073 371 4132 esseut,
391 4069 535 4119 mandarunt
554 4069 696 4117 Prometheo
715 4067 787 4128 atque
805 4065 960 4127 Epimetheo,
976 4065 1003 4113 ut
1022 4077 1050 4112 ea
1095 4065 1180 4115 tamem
1192 4067 1334 4129 explendam
1349 4068 1396 4116 ulia
1410 4067 1720 4119 animaliamrnndadaret.
1748 4071 1869 4119 centum

275 4162 389 4212 ornarent
405 4159 514 4220 viresque
528 4156 628 4217 singulis
643 4154 813 4205 convenientes
828 4153 970 4202 tribuerent.
988 4154 1050 4201 Pro·
1096 4155 1228 4204 carnivoris
1240 4156 1384 4204 animalibus
1401 4155 1580 4218 quodammodo
1593 4157 1761 4218 sterilitatem,
1778 4160 1803 4207 at
1815 4158 1871 4207 reli·

278 4245 400 4296 loetheum
417 4243 488 4305 igitur
508 4242 661 4303 Epimetheus
676 4239 782 4302 rogarit,
797 4241 825 4287 ul
843 4239 889 4288 sibi
904 4237 1050 4287 distribuen·
1096 4242 1150 4302 quis
1165 4241 1331 4304 queirlorun
1343 4244 1431 4306 pabula
1444 4249 1500 4292 sunt
1517 4244 1688 4294 tecimditalem
1704 4245 1798 4307 generis
1810 4258 1870 4294 cun·

276 4333 361 4382 darum
373 4330 461 4379 virium
472 4327 592 4378 licentiam
604 4328 681 4388 daret,
695 4325 837 4375 distributas
851 4327 900 4388 ipse
910 4325 1048 4387 inspiceret.
1096 4331 1205 4379 servandi
1220 4344 1293 4379 rausa
1304 4330 1381 4380 dedit.
1395 4335 1475 4390 Quum
1486 4345 1544 4382 vero
1558 4345 1606 4381 non
1618 4332 1750 4382 admodum
1763 4332 1874 4396 pmdens

274 4425 353 4482 Quam
366 4421 487 4470 licentiam
508 4422 632 4468 assecutus
644 4417 684 4466 ille
701 4416 832 4466 distribuit.
852 4417 880 4464 lu
905 4429 933 4466 eo
949 4417 1045 4478 negotio
1094 4420 1159 4468 esset
1170 4419 1334 4481 Epimetheus,
1347 4418 1437 4468 inscius
1447 4419 1573 4468 facultates
1585 4433 1669 4468 omnes
1687 4420 1712 4468 in
1729 4419 1801 4469 bruta
1821 4419 1870 4468 ani·

275 4510 420 4574 quibusdam
435 4507 507 4558 robur
517 4507 568 4557 siue
579 4506 701 4557 celeritate
716 4505 811 4564 indidit,
828 4504 874 4554 alis
885 4516 963 4567 eaque
972 4503 1050 4554 imbe·
1094 4505 1165 4554 maiia
1179 4505 1293 4567 proludit.
1312 4505 1430 4563 Quocirca
1445 4505 1552 4554 restabat
1566 4507 1587 4555 ei
1601 4505 1682 4555 adhuc
1697 4506 1822 4554 lioniinum
1831 4519 1871 4568 ge·

275 4599 366 4648 cillicra
381 4595 506 4646 velocitate
519 4595 636 4644 instruxit
652 4608 657 4636 =
676 4595 723 4643 alia
741 4591 852 4654 armarit,
869 4593 928 4654 ipsis
944 4591 1049 4655 denique
1094 4607 1139 4642 niu
1150 4593 1214 4642 nulla
1228 4607 1253 4641 re
1263 4593 1425 4653 instructum,
1442 4592 1545 4655 ideoque
1562 4593 1622 4654 quid
1639 4595 1722 4655 ageret
1732 4592 1867 4643 nesciebat.

276 4685 411 4736 inermibus
420 4684 490 4733 aliam
502 4681 655 4746 expediendo
664 4683 747 4732 salutis
756 4682 820 4730 riam
835 4681 958 4729 iuventam
967 4684 1049 4730 osten·
1093 4682 1218 4733 Dubitanti
1227 4682 1365 4744 suremeuit
1385 4682 1542 4732 Prometheus
1553 4682 1706 4746 partitionem
1717 4682 1781 4731 illam
1795 4681 1872 4732 donsi-

274 4773 321 4825 dit.
368 4776 429 4833 Quae
447 4773 512 4823 enim
525 4773 549 4822 in
569 4773 654 4833 exigue
673 4783 772 4834 corpore
793 4770 940 4832 incluserat,
960 4771 1049 4832 partim
1094 4769 1234 4830 deuturus,
1250 4769 1357 4832 viditque
1373 4774 1460 4818 caetera
1473 4767 1584 4818 animalia
1603 4768 1673 4832 plane
1693 4771 1811 4820 concinne
1827 4783 1871 4819 re·

275 4874 316 4924 per
330 4874 409 4911 aerem
423 4861 506 4923 pennis
517 4859 603 4922 attolli,
616 4859 701 4921 partim
712 4857 829 4907 subterra
839 4857 946 4906 habitare
956 4857 1045 4918 jussit:
1094 4857 1160 4919 stlta,
1177 4856 1297 4906 hominem
1317 4860 1397 4906 autem
1417 4856 1524 4917 nudum,
1546 4856 1732 4917 discalceatum,
1752 4857 1869 4907 intectum

274 4962 329 5012 quae
342 4961 400 4998 vero
411 4949 520 5010 corporis
532 4946 695 5010 magnitudine
708 4948 822 5006 auxerat,
840 4945 881 4995 illa
898 4945 944 4994 hac
958 4945 1011 5002 ipsa
1024 4957 1050 4993 re
1094 4947 1168 5007 atque
1190 4945 1315 4994 inermem.
1340 4945 1395 4993 iam
1419 4957 1477 4993 reru
1501 4951 1526 4993 et
1546 4944 1625 4993 latetis
1648 4944 1732 4995 aderat
1745 4944 1807 5004 dies,
1822 4957 1872 5007 quo

274 5036 305 5086 ad
328 5036 430 5085 saluum
453 5048 521 5085 suum
547 5033 665 5095 munivit,
684 5035 820 5097 caeteraque
840 5033 877 5083 sic
899 5032 1051 5095 aequabiliter
1094 5030 1220 5095 oportebat
1231 5030 1353 5080 bominem
1366 5042 1464 5092 queque
1480 5033 1572 5080 eterra
1588 5031 1613 5079 in
1625 5031 1705 5080 lucem
1719 5031 1767 5080 edi.
1786 5033 1870 5088 Quum

275 5121 402 5185 dispertiit.
425 5125 483 5172 llas
500 5123 581 5172 aulem
604 5121 751 5184 excogitavit
766 5120 876 5184 religiose
895 5131 998 5182 carens,
1021 5132 1051 5168 ne
1095 5118 1168 5180 igitur
1181 5118 1287 5166 incertus
1295 5119 1357 5167 esset
1372 5118 1544 5178 Prometheus,
1556 5129 1629 5179 quam
1639 5116 1779 5167 hominibus
1798 5117 1872 5166 terret
