3959 5925
762 337 922 447 sinens
948 382 1148 447 enisurus
1702 396 1753 446 rer

149 526 216 589 iis,in
226 517 665 587 quibusdeestdirinaprospieieutis.
684 521 754 568 tluuc
765 517 930 581 verosiugulis
1010 519 1051 567 IV.
1069 517 1153 577 ltaque
1171 513 1229 577 quia
1246 514 1386 576 iubentibus
1402 514 1471 565 vobis
1488 527 1542 564 nuos
1558 518 1610 566 erat
1626 519 1758 578 gerendus,

149 614 204 663 luce
224 624 253 661 ac
272 609 353 671 specie
380 608 483 668 tributa,
502 619 619 656 numerus
639 619 737 669 quoque
760 605 932 656 illustratorum
978 604 1034 654 licet
1047 616 1089 663 ea,
1102 615 1157 664 quse
1174 601 1330 665 iubebantur,
1346 602 1438 665 potiora
1449 605 1627 666 essent,quarn
1644 607 1760 657 sustinere

147 699 258 750 omnium
270 695 403 760 genituram
416 692 573 756 sequebatur,
586 693 695 755 pulchris
712 693 827 744 omuibus
840 705 931 744 exnon
976 691 1096 742 mediocre
1117 690 1239 753 ingenium
1260 690 1366 754 valeret,
1387 689 1438 740 sola
1454 690 1610 741 translatione
1632 694 1760 742 contentus

149 787 236 838 letibus
249 783 371 847 qnondam
381 782 506 832 institutis.
547 783 617 831 Nunc
626 782 677 842 jam
689 782 877 844 ordinationem,
890 795 928 844 ge·
977 793 1027 830 nou
1039 779 1087 842 tui;
1100 781 1165 830 ratus
1175 779 1283 840 obscuri,
1294 781 1440 842 minimeque
1449 779 1564 842 illustris,
1577 781 1678 844 exempli
1689 783 1760 832 siusu-

148 875 311 934 hilaremque,
319 882 403 920 eorum
411 869 549 931 singiliatim
559 869 717 919 demonstrari
728 869 857 927 conventis
867 882 931 918 noro
974 869 1069 918 lacrum
1082 867 1134 918 sine
1152 867 1349 930 interpretatione
1361 866 1519 928 translatum,
1537 868 1562 916 in
1580 869 1703 930 ejnsdeni,
1718 873 1762 918 aut

148 961 259 1025 quidm,
279 963 304 1009 et
327 957 456 1018 inusitato,
480 969 568 1019 genere
593 956 825 1008 demonstrationis:
848 969 931 1007 rerum
975 954 1049 1006 etiam
1070 953 1182 1016 majoris,
1195 952 1349 1002 obscuritatis
1370 953 1431 1003 vitio
1449 954 1565 1004 luturum.
1597 957 1626 1004 Et
1642 968 1684 1016 ea,
1705 969 1761 1019 quae

150 1047 284 1110 robis‚·qui
297 1058 382 1094 omnes
393 1043 534 1094 eruditionis
547 1045 656 1105 ingeuuae
673 1044 726 1095 rias
740 1047 931 1110 peragrarertlis,
976 1042 1037 1092 mihi
1049 1042 1101 1091 risa
1115 1043 1171 1092 sunt
1184 1040 1209 1091 in
1223 1041 1302 1104 utique
1312 1040 1464 1105 dificultate,
1477 1042 1511 1091 sic
1521 1042 1687 1105 interpretatus
1697 1057 1762 1106 sum,

149 1150 226 1202 neque
235 1135 358 1198 incognito
371 1136 396 1184 et
410 1146 441 1183 ex
456 1131 503 1182 tevi
517 1133 679 1184 admonitione
689 1134 823 1196 perspicuo.
976 1135 1005 1181 ut
1017 1143 1045 1181 ea
1060 1131 1110 1179 sola
1129 1131 1300 1192 explanarem,
1311 1142 1366 1192 quae
1392 1130 1564 1192 incognitarum
1584 1107 1761 1180 artium'disci·

976 1216 1146 1279 plinarumque
1169 1206 1318 1278 ignoratione
1340 1219 1484 1279 tegerentur.
1523 1219 1581 1268 Erat
1608 1219 1673 1268 einim
1695 1232 1761 1268 erro·

977 1303 1072 1365 gantis,
1086 1305 1110 1353 et
1130 1303 1198 1352 reim
1220 1302 1321 1365 ingeniis
1343 1304 1475 1366 legentium
1495 1304 1640 1367 dilhdentis,
1653 1319 1682 1356 ea
1702 1319 1757 1369 quae

978 1393 1101 1441 communi
1113 1391 1394 1453 omniuminteltigeutioe
1409 1394 1531 1454 peterent,
1542 1395 1708 1456 superstitiosa
1726 1395 1762 1442 in·

978 1478 1139 1540 terrogatione
1149 1478 1237 1528 trustra
1251 1483 1367 1529 retexere.
1400 1481 1509 1542 Denique
1522 1481 1553 1531 de
1569 1481 1686 1544 principio
1699 1482 1762 1542 libri,

978 1582 1027 1631 quo
1038 1567 1140 1630 simplex
1148 1568 1253 1617 narratio
1264 1567 1432 1617 continebatur
1443 1581 1523 1618 rerum
1531 1571 1586 1618 aute
1595 1572 1726 1632 gestarum,
1736 1573 1761 1618 et

978 1654 1087 1705 historias
1104 1655 1193 1706 veteris
1212 1654 1352 1716 recensitio,
1367 1654 1425 1704 nihil
1445 1649 1504 1704 dixi.
1538 1656 1661 1706 Rationem
1681 1662 1762 1707 umen

978 1747 1054 1794 totius
1072 1745 1169 1806 operis,
1180 1747 1204 1794 et
1220 1743 1343 1806 scriptoris
1361 1743 1528 1806 propositum,
1542 1745 1568 1794 et
1588 1743 1760 1795 ordinationem
1795 1742 1800 1752 '

368 1319 585 1391 CHALClDll
611 1320 653 1391 V.
681 1321 716 1390 C.

296 1471 339 1530 IN
364 1469 580 1529 PLATONIS
605 1468 788 1529 TlMAEUM

416 1600 669 1650 COMMENTARIUS.

472 1736 601 1747 -ι-ι

181 1854 202 1900 i.
218 1846 702 1898 'timaeusPlatouisareteribnsdilicitis
711 1845 933 1908 hahituseststque

151 1937 304 1987 existimatus
316 1934 346 1984 ed
363 1933 543 1997 intelligendum
564 1947 634 1984 :uon
652 1948 682 1983 ex
700 1932 862 1982 imbecillitate
881 1946 930 1982 ser-

153 2025 234 2074 monis
243 2022 391 2074 ubscuritate
401 2025 473 2084 nata,
488 2021 557 2084 (quid
574 2021 638 2072 enim
652 2010 760 2071 itto‘riro
774 2021 932 2084 promptiusii

146 2113 195 2164 'sed
214 2113 272 2176 quia
292 2113 399 2174 legentes
416 2110 552 2160 arhhmosae
573 2109 684 2170 rationis,
698 2122 754 2171 quae
777 2108 933 2171 operatur'in

151 2198 299 2260 explicandis
321 2210 403 2248 rerum
428 2197 615 2259 questionibus,
635 2209 706 2246 usum
726 2210 774 2246 non
792 2195 932 2246 habebant:

151 2288 199 2337 stili
216 2299 304 2348 genere
315 2287 350 2334 sic
368 2285 487 2345 instituto,
500 2287 527 2333 ut
543 2297 591 2332 uon
604 2285 757 2344 alienigenis,
774 2286 815 2333 sed
830 2284 934 2346 propriis

152 2375 315 2437 questionum
329 2372 519 2435 probationibus,
530 2372 554 2421 id
570 2371 635 2434 quod
649 2372 673 2420 in
687 2374 815 2421 tractatum
824 2378 933 2433 venerat,

152 2455 326 2506 ostenderetur.
359 2452 403 2502 ltls
416 2453 481 2502 enim
495 2452 595 2501 demum
608 2453 674 2502 certa
689 2454 727 2501 est
740 2452 867 2514 probatio,
877 2465 933 2514 quae

152 2542 265 2605 congruis
284 2540 517 2602 accommodatisque
531 2539 662 2589 rationibus
676 2541 823 2603 quaestiones
837 2540 932 2589 revelat.

154 2631 197 2690 tit,
208 2628 229 2677 si
248 2627 280 2677 do
293 2633 359 2676 motu
371 2627 494 2676 stellarum
512 2627 591 2689 atique
608 2627 700 2675 orielrn
712 2627 850 2686 cunctatio,
861 2639 889 2676 ex
906 2639 935 2676 ea

152 2714 293 2777 disciplina,
307 2726 364 2776 quae
380 2711 508 2775 astrologia
523 2713 620 2775 dicitur,
632 2713 744 2762 deruauet
762 2714 873 2765 asserus.
909 2714 951 2763 si·

154 2803 184 2852 de
200 2802 283 2850 tedium
308 2801 432 2862 varietate,
452 2804 477 2850 et
494 2800 524 2849 de
539 2814 585 2860 eo,
604 2803 689 2863 quiex
711 2801 812 2851 diversis
831 2802 935 2852 vocibus

153 2891 271 2951 sonisque
284 2889 400 2949 nascitur,
412 2892 538 2948 concentu,
551 2891 667 2938 tractuus
681 2889 818 2939 habeatur:
836 2891 935 2940 musices

154 2977 266 3028 remediis
282 2978 401 3027 cunctatio
415 2955 531 3041 sopiatur.
563 2980 594 3027 Et
610 2990 708 3040 prorsus
726 2980 838 3028 teneatur
853 2979 878 3029 id
896 2980 934 3029 in·

979 1835 1047 1898 libri,
1059 1833 1204 1885 declaranda
1218 1846 1272 1884 esse
1286 1832 1354 1882 duxi.

1010 1927 1041 1972 v.
1059 1926 1120 1974 llum
1133 1934 1189 1971 curn
1204 1920 1280 1984 pridie
1292 1923 1403 1970 sacratos
1424 1920 1507 1970 dorem
1521 1919 1588 1970 libris
1606 1921 1717 1970 omnihus
1731 1920 1763 1972 dc

979 2011 1110 2075 Republica
1126 2009 1289 2072 disputasset;
1304 2008 1335 2058 ad
1349 2021 1422 2070 quem
1439 2010 1568 2058 tracmtum
1584 2021 1633 2058 non
1648 2021 1678 2059 ex
1698 2009 1763 2078 priu-¹

978 2098 1048 2161 cipali
1060 2109 1145 2156 cause,
1157 2097 1199 2148 sed
1216 2110 1247 2147 ex
1264 2095 1615 2170 consequenti,dasceuderst:
1632 2096 1760 2160 (siquidem

979 2200 1037 2236 curu
1056 2185 1086 2236 de
1105 2183 1197 2247 iustitia
1216 2184 1293 2246 quaeri
1306 2189 1412 2246 creptum
1434 2183 1529 2244 tuimet,
1546 2197 1619 2246 quarn
1638 2183 1762 2234 delinierat

979 2274 1173 2336 Thrasymachus
1184 2276 1274 2332 orator,
1285 2283 1338 2322 eam
1353 2284 1421 2331 esse,
1434 2285 1489 2334 quse
1503 2271 1559 2322 huic
1572 2272 1707 2334 prodesset,
1720 2255 1762 2335 qut

978 2362 1109 2425 plurimum
1127 2364 1205 2423 posset
1222 2379 1229 2410 ι
1244 2361 1355 2409 Socrates
1367 2361 1451 2408 contra
1470 2357 1602 2417 docuisset,
1615 2358 1691 2408 immo
1708 2371 1762 2407 earn
1788 2367 1792 2376 ·

978 2449 1069 2511 potius,
1081 2461 1135 2510 quse
1146 2447 1176 2497 iis
1187 2446 1325 2510 prodesset,
1339 2445 1382 2506 qui
1395 2444 1522 2492 minimum
1532 2447 1656 2507 possent3)
1667 2448 1694 2494 ut
1705 2444 1761 2494 illu-

979 2537 1065 2596 striore
1084 2536 1193 2584 uteretur
1212 2535 1337 2596 exemplo,
1356 2534 1376 2581 si
1392 2544 1445 2582 eam
1459 2545 1509 2582 uon
1529 2533 1553 2582 in
1570 2532 1641 2581 unius
1659 2533 1763 2582 hominis

977 2625 1087 2688 ingenio,
1107 2623 1149 2674 sed
1167 2623 1192 2673 in
1216 2623 1282 2673 urbis
1302 2620 1403 2683 alicujus
1423 2620 1547 2684 populosae
1567 2621 1699 2682 trequentia
1722 2635 1763 2682 po·

979 2713 1058 2777 putari
1067 2712 1212 2761 scrutaretur
1223 2730 1229 2760 ι
1239 2710 1369 2772 imaginem
1378 2709 1498 2770 quandam
1508 2707 1616 2770 depinxit
1624 2707 1698 2768 urbis,
1706 2720 1763 2770 quse

978 2801 1052 2864 justis
1070 2799 1178 2849 moribus
1196 2797 1358 2859 institutisque
1376 2797 1547 2857 regeretur;et
1563 2795 1715 2846 conuenienti
1729 2795 1760 2844 le·

979 2889 1049 2950 gibus
1062 2887 1175 2937 ielicitete
1189 2885 1307 2936 teneretur
1321 2905 1326 2932 :
1340 2885 1439 2944 contra,
1450 2882 1514 2944 quod
1526 2881 1546 2932 si
1555 2882 1652 2945 quando
1661 2883 1762 2944 degene-

979 2980 1058 3027 resset
1076 2978 1107 3027 ab
1121 2976 1254 3036 institutis,
1266 2986 1338 3037 quum
1363 2975 1512 3036 improspera
1529 2974 1591 3022 esset
1610 2972 1633 3021 ei
1657 2971 1761 3025 civitati.

154 3066 276 3127 stitutum,
289 3066 354 3128 quod
364 3079 379 3114 a
389 3066 541 3128 peritissimis
552 3065 650 3115 modieis
664 3078 836 3130 usquequaque
850 3067 934 3117 obser-

153 3154 206 3205 rsri
219 3154 288 3215 solet,
302 3167 358 3203 carn
370 3168 415 3215 pro
431 3157 519 3203 natura
534 3155 660 3203 vulnerum
671 3154 759 3203 auxilia
773 3154 933 3205 medicamen·

151 3246 232 3296 torum
250 3242 364 3294 adhibent
377 3243 402 3291 iu
417 3242 543 3293 medendo.
980 3243 1102 3295 rideretur
1114 3254 1166 3291 essa
1174 3240 1274 3301 iustitia,
1286 3252 1342 3302 quae
1356 3240 1494 3288 uersaretur·
1513 3238 1537 3287 in
1549 3236 1621 3287 rebus
1633 3236 1759 3297 bumauis;

183 3336 215 3385 ll.
232 3337 262 3388 ln
279 3335 325 3383 hoc
346 3344 418 3395 porro
435 3331 496 3381 libro
515 3344 573 3381 curn
588 3330 619 3381 de
634 3333 699 3382 statu
717 3334 802 3395 agetur
816 3332 935 3385 uniuersae
978 3333 1115 3397 superesset
1136 3331 1231 3391 autem,
1254 3331 1281 3380 ut
1308 3326 1423 3377 naturalis
1450 3325 1572 3388 requitatis
1602 3326 1669 3374 heret
1694 3324 1763 3372 inve·

141 3422 200 3483 rei,
213 3423 373 3483 omniumque
384 3434 482 3480 eorum,
493 3432 548 3481 quse
559 3418 666 3469 muudus
678 3421 854 3484 complectitur,
864 3435 935 3471 causa
980 3419 1085 3483 stigatio,
1099 3418 1171 3480 hujus
1192 3416 1253 3467 tauti
1272 3414 1351 3479 operis
1374 3414 1503 3473 ellectum,
1518 3411 1582 3475 quod
1601 3410 1696 3472 ingenio
1716 3420 1761 3457 srio

152 3510 177 3558 et
186 3510 247 3557 ratio
256 3511 385 3573 praestetur
396 3520 508 3557 :necesse
518 3506 670 3567 luitnotus,
681 3509 706 3557 et
719 3508 809 3569 radas,
818 3509 935 3560 exsistere
979 3511 1071 3561 diceret
1081 3519 1224 3568 onerosum,
1237 3506 1347 3555 Socrates
1361 3504 1467 3563 Timaeo,
1478 3507 1503 3551 et
1514 3500 1608 3559 critias,
1618 3500 1643 3548 et
1659 3499 1762 3547 lleruio·

152 3594 315 3658 quaestiones,
334 3593 364 3643 de
383 3593 460 3655 planis
477 3594 573 3656 liguris,
586 3594 617 3644 de
634 3593 717 3645 solidis
738 3595 892 3658 corporibus,
905 3595 936 3646 de
979 3597 1054 3659 crati,
1069 3594 1226 3657 delegandum
1243 3590 1338 3655 putarit
1358 3604 1364 3632 τ
1384 3594 1457 3651 atque
1476 3588 1509 3636 illi
1527 3598 1616 3635 munus
1628 3584 1762 3645 iniunctum

153 3680 350 3743 incorporatione
364 3681 451 3729 enimse
472 3654 616 3732 viviticautis
630 3681 742 3733 sensilem
758 3682 878 3731 muudum
885 3699 893 3744 ;
906 3683 936 3733 d'e
979 3684 1129 3747 receperunt.
1162 3684 1198 3729 lix
1212 3692 1261 3742 quo
1279 3680 1391 3741 apparet,
1407 3678 1431 3725 in
1453 3675 1500 3724 troc
1523 3673 1585 3722 libro
1602 3672 1764 3736 principaliter

155 3774 222 3817 motu
239 3768 306 3831 ejus,
319 3770 344 3817 et
359 3767 489 3830 agitatione
508 3771 637 3831 perpetua,
651 3770 682 3820 de
702 3770 826 3821 stellarum
845 3770 935 3823 discur·
980 3773 1043 3823 illud
1064 3772 1117 3832 agi,
1133 3767 1359 3830 contemplationem
1378 3762 1641 3824 considerationemque
1657 3761 1763 3823 institui,

154 3855 304 3917 sibus,ratis
312 3860 335 3905 el
343 3856 487 3906 errantibus.
520 3858 621 3907 (iunctis
629 3859 747 3907 cenarum
756 3858 934 3921 disciplinarum
980 3874 1029 3909 non
1040 3859 1165 3922 positive,
1178 3855 1219 3905 sed
1229 3852 1344 3903 naturalis
1355 3850 1541 3913 illiusjustitim,
1551 3854 1624 3912 alque
1632 3849 1761 3913 requitatis,

154 3942 320 3993 artificialibus
348 3942 461 3993 remediis
488 3944 662 3994 occurrendum
680 3947 744 4007 erat,
764 3946 935 4005 arithmeticis,
980 3960 1037 4011 qum
1051 3945 1165 4008 scriptam
1180 3938 1354 3992 constituendis
1367 3938 1694 4002 legibus,describendisque
1713 3937 1762 3985 ior·

153 4030 330 4094 astronomicis,
335 4031 496 4094 geometricis,
505 4032 673 4095 musicisrquo
686 4034 788 4097 singulus
801 4048 839 4084 res
850 4034 935 4085 donne·
980 4036 1065 4096 mulis,
1075 4033 1160 4083 tribuit
1175 4046 1206 4083 ex
1217 4030 1320 4095 genuina
1330 4028 1496 4079 moderatione
1506 4026 1675 4077 substantiam.-
1707 4028 1764 4075 Per·

154 4120 231 4181 sticis,
239 4122 263 4169 et
269 4120 590 4182 consanguineisretionibus
597 4121 781 4184 explicarentur.
787 4122 935 4185 ideoqueiis,
979 4124 1084 4186 indeque
1098 4123 1126 4171 ut
1141 4121 1265 4183 Socrates,
1278 4130 1334 4169 cnm
1352 4116 1484 4179 deiustitia
1499 4116 1641 4177 dissereret,
1654 4126 1702 4177 qua
1717 4113 1763 4163 bo·

128 4207 458 4271 ‘quiinarlitieialiumnsu
471 4209 766 4273 uoniuerant,tanquans
775 4210 935 4273 alienigenum
980 4213 1057 4263 mines
1079 4212 1190 4273 utuntur,
1212 4206 1308 4257 induxit
1330 4205 1433 4268 elligiern
1457 4204 1535 4253 civilis
1557 4200 1709 4264 reipublicae,
1731 4200 1763 4248 ite

153 4298 754 4363 sermonemiguorantibusminimeprobabantur.
787 4304 863 4351 Porro
873 4301 936 4363 aliis,
979 4300 1086 4349 Timeus
1107 4296 1232 4347 Locrensis
1253 4306 1282 4345 ex
1304 4293 1444 4357 Pythagora
1464 4289 1600 4353 magisterio
1612 4286 1764 4337 astronomia

152 4386 194 4447 qui
206 4399 279 4435 nusrn
292 4385 397 4448 aliquam
416 4399 445 4435 ex
465 4385 599 4449 disciplinis
618 4388 823 4451 perceperant,id
841 4389 934 4451 solum,
980 4401 1077 4453 quoque
1095 4386 1229 4450 disciplinas
1249 4384 1353 4447 perlecta
1374 4381 1478 4445 peritus,
1497 4392 1552 4430 eam
1570 4377 1764 4441 iustitiamque

152 4474 219 4535 quod
229 4473 350 4533 sciebant,
362 4476 588 4536 recognoscentibus
600 4476 761 4538 probabatur;
771 4479 858 4527 cetera
870 4477 937 4539 iguo·
979 4475 1092 4526 diuinum
1104 4486 1181 4537 genus
1193 4473 1321 4525 adversum
1334 4482 1361 4519 se
1372 4470 1448 4519 ulitur
1456 4468 1482 4517 in
1495 4466 1578 4517 ruundi
1589 4466 1661 4525 huius
1671 4464 1764 4514 sensilis

152 4560 253 4609 rationis
265 4561 369 4609 obscuro
382 4560 497 4610 latebant.
980 4566 1005 4616 et
1013 4563 1086 4613 veluti
1094 4562 1199 4626 quadam
1208 4557 1396 4610 communiurhe
1405 4568 1434 4606 sc
1442 4552 1573 4618 republica,
1583 4550 1762 4615 voluitlnquiri.
1809 4600 1814 4609 ,

183 4651 227 4699 lll.
244 4651 282 4698 Ex
295 4662 344 4712 quo
359 4653 467 4711 apparet,
482 4650 529 4699 boo
543 4664 605 4715 opus
619 4651 666 4701 iilis
682 4651 859 4715 propemodum
877 4652 936 4702 solis
1011 4654 1066 4702 vil.
1084 4654 1154 4701 ltuuc
1165 4648 1283 4699 ordinatio
1294 4647 1348 4696 libri
1359 4647 1384 4695 et
1395 4645 1485 4706 species
1499 4641 1625 4693 revelanda
1641 4642 1685 4691 est.

152 4736 302 4787 elaboratum
314 4750 381 4800 esse,
393 4750 422 4787 ac
434 4738 524 4800 rideri,
534 4739 576 4802 qui
589 4740 677 4791 ineunt
695 4741 720 4789 in
733 4740 843 4790 omnium
853 4741 935 4803 huius·
1012 4744 1032 4792 1.
1050 4738 1173 4799 queutnr
1184 4738 1262 4800 primo
1274 4736 1304 4785 de
1317 4734 1425 4796 genitura
1438 4731 1530 4781 mundi.

153 4824 220 4873 modi
242 4825 405 4874 scientiarium
431 4840 491 4889 usn,
509 4830 582 4891 atque
604 4826 792 4888 exercitatione,
815 4830 905 4879 uersati
928 4844 935 4878 ε
1013 4831 1043 4879 tl.
1061 4827 1154 4877 Deirinc
1165 4826 1196 4875 de
1207 4828 1261 4876 ortu
1275 4822 1371 4873 anime.

152 4923 285 4974 quoscum
306 4915 428 4974 oporteret
442 4917 534 4965 tanum
557 4916 663 4965 suenum
682 4915 849 4969 claritudinem
868 4929 936 4967 oom-
1012 4919 1057 4967 Ill.
1074 4918 1138 4966 Tum
1153 4914 1182 4964 de
1197 4911 1371 4971 modulatione,
1386 4909 1439 4961 sire
1451 4906 1584 4958 harmonia.

139 5000 277 5049 ,munitate
289 5012 346 5048 cum
357 5001 463 5064 caeteris,
475 5002 579 5053 intelicis
592 5003 691 5053 iuridise
706 5002 841 5053 detestabili
855 5004 937 5055 rostri
1014 5008 1054 5054 lv.
1073 5006 1108 5054 lie
1120 5001 1233 5053 uumeris.

153 5090 246 5151 ctione,
269 5089 342 5151 larges
366 5088 524 5143 beatitudinis
544 5092 661 5144 lusionem
687 5092 936 5170 incommunicabilem
1012 5095 1044 5142 V.
1061 5092 1097 5141 Do
1117 5090 1194 5141 stellis
1215 5088 1285 5150 ratis,
1302 5089 1327 5139 et
1342 5088 1491 5149 errantibus3
1507 5085 1532 5136 in
1548 5095 1650 5147 quarum
1664 5093 1764 5131 numam

154 5189 263 5238 peumse
276 5177 435 5231 retinuerunt.
982 5179 1019 5229 sol
1031 5178 1101 5231 eliam
1116 5168 1269 5229 constituitur
1280 5178 1306 5228 et
1317 5178 1383 5230 lune.

980 3077 1103 3130 quamque
1117 3063 1259 3122 exibebitis,
1273 3063 1375 3114 mutabo
1389 3074 1484 3111 suorum
1497 3062 1585 3110 lutura.
1731 3111 1741 3129 .

1010 3153 1145 3217 valgiter
1166 3165 1222 3202 cum
1244 3151 1335 3200 inillis
1355 3151 1422 3200 libris
1440 3149 1555 3213 quesita,
1570 3153 1643 3212 etque
1664 3148 1762 3199 inventa
