3959 5925
761 372 1008 433 retensum
1030 374 1161 435 vente.
1701 385 1751 437 ιιι
1768 340 1773 350 ’

148 511 209 591 (τὴν
225 506 349 586 ζημίαν),
366 521 461 566 tamen
471 506 586 584 justitia
599 506 662 585 ipsa
672 526 732 564 non
749 506 788 563 sit
801 504 930 582 reliqua·
977 506 1121 582 exllagn.
1131 506 1235 567 llloral.
1254 507 1266 564 l
1282 528 1345 585 cap.
1360 528 1416 580 27:
1430 508 1658 587 μεγαλοπρέπειαν
1669 506 1698 566 δὲ
1709 531 1757 586 με·

149 620 213 659 rum
238 598 377 656 virtutem
401 595 494 653 instar
517 595 717 669 mediocritas,
742 595 793 655 sed
816 606 929 653 tantum
978 594 1077 669 σότητα
1091 597 1242 664 ἀλαζονείας
1256 596 1302 654 καὶ
1321 594 1535 675 μικροπρεπείας·
1548 595 1654 674 νέμεσιν
1666 597 1694 656 δὲ
1711 620 1757 675 με·

147 700 290 765 quatenus
311 683 440 741 medium
471 695 565 741 teneat
593 684 669 741 inter
693 683 867 761 injustitiam
893 680 929 739 ab
977 684 1076 758 σότητσ
1095 686 1230 764 φθονερίας
1249 684 1295 743 καί
1311 684 1538 765 ἐπιχαιρεκακίας.
1561 686 1677 765 Quippe
1695 688 1759 747 Ασί.

147 783 361 852 utraqueparte
372 770 547 849 oppositam.
558 770 607 829 Sic
616 770 694 828 enim
707 771 802 829 Ethic.
812 769 846 841 V,
861 790 879 846 9
891 790 897 824 ι
911 774 928 839 ἡ
977 767 1079 824 stotele
1089 764 1192 842 judice
1201 767 1222 825 l.
1235 786 1260 825 c.
1276 763 1380 840 νέμεσις
1389 778 1433 823 est
1442 764 1594 844 περίάγαθλι
1604 765 1621 823 ἃ
1632 766 1758 845 τυγχάνει

95 932 97 935 ¹
148 860 175 920 δὲ
195 858 346 930 δικαιοσύνη
363 857 475 933 μεσότης
491 856 598 916 ἰστίνοίι
612 858 657 917 τὸν
674 858 751 917 αὐτὸν
766 858 859 938 τρόπον
874 866 930 924 ταῖς
976 854 1132 934 ὑπάρχοντα
1151 852 1248 933 ἀναξίῳ
1264 854 1319 913 ὄντι
1339 853 1410 925 λύπη
1426 877 1475 920 τις·
1501 852 1603 929 ltaque
1622 854 1759 917 Heerenii

147 950 272 1031 πρότερον
289 949 409 1027 ἀρεταῖς,
432 945 491 1004 ἄλλ’
505 944 544 1004 ὅτι
564 944 644 1022 μέσον
659 946 729 1005 ἐστίν
741 991 749 1018 ,
769 950 786 1016 ἡ
800 946 827 1003 δὲ
840 944 929 1003 ἀδικία
975 942 1108 1020 exemplo
1120 942 1181 1001 ltaec
1191 944 1313 1003 inserui.
1328 975 1365 986 -
1378 940 1417 976 ²⁷⁴
1430 941 1559 1019 Reposui
1571 942 1708 1009 κολακείας
1721 962 1759 1004 ex

146 1042 197 1097 τῶν
223 1037 321 1117 ἄκρων,
346 1035 484 1108 Quamvis
503 1034 600 1111 igitur,
616 1034 687 1112 quid
715 1036 851 1093 omissum
878 1035 923 1102 sit,
975 1032 1095 1092 Aristot.
1111 1030 1209 1108 lllagn.
1224 1030 1328 1089 llloral.
1344 1035 1369 1102 1,
1383 1031 1436 1103 523
1448 1031 1534 1089 codd.
1548 1031 1753 1104 καλοκαγαθίας.

148 1128 233 1186 facile
265 1122 423 1200 conjicias,
452 1135 547 1191 tamen
576 1125 708 1181 lacunam
733 1123 852 1201 explere
881 1142 929 1180 no·
975 1118 1177 1198 comparanda
1191 1133 1285 1179 autem
1299 1131 1367 1179 sunt
1380 1138 1446 1177 cunt
1464 1118 1510 1176 his
1524 1132 1585 1177 tum
1598 1119 1753 1195 superiora

92 1242 98 1251 ·
146 1216 197 1275 lui.
213 1248 251 1259 -
261 1211 300 1248 227
313 1208 429 1269 Ροσιιίὃ
444 1210 496 1282 δεῖ,
510 1210 597 1269 codd.
611 1200 632 1291 ᾧ
647 1211 696 1270 δεῖ.
712 1210 800 1257 -222
816 1209 929 1269 lnserui
975 1206 1538 1287 tumquaeStagiriteslllagn.lllorlcap.
1550 1205 1754 1273 ar·34d'esin-

147 1303 239 1363 rerba
254 1298 313 1359 οὔτε
326 1297 370 1356 τὸν
385 1297 428 1356 ἐπὶ
452 1298 544 1374 μηδενί
566 1296 741 1377 ὀργιζόμενον.
765 1332 806 1345 -
823 1298 863 1335 ²⁶⁶
878 1299 929 1359 La·
974 1296 1053 1371 gulis
1064 1297 1224 1355 virtutibus
1233 1297 1329 1354 dedita
1339 1313 1428 1373 opera
1439 1294 1660 1353 disseris—²⁷⁵
1670 1296 1756 1357 Edidi

147 1410 251 1451 cunam
267 1408 333 1447 cum
355 1386 499 1453 lleerenjo
521 1388 636 1465 explevi
653 1401 681 1445 et
703 1386 873 1469 ἀπροαίρετον
896 1390 928 1447 in
974 1403 1012 1442 ex
1027 1385 1162 1444 lleerenii
1177 1384 1346 1462 conjectura
1358 1387 1384 1442 ἐν
1399 1382 1619 1462 xatvoviqr31ibt·i
1634 1382 1690 1442 ὅθεν
1702 1408 1757 1444 κοι-

147 1475 325 1559 ἀπροαιρέτως
338 1474 468 1546 mutari,
485 1494 576 1551 qaum
590 1474 827 1537 membranarum
842 1477 928 1534 lectio
976 1471 1068 1535 νωνία.
1077 1507 1118 1519 -
1131 1473 1170 1509 277
1182 1474 1294 1551 Scripsi
1309 1473 1449 1531 καὶταῦτα
1467 1471 1514 1546 μὲν
1526 1470 1585 1552 περὶ
1597 1476 1644 1544 τῆς
1655 1477 1756 1534 οἰκονο-

145 1566 204 1626 οὕτε
214 1566 257 1624 τὸν
267 1559 448 1643 προαιρετικὸν
461 1560 529 1621 ἀλλά
539 1560 583 1619 τὸν
599 1564 770 1643 ἀπροαίρετον
786 1565 856 1624 fetri
869 1585 927 1623 non
974 1564 1053 1636 μικῆς
1066 1562 1192 1640 εἰρημένα
1207 1561 1328 1639 άπόχρη;
1342 1562 1374 1619 in
1388 1559 1541 1619 codicibus
1555 1580 1644 1649 manta
1658 1582 1757 1624 exara·

145 1668 253 1735 posset.
277 1685 318 1696 -
339 1649 379 1685 227
400 1647 614 1708 ἰίντακολοοθίαν
637 1653 775 1729 intelligit
795 1666 926 1711 mutuum
975 1650 1012 1707 tis
1025 1662 1090 1727 post
1099 1650 1248 1720 καπηλικῆς
1259 1650 1332 1707 nihil
1344 1649 1452 1724 legitur
1464 1649 1522 1706 nisi
1535 1647 1652 1728 ἀπόχρη.
1667 1651 1755 1697 --270

145 1746 287 1803 virtutum
304 1738 473 1797 comitatum
492 1757 557 1814 quae
572 1757 630 1795 non
654 1740 689 1798 ad
706 1741 797 1798 animi
814 1753 926 1819 partem
972 1736 1115 1795 Similiter
1138 1736 1308 1795 Aristoteles
1330 1736 1418 1795 Polit.
1441 1734 1493 1797 lib.
1516 1737 1532 1793 3
1555 1756 1617 1815 cap.
1646 1759 1659 1795 1
1680 1759 1688 1799 :
1707 1763 1757 1799 πσ-

146 1832 259 1891 ratione
276 1840 420 1885 carentem
437 1825 573 1902 ipsasque
584 1826 823 1905 perturbationes
839 1829 928 1906 perti·
972 1823 1046 1894 λίτης
1057 1826 1080 1882 δ’
1092 1825 1182 1890 ἁπλῶς
1193 1825 1276 1884 olitis
1291 1827 1342 1882 τῶν
1356 1824 1442 1882 ἄλλων
1454 1822 1566 1901 ὁρίζεται
1581 1824 1707 1900 μθλλονῆ
1717 1831 1755 1910 τῷ

145 1933 232 1989 nent,
255 1915 306 1974 scd
331 1914 367 1972 ad
382 1926 492 1991 partem
515 1913 628 1971 ratione
650 1916 799 1994 praeditam
816 1916 848 1975 in
870 1937 927 1994 qua
973 1912 1093 1991 μετέχειν
1108 1911 1217 1992 κρίσεως
1226 1912 1271 1969 καί
1281 1910 1477 1992 ἀρχῆς-277
1493 1910 1615 1971 destitui
1626 1919 1756 1989 νομοθετι·

145 2006 299 2087 prudentia
314 2003 492 2061 dominatur.
510 2000 554 2058 lta
567 2021 638 2060 vero
652 2005 839 2082 prudentiae
857 2007 926 2064 reli·
973 2000 1019 2059 κὸν
1034 2000 1071 2073 δέ,
1084 2002 1114 2060 τὸ
1125 2000 1187 2080 περὶ
1200 2000 1248 2068 τὴν
1263 2001 1331 2061 θέσιν
1346 2005 1442 2059 καινῶν
1453 2002 1552 2078 νόμων,
1568 2001 1702 2061 πολιτικὸν
1714 2003 1754 2078 δι’,

144 2096 210 2173 quis
224 2090 380 2150 virtutibus
395 2088 558 2147 moralibus
572 2090 682 2163 differt,
704 2106 838 2171 utquam
861 2096 926 2171 ipsa
971 2090 1061 2161 τὸτῆς
1079 2088 1180 2156 πολεως
1201 2088 1373 2161 διαιτητικόν,
1399 2090 1573 2169 στρατηγικὸν
1593 2090 1633 2162 δέ,
1651 2088 1682 2147 τὸ
1695 2092 1756 2171 περὶ

145 2182 306 2240 necessario
321 2198 373 2237 sua
388 2192 490 2236 natura
513 2177 575 2236 illis
590 2199 686 2237 eomes
707 2181 866 2253 adhaereat,
883 2202 926 2240 re·
971 2179 1018 2248 τλν
1032 2176 1152 2255 θεωρίαν.
1172 2177 1243 2237 Nam
1260 2179 1293 2237 in
1310 2176 1398 2236 libris
1413 2178 1633 2256 manuscriptis
1652 2178 1757 2237 lacuna
1828 2246 1832 2255 Ι

144 2272 231 2348 liquae
246 2266 429 2346 prudentiam
445 2284 509 2342 quae
523 2266 633 2325 nullius
647 2269 834 2345 auxilioeget
851 2271 926 2329 sorte
971 2281 1017 2326 est
1032 2269 1109 2325 inter
1122 2266 1287 2341 νομοθετικὸν
1304 2266 1333 2323 δέ
1347 2281 1377 2325 et
1389 2266 1420 2324 τὸ
1436 2268 1497 2349 περὶ
1509 2264 1556 2338 τὴν
1574 2262 1704 2346 θεωρίαν,Ι
1714 2268 1755 2327 ita

147 2360 262 2416 fortuna
272 2368 380 2413 tantum
398 2354 582 2412 comitentur.
597 2388 638 2399 -
649 2354 689 2391 272
702 2355 787 2415 Cous.
802 2359 922 2423 Aristot.
971 2368 1004 2414 ut
1015 2359 1060 2413 τοῦ
1075 2359 1243 2431 νομοθετικοῦ
1258 2355 1341 2413 etro&
1352 2357 1489 2414 πολιτικοῦ
1504 2354 1688 2413 definitiones
1698 2355 1750 2414 de-

147 2446 228 2503 llhet.
240 2442 292 2501 lib.
304 2442 332 2499 ll
347 2462 408 2519 cap.
419 2462 447 2511 7.
460 2474 501 2486 -
513 2440 551 2477 ²⁰⁰
561 2441 685 2502 Restitui
699 2443 750 2503 εἴτε
763 2446 926 2523 βασιλεῖθέσι
972 2443 1146 2503 siderentur.
1162 2475 1203 2488 —
1220 2442 1260 2478 ²⁷⁸
1289 2441 1416 2521 lleposui
1440 2440 1638 2520 μονιμωτέρατ;
1664 2443 1750 2502 codd.

147 2532 293 2609 συμὸιοῖιν,
308 2530 392 2589 codd.
413 2518 458 2587 εἶτ’
478 2529 521 2586 ἐπὶ
541 2530 645 2608 βασιλεῖ
660 2532 712 2589 δέοι
732 2532 922 2607 συμὸιοῦν,-
972 2528 1176 2611 μονιμωτέρους.
1193 2530 1242 2589 Sic
1263 2531 1341 2588 enirn
1357 2531 1527 2590 Aristoteles
1541 2529 1629 2591 Polit.
1644 2530 1698 2589 lib.
1715 2531 1754 2589 lV
1839 2600 1842 2605 Ι

144 2622 183 2658 aro
194 2622 338 2697 Diogenes
351 2618 483 2677 Laertius
497 2618 551 2678 lib,
565 2619 598 2691 V,
610 2621 643 2676 31
659 2641 665 2677 :
679 2618 724 2677 καί
736 2622 926 2702 ἐρσσθήσσσθσσ
970 2638 1036 2696 cap.
1053 2639 1088 2676 ιο
1102 2618 1174 2699 :dorp
1186 2619 1210 2676 δ’
1226 2615 1258 2677 ἂν
1274 2618 1380 2693 dpereat
1392 2622 1408 2688 ἡ
1424 2617 1543 2676 πολιτεία
1558 2623 1654 2697 μιχθῇ,
1664 2618 1754 2678 τοσοιί.

145 2710 172 2768 δὲ
183 2710 225 2767 τὸν
240 2706 330 2787 σορόν,
341 2706 386 2765 καὶ
399 2707 613 2778 πολιτεύσεσθαι,
626 2708 757 2786 γαμήσειν
769 2733 798 2767 τε
814 2708 865 2786 μὴν
879 2715 923 2772 καί
970 2730 1009 2786 etp
1023 2706 1199 2787 μονιμωτέρα.
1214 2705 1314 2784 Neque
1327 2707 1405 2765 enim
1418 2721 1490 2785 puto
1504 2707 1566 2765 lore
1579 2708 1631 2785 qui
1642 2706 1692 2766 bie
1706 2716 1755 2784 μοί

112 2820 115 2831 ’
143 2799 247 2875 βασιλεῖ
262 2794 420 2870 συμὸιῶναι.
437 2827 477 2839 -
492 2793 528 2829 ²⁷¹
545 2796 690 2871 Diogenes
712 2795 845 2857 Laertius
868 2801 919 2863 lib.
969 2796 1127 2873 νιμωτέρους
1142 2795 1298 2854 defendant
1311 2796 1446 2872 analogia
1460 2797 1588 2873 exempli
1606 2796 1754 2876 Thucydi·

141 2874 175 2957 V,
191 2887 225 2943 31
239 2870 325 2962 :diter
340 2906 368 2939 τε
379 2886 457 2962 τριῶν
469 2881 561 2962 ὄντοιν,
575 2889 746 2962 θεωρητικοῦ,
763 2895 923 2965 πρακτικοῦ,
970 2885 1018 2943 dei
1031 2883 1084 2942 lib.
1098 2884 1121 2940 V
1134 2904 1199 2963 cap.
1219 2906 1284 2957 110,
1297 2882 1458 2963 άπονῶτερος
1471 2888 1488 2954 ἡ
1503 2884 1596 2965 λῆψις,
1605 2885 1650 2942 νέί
1666 2886 1752 2946 simi-

139 2977 282 3046 ἡδονικοῦ,Ι
303 2973 346 3031 τὸν
381 2971 538 3050 θεωρητικὸν
568 2971 719 3050 προέκρινε,
747 2972 799 3032 ubi
825 2975 923 3036 obser·
969 2974 1042 3032 lium
1056 2993 1120 3050 quae
1142 2993 1207 3031 rara
1221 2985 1289 3052 sunt
1303 2973 1334 3030 in
1347 2974 1443 3032 soluta
1460 2973 1595 3032 oratione
1609 2995 1643 3032 ac
1656 2978 1752 3052 poetis
1806 3024 1808 3027 -

140 3061 268 3120 randum
278 3058 322 3117 τὸν
336 3059 453 3128 ἡδονικὸν
471 3056 526 3136 βίον
540 3059 599 3116 dici
617 3061 668 3135 qui
676 3057 725 3118 hic
733 3062 923 3132 ἀπολαυστικός
968 3063 1170 3140 relinquenda.
1183 3061 1272 3107 -272
1283 3061 1369 3120 Edidi
1380 3053 1568 3121 eGaissordii
1582 3062 1753 3140 conjectura

140 3149 319 3228 appellatur,
342 3160 370 3204 et
395 3148 472 3224 apud
493 3146 681 3205 Aristotelem
706 3148 772 3208 Eth.
806 3150 921 3213 Nicom.
969 3149 1149 3223 dirasslibri
1161 3149 1350 3217 ebrae-²⁸⁰
1361 3151 1446 3221 Quod
1462 3149 1666 3229 bicDidymus
1678 3154 1751 3213 olim

141 3239 193 3310 l,3
212 3259 218 3295 :
235 3234 326 3312 τὀγάρ
345 3232 441 3310 ἀγαθὸν
462 3233 506 3291 καὶ
520 3231 567 3302 τὴν
582 3234 747 3310 εὐδαιμονίαν
762 3237 808 3294 οὐκ
823 3238 922 3316 ἀλόγως
955 3229 1047 3317 ¹apud
1073 3239 1220 3317 AEgyptios
1240 3240 1385 3317 majorum
1404 3241 1539 3298 instituto
1559 3239 1635 3298 bene
1657 3261 1691 3299 ac
1706 3263 1751 3302 sa·

140 3323 253 3382 ἐοίκασιν
264 3323 294 3379 έκ
307 3324 359 3378 τῶν
376 3318 439 3398 βίων
457 3319 653 3395 ίιπολαμίίοίνειν
668 3327 692 3380 ol
708 3322 756 3398 μὲν
770 3325 862 3384 πολλοί
878 3328 921 3387 καί
968 3329 1084 3405 pienter
1097 3341 1246 3405 receptum
1265 3328 1353 3386 luisse
1367 3328 1422 3394 ait,
1443 3341 1475 3386 ut
1488 3328 1672 3405 privatorum
1694 3330 1751 3387 ho·
1803 3340 1807 3352 “

139 3410 326 3491 ρορτικώτατοι
341 3409 388 3481 τὴν
413 3407 521 3486 ἡδονήν,
539 3409 579 3468 διὸ
595 3410 641 3467 καί
655 3411 699 3468 τὸν
718 3411 775 3486 βίον
798 3415 921 3492 ἀγαπῶσι
968 3416 1079 3475 minum
1094 3417 1157 3492 agri
1169 3417 1277 3495 partim
1291 3415 1454 3475 suburbani
1464 3429 1577 3487 essent,
1589 3418 1695 3494 partim
1710 3417 1748 3476 ab

139 3498 182 3556 τὸν
194 3497 395 3556 ἀπολαυστικόν.
413 3498 439 3555 Τ
442 3499 492 3575 ρεῖς
505 3495 555 3576 γάρ
566 3497 615 3554 είσι
628 3497 744 3573 μάλιστα
756 3503 779 3558 ol
790 3501 919 3583 προῦχον·
967 3502 1041 3562 urbe
1055 3504 1160 3562 remoti
1181 3523 1189 3562 ι
1215 3504 1245 3562 id
1268 3505 1391 3562 fortasse
1411 3504 1443 3561 in
1464 3503 1624 3582 ¹deperdito
1647 3505 1748 3581 aliquo

138 3611 196 3661 τες,
212 3585 322 3644 ὅτενῦν
343 3581 478 3661 εἰρημένος
496 3584 542 3642 καὶ
562 3588 576 3642 ὁ
596 3585 728 3653 πολιτικὸς
743 3587 787 3646 καί
805 3591 918 3669 τρίτοςὸ
968 3592 1134 3651 Aristotelis
1156 3611 1245 3670 opere
1273 3593 1414 3670 repperit.
1444 3591 1532 3668 Apud
1568 3591 1747 3649 Herodotum

137 3673 302 3753 θεωρητικός.
321 3673 377 3732 Sed
389 3673 557 3732 Aristoteles
572 3674 704 3733 πολιτικὸν
717 3676 773 3754 βίον
788 3686 921 3742 essevult
967 3693 1047 3738 certe
1071 3680 1202 3756 aliosque
1222 3681 1381 3756 scriptores
1400 3680 1451 3755 qui
1478 3679 1681 3756 AEgyptiorum
1701 3699 1748 3738 res

138 3764 189 3840 qui
205 3762 361 3840 aDitlymo
375 3760 519 3840 πρακτικός
535 3763 713 3824 nominatur.
729 3797 770 3810 --
781 3764 820 3801 272
835 3768 919 3830 Edidi
967 3768 1111 3826 autlatius
1121 3768 1357 3845 perscripserunt
1373 3780 1423 3825 aut
1436 3767 1502 3825 data
1518 3768 1671 3826 occasione
1683 3771 1747 3828 atti·

137 3852 312 3922 Hee1·enium
331 3869 435 3925 magna
454 3869 490 3907 ex
511 3863 592 3926 parte
610 3859 725 3910 secutus
747 3851 794 3924 τὴν
812 3854 839 3912 δὲ
857 3855 917 3936 τέχ·
966 3869 1087 3931 gerunt,
1103 3856 1177 3913 nihil
1195 3855 1364 3934 hujusmodi
1379 3857 1496 3932 legitur.
1511 3855 1597 3902 —²⁶¹
1614 3859 1686 3928 Quae
1695 3860 1747 3919 Di·

137 3963 183 4010 νην
208 3937 254 3996 καλ
270 3937 421 4012 ἐπιστήμην
444 3935 489 3995 καὶ
509 3936 552 3994 τον
573 3943 634 3996 νοῦν
655 3937 742 4011 κοινὴν
763 3940 914 4026 ἀκρότητρ;
964 3946 1070 4022 dymus
1095 3945 1131 4003 de
1158 3945 1310 4023 republica
1332 3946 1388 4004 lroc
1414 3949 1508 4024 capite
1536 3948 1683 4024 disputat,
1713 3970 1748 4008 ea

137 4026 222 4085 codd.
240 4025 287 4098 τὴν
309 4024 337 4084 δέ
365 4023 454 4096 κοινὴν
471 4024 516 4082 καὶ
541 4029 586 4082 τοῦ
609 4028 812 4103 ἐπιστημονικοῦ
830 4031 918 4104 κοινὴν
965 4053 1097 4110 magnam
1112 4047 1222 4112 partem
1235 4036 1419 4095 consentiunt
1433 4057 1498 4094 cum
1514 4036 1658 4110 Stagiritae
1671 4056 1747 4114 prae-
1772 4037 1776 4044 ’

136 4114 282 4192 ἀκρότητα,
310 4112 395 4174 Conf.
423 4114 544 4172 Aristot.
564 4113 657 4176 Ethic.
678 4116 792 4175 Nicom.
811 4117 864 4177 lib.
881 4119 918 4178 vt
964 4122 1055 4200 ceptis
1071 4123 1118 4179 vel
1137 4123 1253 4201 potius,
1269 4123 1295 4180 si
1310 4142 1327 4179 a
1341 4123 1443 4200 paucis
1462 4123 1535 4180 locis
1558 4121 1743 4196 discesseris,
1808 4129 1810 4134 '

136 4219 199 4276 cap.
221 4208 308 4272 ι-θ,
325 4200 377 4277 qui
392 4221 455 4278 cap.
472 4201 542 4260 sair
559 4223 566 4259 ε
583 4201 651 4261 ἔστω
665 4202 696 4274 δὴ
713 4195 750 4271 οἷς
764 4205 916 4282 ἀληθεύειν]
964 4210 1419 4270 muntaAristoteleaeorationis
1437 4209 1540 4284 fornia,
1555 4230 1592 4268 ex
1605 4209 1745 4269 Politice·
1813 4262 1816 4266 Δ

133 4286 207 4368 ψυχὴ
219 4290 258 4368 τῷ
274 4287 456 4367 καταράναιῆ
479 4288 612 4369 ἀποφάναι
631 4292 708 4351 πέντε
729 4293 773 4351 τὀν
796 4296 915 4374 ἀριθμόν·
964 4319 1030 4357 rum
1041 4297 1125 4356 libris
1140 4295 1278 4378 excerpta
1290 4298 1437 4356 videntur.
1456 4297 1638 4375 Quamquam
1650 4311 1745 4358 autem

133 4383 218 4436 ταῦτα
229 4377 251 4435 θ’
261 4377 316 4436 ἰπτί
328 4375 425 4456 τέχνη,
440 4378 587 4454 ἐπιστήμη,
598 4379 730 4459 φρόνησις,
744 4382 820 4462 σορία
831 4427 839 4454 ,
852 4392 917 4453 νοῦς·
963 4389 1077 4464 singula
1093 4388 1265 4447 imitationis
1274 4389 1398 4463 vestigia
1412 4389 1547 4465 persequi
1560 4409 1617 4445 non
1631 4388 1744 4460 attinet,

134 4463 266 4544 ὑπολήψει
282 4463 333 4545 γάρ
347 4463 392 4524 καί
412 4464 472 4544 δόξῃ
490 4465 623 4546 ἐνδέχεται
636 4469 829 4550 διαψεύδεσθαι.
843 4474 917 4532 Ηίιισ
963 4475 1111 4534 annotabo
1123 4490 1218 4534 mnren
1232 4497 1297 4555 quae
1311 4476 1453 4534 decausis
1467 4476 1644 4533 seditionum
1661 4495 1694 4534 ac
1708 4476 1745 4535 de

134 4554 213 4612 enim
228 4553 364 4612 lleerenii
377 4554 541 4614 emendatio
550 4559 641 4634 petita
655 4571 707 4619 est.
720 4592 761 4603 -
772 4558 811 4594 ²⁷³
829 4560 915 4620 Codi·
963 4584 1060 4622 rerum
1075 4563 1260 4641 publicarum
1275 4563 1553 4625 commutationibus
1564 4583 1655 4642 supra
1670 4563 1744 4621 bre-

121 4649 200 4700 'cum
222 4642 397 4720 scripturam
412 4643 639 4721 μεγαλοπρέπειαν
659 4646 686 4703 δέ
702 4646 836 4722 μεσότητα
855 4655 915 4729 plc—
962 4656 1037 4713 viter
1050 4655 1196 4728 dicuntur,
1206 4675 1240 4714 ea
1249 4656 1286 4713 ab
1298 4656 1454 4716 Aristotele
1466 4656 1656 4716 politicorum
1666 4654 1744 4713 libro

133 4727 218 4807 νερίας
232 4729 278 4788 καλ
293 4729 507 4810 ἐπιχαιρεκακίας
533 4732 601 4791 lcrri
625 4753 685 4792 non
705 4756 791 4813 posse
816 4758 916 4798 omnes
961 4744 1065 4821 quinto
1080 4741 1226 4801 uberrime
1237 4744 1387 4822 tractari.)

132 4818 327 4880 consentiunt.
350 4805 421 4876 Narb
441 4820 575 4878 lacunam
590 4819 639 4879 hic
653 4841 717 4880 esse
732 4824 914 4886 manifestum
1001 4854 1024 4892 ι.
1043 4829 1111 4910 Περὶ
1126 4831 1155 4889 δὲ
1168 4834 1220 4890 τῶν
1238 4834 1313 4890 ἰδεῶν
1326 4832 1442 4892 Πλάτων
1457 4831 1504 4890 ὡδὶ
1519 4830 1680 4912 θιεξήρχετο,
1692 4833 1743 4888 τῶν

130 4917 186 4963 est.
198 4904 240 4962 Ea
253 4920 345 4964 autem
362 4908 447 4966 facile
457 4909 592 4986 expletur
611 4909 711 4969 verbis
731 4913 915 4975 Aristoteleis
961 4917 1030 4976 κατά
1045 4918 1119 4999 φύσιν
1129 4921 1260 4991 αἰσθητῶν
1271 4919 1340 4978 κατά
1354 4919 1427 4998 γένος
1437 4919 1570 5001 ὡρισμέιρι
1580 4919 1640 4978 τινὰ
1654 4941 1743 5000 παρα-

147 5023 1732 5054 Q

163 5105 187 5152 l·
210 5104 246 5153 De
266 5103 324 5154 ideis
335 5107 416 5156 autem
430 5106 462 5156 lta
475 5107 607 5157 disserebat
620 5109 701 5169 Plato,
721 5111 750 5159 nt
769 5124 851 5162 rerum
867 5113 913 5162 sub
960 5127 1012 5164 mas
1021 5117 1334 5178 esse,exqullrusscientiae
1345 5131 1373 5166 ae
1384 5117 1531 5168 definitiones
1540 5119 1673 5180 cruentum
1685 5130 1743 5167 nam

132 5199 217 5237 senam
228 5187 366 5241 cadentium
378 5195 496 5256 generalia
511 5193 623 5256 qtrredam
641 5197 750 5259 exempta
766 5197 856 5250 diceret
865 5199 914 5250 lor·
961 5205 1138 5264 praetoremncs
1149 5205 1257 5256 {tornines
1266 5205 1386 5256 hominem
1397 5205 1517 5270 quendam
1527 5206 1636 5269 intelligi,
1645 5209 1669 5256 οι
1679 5219 1742 5269 prte-
