3959 5925
720 394 916 474 aursrrrrt
937 410 1191 471 turoneum.

161 548 338 623 ἀπολομένου,
352 548 395 605 ἐπὶ
411 546 458 614 τὰς
470 545 658 624 Συρακουσίων
672 544 761 615 ἠϊόνας
773 542 934 623 ίξεόραίσθη,

161 642 261 714 πρῶτον
280 634 336 713 μίν.
348 634 490 716 ἐθάρρησε,
503 634 663 710 θεασόμενος
686 634 729 692 ἐπὶ
752 637 799 702 τῆς
822 631 934 711 ψάμμου

1633 420 1635 427 ’
1701 426 1758 501 ιιι

985 546 1013 605 6.
1030 542 1175 601 Caeterum
1190 561 1293 601 versus
1308 542 1347 609 τίς
1361 542 1405 600 τὸν
1419 541 1555 615 πλανήτην
1568 545 1625 604 κτλ.
1640 546 1696 623 qui'
1714 565 1766 623 pe·
1852 616 1854 619 Ι

984 632 1030 690 titi
1045 645 1113 690 sunt
1128 650 1165 689 ex
1179 629 1334 708 Sophoclis
1348 631 1463 708 Oedipo
1477 630 1624 704 Colonen,
1641 633 1708 711 ipso
1721 635 1766 691 sa·
1853 713 1855 721 γ

160 726 314 803 διάγραμμα
329 721 515 803 γεωμετρικόν·
527 722 665 801 ἐλογίσατο
678 721 729 801 γὰρ
751 723 787 786 εἰς
799 714 937 786 Ἕλληνάς
978 722 1061 779 'buiae
1075 722 1162 779 initio
1177 717 1337 797 leguntur.)

76 864 82 876 ,
163 835 188 869 τε
213 812 258 870 καί
281 810 375 893 σοροὺς
405 810 516 890 ἄνδρας,
542 813 589 869 οὐκ
601 812 651 877 τίς
677 808 826 888 βαρόσίρους
850 806 935 877 ἠκιιν.

160 899 271 960 Ἔπειτα
282 897 493 979 παραγενόμενος
503 900 539 964 εἰς
549 898 579 957 τό
587 896 774 979 Συρακουσίων
783 895 937 973 γυμναίσιον,

159 989 201 1047 καὶ
217 988 292 1046 ταυτὶ
308 987 342 1045 τὰ
355 986 406 1059 ἔπη
420 986 609 1067 ιρθεγξοίμενος,

219 1126 259 1180 Τίς
270 1127 309 1174 τόν
319 1124 437 1182 πλανήτην
448 1124 561 1173 Οἰδίπουν
573 1124 625 1172 καθ’
636 1124 724 1185 ἡμέραν

218 1201 259 1253 την
268 1201 309 1243 νῦν
320 1199 458 1251 σπανιστοῖς
472 1196 559 1251 δέξεται
575 1194 711 1258 θωρήμασις

162 1332 312 1408 προσιόντας
334 1329 363 1388 τί
385 1352 456 1395 τινας
482 1330 558 1408 lupar
583 1329 654 1407 αὐτῷ
681 1326 726 1384 καλ
753 1324 937 1403 γνωρίζοντας,

161 1420 230 1485 όστις
244 1419 300 1488 εἴη,
313 1419 360 1477 καὶ
372 1419 479 1477 πάντων
491 1409 526 1475 ὧν
539 1418 622 1475 ἐδεῖτο
637 1413 824 1493 μεταδιδόντας
836 1413 938 1478 εύθίως.

159 1508 207 1574 Ὡς
229 1508 298 1573 θἰῐς
322 1505 456 1586 Κυρήνην,
478 1509 557 1565 αὐτοῦ
582 1504 630 1574 τήν
652 1504 783 1580 πατρίδα,
800 1500 938 1577 μελλοντές

162 1619 224 1660 τινες
234 1598 307 1653 πλεῖν
319 1593 505 1665 ἐπυνθάνοντο,
517 1593 555 1671 μή
565 1617 590 1650 τι
600 1601 653 1659 τοῖς
667 1592 769 1657 οἰκείοις
779 1587 938 1665 ἐπιστέλλει,

63 1678 70 1690 ’
161 1684 274 1742 κελεύειν
287 1685 374 1749 αὐτοῖς
386 1683 445 1762 ἔρη,
456 1687 539 1773 τρῦτα
551 1685 663 1761 κτᾶσθαι
674 1680 705 1738 τὰ
717 1677 854 1755 κτήματα,
865 1675 937 1735 θκαλ

160 1770 339 1847 ναυαγήσαντι
354 1768 606 1843 συνεκκσλυμόήσει.

202 1861 340 1935 (Galenus
348 1859 495 1935 Protrept.
506 1858 543 1915 ad
556 1858 668 1916 litteras
678 1855 832 1913 discendus
842 1873 905 1931 cap.
916 1853 938 1905 V

159 1968 189 2021 p.
206 1968 236 2003 rr
254 1946 300 2013 ed.
316 1946 425 2005 Willet.
438 1947 481 2003 lle
492 1944 592 2003 eadem
608 1963 640 2001 re
651 1943 804 2001 Vitruvius
818 1944 849 2000 in
863 1961 937 2019 pras·

161 2036 208 2093 tat.
223 2034 293 2091 libri
308 2033 347 2090 Vl
363 2053 371 2092 ε
387 2060 400 2083 α
416 2034 601 2111 Aristippus,
623 2029 817 2110 philosophus
835 2031 938 2089 Socra·

161 2125 249 2194 tirus,
264 2122 418 2197 nani'ragio
432 2142 521 2198 quum
542 2121 652 2199 ejectus
667 2120 705 2177 ad
725 2118 936 2177 Rhodiensium

160 2212 241 2269 littus
255 2210 508 2269 animadvertisset
529 2209 706 2284 geometrica
720 2207 865 2276 schemata
885 2207 939 2263 de-

160 2301 283 2378 scripta,
307 2299 483 2357 exclamasse
498 2298 534 2356 ad
555 2297 676 2355 comites
701 2296 810 2353 dicitur
832 2314 839 2353 ε
862 2299 940 2353 Beue

159 2388 478 2464 speremus,hominum
494 2387 571 2444 euim
584 2386 706 2459 vestigia
715 2383 817 2455 vide03
828 2384 939 2441 statim-

160 2496 217 2552 que
237 2478 268 2534 in
284 2477 425 2554 oppidum
445 2475 577 2533 Rhodum
594 2473 757 2545 contendit,
774 2485 803 2529 et
817 2484 895 2531 recta
909 2472 941 2529 in

160 2565 343 2640 gymnasium
359 2563 497 2621 devenit:
513 2561 616 2638 ibique
630 2562 667 2619 de
680 2559 869 2637 philosophia
878 2560 939 2617 ‹lis-

160 2665 265 2727 putans
280 2650 451 2709 muneribus
465 2662 509 2707 est
521 2649 697 2719 donatus‚ut
711 2667 770 2703 non
786 2660 895 2704 tantum
909 2666 941 2705 se

160 2753 292 2815 ornaret,
311 2740 361 2796 scd
381 2741 468 2796 etiam
484 2737 544 2807 eis,
560 2737 612 2812 qui
626 2754 685 2792 una
701 2735 830 2804 suerunt,
846 2734 941 2812 uesti-

161 2841 221 2885 tum
245 2842 273 2885 et
297 2843 418 2903 catera,
444 2844 508 2902 quae
536 2842 611 2903 opus
628 2806 748 2895 essent,
780 2835 940 2900 praestaret.

161 2918 258 2986 Quum
288 2930 382 2974 autem
407 2914 472 2992 ejus
497 2913 617 2972 comites
637 2913 669 2971 in
683 2912 808 2990 patriam
835 2912 942 2970 reverti

162 3008 341 3076 voluissent,
376 3008 653 3079 interrogarentque
688 3021 772 3072 eum,
802 3001 943 3077 quidnam

163 3093 252 3150 rellet
276 3093 393 3150 donurm
420 3091 583 3149 renuntiari
607 3111 615 3146 ε
638 3103 707 3148 tunc
731 3090 773 3147 ita
795 3089 944 3146 mandavit

163 3182 277 3253 dicere,
294 3179 435 3255 ejusmodi
459 3178 657 3256 possessiones
672 3190 701 3236 et
713 3176 821 3234 viatica
839 3175 943 3233 liberis

163 3284 298 3347 oportere
326 3269 439 3346 parari,
469 3287 534 3344 quau
559 3267 647 3324 etiam
670 3285 687 3322 e
707 3263 861 3340 naufragio
886 3283 944 3320 nna

162 3372 281 3436 possent
294 3371 420 3416 enatare.
435 3383 446 3408 ν
464 3356 510 3416 Cf.
526 3374 615 3433 supra
640 3354 742 3430 fragm.
766 3356 814 3411 σθ.
842 3352 945 3410 Simile

166 3447 345 3504 Antisthenis
355 3445 464 3502 dictum
476 3458 520 3501 est
531 3444 609 3519 apud
623 3442 710 3516 liiog.
724 3440 819 3500 Laert.
832 3440 884 3496 lib.
894 3438 944 3510 Vl,

164 3646 261 3706 quidem
287 3645 349 3693 hono
371 3645 452 3693 animo
473 3658 525 3692 esse
546 3645 637 3706 coepit,
652 3643 708 3705 quia
723 3643 746 3690 in
761 3655 833 3692 arena
846 3641 944 3691 ridebit

162 3732 296 3792 descriptas
310 3731 400 3778 formas
410 3730 568 3791 geometricas
583 3749 589 3780 ι
608 3729 733 3791 reputabat
748 3728 823 3788 enim,
841 3742 894 3778 sese
911 3728 941 3776 ad

164 3823 261 3867 Graccus
280 3821 305 3867 ct
323 3817 441 3878 sapientes
460 3817 535 3877 viros,
547 3829 595 3865 non
611 3816 641 3865 ad
657 3815 775 3864 barbaros
796 3810 941 3878 pervenisse.

163 3910 230 3966 iiior,
251 3905 292 3955 uhi
322 3908 528 3967 Syracusanorum
549 3903 701 3965 gymnasium
725 3904 847 3964 ingressus
863 3906 901 3952 est
920 3904 944 3951 ei

163 3997 233 4044 hosce
248 4007 331 4043 rursus
346 3991 530 4055 pronuntiarit:

217 4125 272 4178 Quis
281 4125 387 4182 OEdipum
397 4124 421 4168 iu
431 4123 491 4168 dhan
498 4127 619 4179 vagantem
627 4127 651 4168 et
660 4122 760 4168 exsulem

217 4206 283 4250 honis
292 4205 386 4260 recipiet
395 4204 439 4248 hoe
448 4203 485 4248 die
494 4203 627 4247 ramulanis?

164 4332 247 4382 habuit
258 4338 281 4380 et
296 4331 337 4393 qni
357 4331 436 4391 ipsum
457 4329 552 4378 adirent
571 4331 596 4379 et
609 4330 653 4390 qui
671 4332 798 4393 postquam
815 4329 869 4390 quis
882 4336 944 4379 esset

164 4423 330 4482 cognorerunt
343 4417 424 4466 statim
437 4416 518 4465 omnia
533 4416 622 4478 quihus
636 4417 716 4476 egeret
733 4414 823 4464 honriui
838 4412 945 4494 imperti·

1024 830 1060 870 oa.
1085 808 1251 888 Ἀρίστιππος
1263 804 1441 883 Ὀλυμπίασιν
1452 806 1607 888 Ἰσχομαίχιρ
1619 809 1763 885 συμύαλὼν

984 898 1092 975 ἠρώτα,
1114 895 1139 953 τί
1165 894 1309 976 Σωκράτης
1332 893 1513 971 διαλεγόμενος
1533 894 1601 956 οὕτω
1619 896 1678 964 τοὺς
1696 898 1766 967 νέους
1862 974 1866 983 .

985 983 1114 1055 διατίθησι
1121 1026 1129 1056 ,
1141 984 1186 1042 καὶ
1201 983 1283 1061 μικρὰ
1294 984 1361 1043 ἄττα
1373 988 1425 1042 τῶν
1436 984 1520 1064 λόγοιν
1534 989 1612 1045 αὐτοῦ
1624 988 1765 1065 σπέρματα

984 1071 1030 1129 καὶ
1051 1071 1179 1149 δείγματα
1198 1070 1300 1148 λαὸών,
1313 1072 1393 1137 οὕτως
1406 1076 1530 1147 ἐμπαθῶς
1544 1072 1633 1151 ἔσχεν,
1646 1074 1714 1133 ὥστε
1728 1078 1765 1156 τῷ

985 1160 1089 1239 σώματι
1099 1166 1241 1237 συμπεσεῖν
1254 1160 1299 1218 καλ
1310 1159 1430 1238 γενέσθαι
1443 1160 1612 1219 παντάπασιν
1623 1161 1708 1242 ὠχρός
1721 1164 1766 1221 καί

984 1248 1177 1328 θαχνός,.αίχριτ
1200 1237 1230 1305 σθ
1251 1248 1365 1314 πλεύσας
1380 1246 1503 1318 Ἀθήναζε
1519 1250 1600 1329 διψῶν
1614 1254 1660 1308 καὶ
1676 1253 1765 1310 διακε-
1807 1268 1809 1273 ’

986 1334 1118 1413 καυμένος
1127 1334 1244 1413 ἠρύσατο
1258 1340 1304 1406 τῆς
1316 1340 1422 1411 πηγῆς,
1435 1333 1480 1392 καὶ
1495 1334 1539 1393 τόν
1552 1336 1634 1416 ἄνδρα
1649 1338 1694 1396 καλ
1708 1339 1767 1405 τοὺς

984 1423 1076 1501 λόγους
1086 1426 1164 1481 αὐτοῦ
1174 1423 1219 1480 καὶ
1230 1420 1277 1492 τήν
1288 1422 1441 1503 ριλοσορίαν
1452 1422 1603 1501 ἱστόρησεν,
1611 1417 1642 1495 ἧς
1651 1417 1683 1497 ἠν
1694 1425 1767 1493 τίλας

985 1513 1126 1587 ἐπιγνῶναι
1139 1511 1172 1569 τὰ
1191 1514 1282 1569 ἑαυτοῦ
1296 1512 1366 1569 κακθι
1382 1508 1428 1568 καί
1442 1510 1641 1588 ἀπαλλαγῆναι.

1029 1599 1211 1677 (Plutarchus
1220 1599 1262 1656 De
1273 1598 1441 1657 curiositate
1449 1617 1513 1675 cap.
1525 1618 1554 1673 a,
1564 1601 1627 1658 vol.
1638 1600 1701 1680 Xp.
1712 1604 1766 1659 132

985 1688 1033 1746 ed.
1051 1685 1187 1763 llutten.)

1025 1794 1061 1834 oa.
1084 1772 1251 1853 Ἀρίστιππος
1268 1772 1364 1853 χωρίον
1386 1777 1517 1844 ἀπολέσας
1535 1774 1616 1833 καλὸν
1628 1773 1765 1853 ἠρώτησεν

986 1863 1032 1922 ἕνα
1046 1867 1097 1921 τῶν
1111 1862 1179 1922 παίνυ
1191 1860 1421 1941 προσποιουμίνων
1437 1864 1610 1945 συνοίχθεσθαι
1626 1861 1672 1922 καλ
1687 1886 1767 1924 συνα-
1835 1932 1840 1939 ,

985 1959 1134 2028 γανακτεῑν·
1156 1948 1226 2029 Οὐχὶ
1247 1949 1289 2007 uol
1310 1950 1357 2023 μὲν
1378 1951 1502 2029 χωρίδιον
1517 1952 1544 2011 ἕν
1559 1953 1641 2027 ἐστιν,
1661 1951 1719 2026 ἐμοὶ
1741 1951 1768 2011 δὲ

986 2044 1054 2115 τρεῖς
1092 2035 1167 2114 ἀγροί
1203 2038 1424 2116 καταλείπονται;
1450 2038 1715 2117 Συνομολογήσαντας
1744 2042 1767 2097 δ’

986 2124 1101 2196 ἐκείνου,
1113 2124 1149 2185 Τί
1172 2115 1226 2198 οὖν,
1239 2114 1319 2198 εἶπεν,
1333 2128 1361 2183 οὐ
1377 2126 1418 2185 σοί
1433 2129 1533 2204 μᾶλλον
1548 2130 1625 2203 ἡμεῖς
1639 2128 1768 2207 συναχθό-

986 2216 1069 2289 μεθα,

1027 2300 1213 2381 (Plutarchus
1227 2302 1270 2359 lle
1291 2302 1384 2359 animi
1406 2302 1618 2379 tranquillitate
1644 2320 1706 2380 cap.
1733 2303 1766 2373 8,

986 2390 1046 2447 vol.
1061 2388 1087 2446 X
1101 2409 1131 2464 p.
1151 2410 1185 2449 ιε
1200 2389 1247 2449 ed.
1268 2380 1397 2465 llutten.)

1026 2495 1063 2533 ot.
1086 2478 1258 2553 Πανταχόθεν
1268 2474 1356 2552 (puolo
1367 2474 1567 2554 θ’λρίστιππος)
1581 2474 1625 2546 ἴση
1637 2476 1681 2535 καὶ
1691 2476 1768 2551 θμσία

986 2567 1004 2634 ἡ
1019 2564 1054 2628 εἰς
1068 2562 1131 2643 ᾅδου
1147 2560 1214 2626 ὁδός.

1030 2650 1126 2729 (Τείσσ
1140 2647 1218 2725 apud
1236 2646 1382 2705 Stohaeum
1399 2646 1475 2705 Flor.
1491 2648 1551 2725 XL,
1567 2649 1608 2727 8.)

1027 2757 1063 2795 σο.
1086 2733 1266 2813 Ἀρίστιππος,
1280 2732 1391 2811 ἑταίρων
1416 2734 1487 2812 αὐτῷ
1508 2757 1584 2792 τινων
1606 2734 1766 2815 θθυρομίνων

989 2822 1137 2903 βαρύτατα,
1146 2821 1232 2881 πολλὰ
1244 2823 1291 2898 μὲν
1304 2822 1350 2881 καὶ
1362 2820 1431 2879 ἄλλα
1441 2822 1504 2902 πρὸς
1515 2822 1607 2890 αὐτούς
1617 2816 1673 2883 εἶπε
1683 2826 1767 2897 λύπης

990 2911 1183 2984 αἰνασταλτικοί,
1197 2910 1241 2968 καλ
1255 2916 1340 2970 ταῦτα
1355 2909 1381 2971 δὲ
1393 2911 1421 2969 ἐν
1433 2912 1589 2991 προοιμίοις·
1604 2912 1674 2973 Ἀλλ’
1683 2914 1766 2992 ἔγωγε

989 3001 1047 3071 ἥκω
1057 2998 1120 3080 παρ’
1128 3003 1212 3074 ὑμᾶς,
1224 3000 1273 3078 οὐχ
1282 3001 1317 3066 ὡς
1325 2998 1543 3076 συλλυπούμενος,
1554 3002 1612 3058 ἀλλ’
1621 2999 1665 3059 ἵνα
1672 3003 1767 3062 παύσω

989 3093 1058 3163 ὑμᾶς
1073 3086 1260 3164 λυπουμένους.

1030 3174 1168 3251 tAElianus
1193 3195 1253 3232 var.
1278 3175 1347 3237 hist.
1372 3175 1426 3236 lib.
1448 3176 1502 3234 t'il
1526 3197 1587 3257 cap.
1607 3181 1635 3236 θ.
1654 3179 1767 3258 Scripsi

990 3283 1055 3323 cunr
1074 3263 1166 3320 Corae
1181 3264 1206 3320 lv
1221 3263 1378 3342 πραοιμίαις;
1392 3265 1470 3341 vulg.
1487 3266 1513 3322 ir
1528 3259 1676 3347 προοιμίῳ.)

1031 3372 1067 3410 sa.
1092 3350 1168 3410 Πσίνυ
1193 3349 1291 3431 σρόδρσ
1315 3349 1468 3430 ἐρρωμένως
1483 3351 1558 3430 ἐῴκει
1572 3353 1657 3431 λέγειν
1672 3357 1685 3411 θ
1700 3353 1768 3433 Ἀρί·

991 3461 1114 3509 στιππος,
1130 3440 1295 3516 παρεγγυῶν,
1316 3437 1383 3512 μήτε
1403 3440 1455 3503 τοῖς
1478 3439 1661 3516 παρελθοῦσιν
1673 3441 1767 3498 ἐπικό-

988 3641 1016 3689 ut
1026 3641 1052 3688 et
1065 3649 1154 3699 corpus
1165 3639 1320 3684 nsarcescerct
1333 3635 1438 3696 etpiane
1449 3634 1551 3696 pallidus
1563 3637 1705 3700 gracilisque
1717 3639 1768 3687 red·
1786 3675 1787 3678 ,

989 3725 1096 3785 deretur,
1108 3723 1185 3772 donec
1195 3723 1277 3770 sitiens
1288 3725 1313 3770 et
1326 3722 1428 3783 flagrans
1442 3721 1548 3772 Athenas
1563 3723 1686 3786 navigavit
1697 3727 1770 3789 atque

989 3826 1021 3860 ex
1037 3812 1089 3874 ipso
1109 3810 1174 3858 sonte
1188 3809 1282 3869 hausit,
1299 3811 1470 3872 Secretumque
1483 3812 1508 3858 et
1523 3809 1657 3860 doctrinam
1676 3812 1728 3872 eius
1742 3826 1769 3863 ac

988 3894 1165 3958 philosophiam
1193 3893 1306 3954 cognorit
1327 3913 1333 3943 s
1355 3893 1425 3955 cujus
1450 3894 1610 3958 philosophiae
1638 3897 1691 3946 linis
1717 3903 1765 3956 est,

988 3995 1118 4045 agnoscere
1130 3997 1172 4031 sua
1185 3983 1248 4032 maia
1262 3983 1339 4046 iisque
1352 3981 1455 4032 liberari.
1803 4047 1805 4052 ι

1020 4076 1060 4120 63.
1077 4071 1229 4133 aristippus,
1250 4072 1340 4122 amisso
1364 4071 1454 4133 praedio
1480 4071 1612 4134 praeclaro,
1633 4085 1663 4122 ex
1685 4086 1767 4122 eorum

989 4160 1070 4222 utiquo
1087 4153 1126 4221 qit
1142 4161 1295 4210 vehementer
1310 4173 1393 4208 casum
1406 4157 1461 4219 ejus
1474 4158 1555 4209 dolere
1568 4161 1592 4209 ei
1609 4160 1692 4224 inique
1708 4161 1770 4210 terre

989 4260 1015 4296 ue
1029 4247 1190 4318 simulabant,
1207 4247 1318 4310 quaesivit
1336 4267 1342 4296 ι
1363 4249 1454 4296 Νσααε
1474 4249 1504 4296 tu
1525 4249 1633 4298 unicum
1655 4248 1770 4310 possides

989 4335 1119 4397 ocellum,
1132 4335 1196 4385 mihi
1215 4339 1268 4384 tres
1281 4333 1364 4396 fundi
1382 4337 1445 4385 sunt
1467 4334 1697 4398 reliquiihsseuso
1713 4335 1768 4396 ilio,

990 4426 1043 4473 Cur
1056 4426 1146 4486 igitur,
1158 4424 1251 4487 inquii,
1264 4435 1314 4472 non
1325 4427 1399 4474 tuum
1410 4425 1500 4487 potius
1513 4424 1590 4474 vicem
1601 4422 1724 4473 aotsamr

165 4514 226 4559 rent.
259 4507 353 4559 Deinde
365 4521 442 4570 quum
455 4507 556 4570 quidam
566 4505 760 4568 Cyrenas,iliius
772 4507 945 4569 patriam,na·
1021 4515 1060 4561 ut.
1079 4509 1295 4574 Undique,inquit
1309 4509 1572 4572 Aristippus,aeqiraiis
1589 4512 1614 4560 et
1630 4509 1716 4558 similis
1730 4510 1769 4558 ria
1797 4555 1800 4567 ,

165 4597 267 4659 rigaturi
286 4595 475 4656 sciscitarentur,
495 4607 553 4643 uum
579 4593 636 4657 quid
657 4593 706 4642 suis
718 4575 881 4659 'lauriiiarihns
904 4607 930 4644 re
972 4590 1020 4647 ¹ari
1035 4599 1208 4662 inierospatei.

166 4685 271 4734 nuntiari
291 4684 362 4733 vellet
379 4681 620 4743 :rubeta-iuquit,
640 4681 698 4730 iilos
715 4681 763 4732 hus
781 4682 830 4731 sili
848 4694 946 4745 parare
1022 4691 1061 4736 05.
1078 4687 1214 4750 Aristippus
1229 4700 1306 4750 quom
1329 4686 1427 4750 quidam
1449 4699 1479 4736 es
1498 4685 1622 4735 sodalibus
1641 4686 1693 4746 eius
1714 4698 1769 4747 gra-

164 4776 345 4836 possessiones,
366 4784 424 4834 quae
452 4773 531 4820 etiam
540 4770 636 4830 fracto
656 4772 720 4834 nuri
741 4769 820 4819 simul
835 4774 945 4820 cnutum
992 4774 1090 4823 sissimo
1103 4774 1299 4835 lamentarentur,
1309 4787 1364 4823 cum
1379 4773 1425 4822 alia
1436 4773 1513 4822 multa
1526 4772 1557 4822 ad
1578 4772 1711 4822 sedandum
1725 4772 1769 4822 do·

166 4875 225 4911 cum
239 4873 392 4925 possessore.
990 4861 1066 4911 lorcm
1077 4861 1162 4911 idonea
1175 4863 1221 4911 iilis
1231 4862 1301 4922 dixit,
1311 4861 1445 4912 tumetium
1455 4861 1508 4910 liceo
1518 4860 1543 4909 in
1552 4859 1657 4909 exordiis
1664 4858 1768 4921 jactata:

197 4956 235 4999 ot.
253 4948 475 5010 aristippusquum
490 4946 780 5020 olympiae'lsehomacho
791 4947 945 5010 occurrisset,
992 4953 1024 4999 rt
1036 4961 1080 5011 epo
1093 4949 1128 4999 od
1144 4961 1185 4998 eus
1203 4961 1254 4998 non
1274 4953 1346 5011 reni,
1362 4952 1393 4998 ut
1412 4961 1467 4998 ιικσ
1482 4947 1608 5008 dolerem,
1620 4947 1666 4998 sed
1678 4951 1710 4999 ut
1727 4961 1770 4998 ros
1793 4935 1795 4948 ’

165 5037 279 5100 quesivit
297 5049 328 5086 ex
348 5051 390 5096 eo,
402 5037 547 5099 quibusnam
561 5036 765 5100 disputationibus
784 5040 895 5088 socrates
914 5039 946 5088 ita
991 5035 1081 5087 dolore
1095 5036 1244 5085 liberarem.

167 5125 329 5174 adolescentes
344 5123 465 5185 siticcret,
477 5125 631 5187 acceptisque
643 5124 736 5187 exiguis
746 5138 886 5175 sermonum
895 5125 947 5187 ejus
1023 5132 1061 5175 tis.
1080 5125 1184 5174 Omnino
1204 5122 1274 5174 valde
1294 5124 1386 5174 lortiter
1395 5125 1475 5175 dicere
1487 5123 1611 5174 ridebatur
1620 5123 1768 5188 Aristippus,

169 5213 299 5264 seuiiuibos
312 5225 340 5262 ac
351 5211 517 5274 documentis,
530 5227 560 5264 eo
575 5213 649 5263 animi
663 5213 749 5264 ardore
768 5213 882 5277 abreptus
896 5219 946 5276 est,
991 5214 1101 5274 hortans,
1112 5225 1142 5263 ne
1152 5212 1277 5276 praeteritis
1292 5218 1434 5276 angerentur
1445 5212 1552 5263 homines
1563 5225 1624 5264 nere
1639 5212 1670 5265 de
1682 5213 1768 5263 tuturis
