3959 5925
318 452 337 529 ij
1010 445 1223 507 risurum.

317 585 418 679 cujus
433 576 661 670 humanitati,
691 580 880 667 doctrinae,
906 581 1069 650 omnium
1093 582 1249 675 denique
1272 581 1506 675 ingenuarum
1531 585 1660 653 artium
1680 586 1792 654 autori
1817 589 1870 653 tt:-

317 706 496 777 blictheea
514 708 636 775 Graeea
652 702 813 773 debetur.
840 702 981 800 Quippe
1002 726 1118 798 neque
1137 705 1305 799 impensae
1326 727 1441 800 neque
1454 705 1567 776 labori
1583 708 1697 803 parcit
1710 706 1756 778 ad
1776 710 1869 805 opti-

281 899 282 908 ,
316 853 455 900 marum
478 826 676 897 litterarum
701 823 856 895 studium
875 839 910 894 et
928 824 1097 895 alendum
1115 841 1150 897 et
1169 827 1459 923 provocandum,
1479 829 1669 926 dequibus
1691 846 1761 901 tam
1781 831 1876 902 benc

312 952 386 1047 jam
404 950 531 1022 meruit
542 949 598 1019 his
610 949 753 1043 triginta
768 949 891 1033 annis,
909 962 949 1018 ut
961 950 1142 1020 neminem
1160 951 1373 1047 perenniora
1390 952 1547 1022 nominis
1565 954 1619 1022 sui
1639 969 1873 1025 monumenta

315 1076 467 1170 exegisse
479 1087 628 1144 constet.
646 1070 958 1157 Quemadmodum
978 1096 1063 1142 vero
1085 1074 1141 1142 vir
1155 1074 1458 1168 ingeniosissimus
1470 1099 1554 1144 cum
1572 1077 1871 1147 mansuetioribus

228 1204 231 1211 '
317 1201 425 1270 Musis
445 1212 619 1296 perpetuo
643 1195 897 1266 commercium
915 1194 1041 1266 hahuit
1063 1223 1070 1265 :
1092 1197 1142 1267 sic
1161 1196 1198 1266 in
1222 1210 1318 1289 grata
1341 1197 1415 1291 ejus
1434 1196 1590 1268 nominis
1609 1183 1870 1271 commemora-

316 1324 429 1411 tione,
446 1336 612 1417 tanquam
626 1318 724 1387 bono
739 1318 859 1388 omine
874 1317 925 1387 rei
944 1317 1114 1389 audacter
1124 1317 1355 1415 suscipiende
1367 1333 1403 1388 et
1416 1318 1564 1390 feliciter
1577 1321 1750 1413 gerendae,
1766 1321 1871 1393 laetis-

315 1446 402 1516 sime
416 1442 685 1541 acquiescimus.

362 1602 495 1667 Verum
514 1620 559 1664 ne
578 1595 657 1690 quis
678 1593 714 1661 in
729 1592 799 1662 hoc
813 1590 905 1661 libro
928 1591 1043 1685 majus
1067 1591 1254 1687 quippiam
1274 1592 1443 1686 requirat,
1465 1616 1573 1687 quam
1591 1607 1652 1662 aut
1670 1593 1767 1663 volui
1781 1620 1871 1691 pne-

313 1734 404 1791 stare
422 1733 483 1790 aut
498 1718 619 1815 potui,
635 1713 805 1813 paneade
821 1714 984 1784 instituto
1000 1736 1080 1783 meo
1099 1689 1378 1810 publicandique
1403 1713 1483 1783 talis
1502 1718 1707 1812 συντάγματος
1722 1719 1872 1789 consilio

313 1840 493 1940 praelanda
509 1864 583 1909 esse
602 1837 766 1907 arbitror.
786 1837 879 1905 Utin
894 1834 1031 1905 artibus
1044 1859 1086 1905 ac
1102 1832 1301 1929 disciplinis
1318 1832 1408 1903 alius
1426 1833 1533 1904 aliam
1547 1835 1643 1905 viam
1658 1835 1869 1931 ingreditur,

314 1988 429 2061 neque
444 1961 581 2032 cunctis
600 1960 724 2029 eadem
742 1958 881 2056 placent
896 1972 932 2028 et
948 1971 1032 2054 apta
1045 1954 1213 2026 videntur
1236 1983 1243 2024 :
1262 1956 1311 2026 ita
1330 1956 1367 2026 in
1388 1972 1485 2027 tanta
1505 1957 1729 2052 ingeniorum
1754 1962 1871 2030 varie-

213 2095 219 2105 ‘
313 2102 385 2157 tate
404 2111 446 2158 ac
465 2082 751 2157 dissimilitudine
765 2106 870 2151 nemo
885 2079 1073 2151 mirabitur
1089 2077 1195 2148 aliam
1217 2078 1293 2149 aliis
1312 2079 1473 2150 aetatibus
1488 2080 1723 2177 gentibusque
1747 2082 1867 2179 philo-

313 2211 445 2308 sophiae
459 2206 650 2279 formulam
675 2205 841 2275 arrisisse.
864 2208 924 2274 Est
938 2216 1060 2273 autem
1079 2199 1168 2271 nihil
1191 2202 1384 2297 jucundius
1406 2202 1649 2301 philosophiae
1662 2229 1780 2299 graecae
1799 2230 1872 2301 qua

313 2332 504 2421 nascentis,
527 2350 596 2426 qua
615 2326 822 2413 crescentis,
843 2349 913 2421 qua
932 2324 1079 2413 adultoe,
1094 2348 1162 2420 qua
1181 2313 1226 2394 ad
1248 2326 1432 2395 interitum
1446 2328 1622 2420 vergentis
1642 2328 1865 2426 contempla-

312 2458 421 2527 tione.
444 2455 583 2525 Etenim
604 2452 649 2523 ab
669 2451 800 2545 exiguis
820 2448 980 2545 prolecta
1000 2447 1109 2553 initiis
1131 2447 1240 2517 modo
1259 2449 1493 2518 ornatissimis
1510 2464 1617 2545 atque
1633 2450 1777 2546 optimis
1792 2476 1871 2521 ver-

313 2578 409 2649 sibus
422 2575 691 2659 commendata,
711 2572 820 2643 modo
842 2570 1036 2641 verborum
1054 2570 1380 2669 sententiarumque
1403 2572 1599 2643 luminibus
1619 2574 1754 2663 nitens,
1774 2599 1871 2658 nunc

313 2704 439 2774 ionieae
459 2698 599 2771 dialecti
616 2695 822 2783 dulcedine,
838 2704 942 2763 nunc
964 2692 1078 2764 dorici
1098 2696 1271 2764 sermonis
1290 2695 1481 2789 gravitate,
1502 2678 1599 2765 nunc
1613 2697 1726 2766 atticae
1739 2697 1868 2768 dictio-

312 2828 367 2896 nis
386 2824 585 2895 urbanitate
601 2817 809 2917 praestabilis
823 2816 924 2886 brevi
937 2817 974 2885 in
990 2840 1070 2886 eam
1085 2817 1366 2911 magnitudinem
1380 2819 1554 2905 excrevit,
1572 2833 1611 2888 ut
1625 2817 1670 2888 ad
1687 2843 1868 2891 summum

312 2948 513 3049 pervenisse
528 2945 719 3017 videretur.
742 2946 970 3038 Quapropter
991 2965 1158 3035 magnum
1177 2954 1212 3012 et
1234 2940 1379 3012 dillicile
1398 2967 1488 3040 opus
1505 2956 1574 3030 est,
1595 2943 1766 3038 integram
1786 2943 1867 3041 plri-

312 3071 485 3169 losophiae
502 3072 655 3164 antiquae
672 3065 853 3135 historiam
872 3077 967 3132 recte
997 3063 1170 3153 scribere,
1191 3082 1226 3136 et
1253 3066 1351 3137 haud
1372 3068 1446 3138 scio
1470 3092 1515 3136 an
1542 3069 1635 3137 inter
1656 3067 1866 3165 eloquentiae

314 3215 422 3287 opera
436 3189 542 3283 longe
562 3186 826 3257 difficillimum.

361 3339 510 3409 Facilius
529 3351 600 3424 est,
622 3335 667 3406 de
690 3333 835 3429 singulis
859 3332 1236 3432 vel'pbilosophorum
1263 3337 1368 3406 sectis
1393 3334 1449 3406 vel
1475 3337 1613 3406 virtutis
1634 3337 1809 3430 magistris
1835 3353 1868 3406 et

314 3459 531 3559 sapientibus
549 3458 794 3530 commentari.
826 3461 946 3552 ltaque
960 3458 998 3526 in
1018 3458 1088 3528 hoe
1105 3457 1287 3529 volumine
1300 3459 1345 3530 de
1360 3458 1604 3556 Pythagoreis,
1620 3459 1664 3530 de
1681 3459 1868 3556 Sophistis‚

314 3587 358 3656 de
371 3585 509 3680 Cynicis
522 3582 628 3653 latius
646 3595 682 3650 et
695 3580 839 3651 uberius
858 3580 1008 3651 disserui
1031 3581 1322 3678 singulorumque
1338 3581 1636 3679 philosophorum
1663 3583 1772 3670 vitas,
1795 3608 1871 3652 mo·
1972 3676 1973 3681 ἵ

314 3735 389 3795 res,
411 3709 552 3780 decreta
572 3703 801 3792 adumbravi,
823 3705 1019 3802 pracsertim
1043 3728 1156 3799 quum
1170 3703 1224 3774 hae
1243 3703 1381 3774 familiae
1400 3704 1597 3798 longiorem
1618 3728 1738 3775 rerum
1761 3729 1870 3801 expo-

314 3834 479 3902 sitionem
488 3829 740 3900 desiderarent.
759 3827 829 3897 Sed
842 3827 1012 3922 quoniam
1028 3829 1206 3923 praecipue
1222 3826 1310 3898 mihi
1326 3822 1639 3899 subtilissimorum
1654 3829 1868 3925 scriptorum

314 3957 375 4052 qui
397 3953 573 4024 veteribus
595 3952 728 4022 saeculis
749 3949 1015 4046 philosophiam
1044 3949 1193 4046 professi
1219 3965 1302 4020 sunt
1320 3952 1493 4046 fragmina
1508 3951 1729 4045 colligenda,
1750 3974 1872 4019 emen-

248 4073 254 4082 ‘
314 4077 454 4162 danda,
475 4075 666 4161 vertenda,
688 4071 896 4169 explicanda
916 4086 1035 4159 erant,
1058 4086 1141 4142 ante
1161 4077 1281 4164 omnia
1299 4076 1336 4147 id
1364 4075 1504 4160 studui,
1529 4090 1567 4145 ut
1591 4075 1679 4145 alios
1693 4073 1872 4168 diligentia
1971 4136 1972 4155 ,

315 4198 513 4284 vincerem,
533 4194 724 4291 pluresque
749 4207 785 4262 et
812 4191 1071 4264 emendatiores
1096 4173 1138 4266 ac
1162 4198 1266 4267 simul
1284 4198 1408 4268 melius
1432 4221 1539 4294 quam
1562 4196 1649 4266 olim
1668 4195 1820 4292 digestas
1839 4212 1873 4265 ct

316 4342 504 4390 conversas
520 4316 820 4414 philosophorum
842 4313 1007 4410 reliquias
1027 4317 1064 4386 in
1084 4318 1199 4389 lucem
1219 4344 1438 4391 revocarem.
1465 4323 1648 4418 Denique,
1673 4344 1718 4389 ne
1736 4319 1872 4389 deesset

316 4442 493 4538 egregium
517 4453 769 4511 consummatae
791 4439 971 4536 sapientiae
991 4442 1194 4536 specimen,
1216 4446 1317 4539 quasi
1345 4445 1527 4514 minorum
1541 4444 1697 4539 gentium
1718 4456 1752 4512 et
1775 4441 1870 4528 velut
1956 4500 1959 4504 .

316 4563 480 4638 secundae
502 4578 595 4635 notae
624 4563 847 4660 philosophis
884 4563 1080 4660 interposui
1105 4565 1289 4637 Platonem
1318 4569 1442 4665 primae
1471 4566 1591 4637 classis
1617 4580 1799 4636 auctorem
1835 4565 1872 4633 in

318 4691 438 4788 priore
460 4689 578 4759 Timaei
597 4701 696 4785 parte
717 4713 836 4757 rerum
856 4687 1011 4781 origines
1029 4703 1245 4760 scrutantem
1272 4714 1354 4759 cum
1389 4691 1464 4785 ejus
1490 4688 1743 4787 interpretibus
1771 4688 1871 4756 Cice-

317 4837 406 4884 rone
423 4827 458 4881 et
476 4811 671 4906 Chalcidio
693 4815 863 4881 Caeterum
879 4811 1102 4882 Chalcidium
1121 4827 1196 4882 tum
1223 4812 1360 4883 collatis
1386 4812 1626 4910 superioribus
1653 4808 1871 4882 editionibus

319 4950 395 5006 tum
421 4935 593 5006 consultis
619 4932 803 5004 codicibus
830 4933 1041 5004 Florentinis
1075 4937 1297 5030 recognitum
1320 4934 1513 5007 lectoribus
1549 4933 1705 5004 exhibui.
1738 4931 1874 5018 Quodsi

320 5053 423 5124 editis
444 5055 499 5124 his
519 5054 749 5126 Miscellancis
770 5057 915 5127 luminis
927 5057 1062 5156 aliquid
1080 5060 1190 5129 veteri
1213 5058 1448 5154 philosophiae
1468 5074 1502 5128 et
1529 5058 1648 5152 graecis
1669 5056 1796 5126 litteris
1822 5080 1874 5125 vt·

322 5203 380 5246 sus
399 5176 499 5250 suero
516 5179 691 5268 attulisse,
714 5207 804 5279 opus
823 5182 921 5279 quod
942 5197 992 5252 est
1013 5183 1048 5252 iu
1071 5181 1233 5252 manibus
1247 5179 1431 5252 absolvere
1447 5179 1618 5251 conabor.
