3959 5925
758 374 799 434 IN
819 375 990 439 ultimum
1010 378 1214 441 Ptereltts.
1728 397 1783 450 tea

173 518 321 572 mammam.
353 505 482 557 intantum
496 507 601 568 asterqo
616 517 693 557 uuum
707 504 862 566 medium‚id
876 510 959 567 estet
1004 523 1077 573 qnam
1089 515 1207 574 puuctum
1221 512 1279 562 illud
1289 515 1408 578 peruenit,
1421 515 1442 565 al
1451 515 1598 580 deprimatur
1608 530 1682 582 usque
1691 518 1722 568 ad
1730 519 1784 570 alti·

176 595 425 660 parallelogrammum
449 593 513 644 iuter
539 592 589 644 duo
613 592 699 648 similia
726 593 958 659 paradeloqrmma,
1004 597 1111 648 tudinem
1123 599 1235 650 mediam.

173 683 242 748 qnod
257 681 310 732 tieri
322 680 415 732 debuit
1034 685 1098 736 XIV.
1116 687 1170 744 Qua
1183 686 1213 737 de
1225 699 1298 736 causa
1309 679 1409 750 geminis
1419 689 1589 740 exsistentibus
1601 691 1783 757 medietatibus,

206 774 262 823 llll.
279 767 441 820 ultimntnus
453 768 526 819 etiam
540 768 565 818 in
578 767 761 832 sementalibus
772 769 856 820 ιιιιιιιὶα
868 769 960 822 medle-
1004 785 1061 830 nou,
1075 774 1102 823 ut
1115 772 1140 822 in
1155 773 1235 835 planis
1248 774 1340 837 liguris,
1349 775 1423 826 semet
1436 778 1474 827 est
1488 775 1596 826 iacienda
1610 778 1783 842 multiplicatio,

176 859 233 910 tatis
242 857 343 933 insertio
352 857 518 908 consideratur
527 856 553 906 iu
561 854 701 918 huiusmodi
711 856 795 906 torma.
804 859 959 920 Propositum
1003 859 1045 910 sed
1059 859 1106 911 bis.
1139 861 1236 924 Qulpps
1247 861 1297 912 illio
1309 862 1359 913 duo
1371 866 1444 914 latera
1457 865 1669 928 describebamus‚
1680 880 1784 930 quorum

173 951 214 999 est
223 947 338 1011 probare,
347 944 552 1009 quemadmodum
564 944 740 1006 triangulorum
754 944 870 996 similium
881 958 964 1008 uuum,
1003 947 1104 997 altarum
1117 947 1142 996 in
1152 948 1248 998 duobus
1260 950 1398 1012 momentis,
1412 949 1514 1001 altemm
1528 951 1555 1001 in
1567 953 1645 1002 tribus
1655 953 1785 1004 constitua·

174 1035 283 1087 medium
298 1035 439 1097 rontpw
449 1033 595 1090 inueniatur.
629 1032 700 1095 (vide
715 1032 830 1096 figunt.)
842 1033 957 1084 Sintdno
1002 1035 1211 1100 bamus;duoque
1220 1038 1251 1088 ad
1260 1038 1306 1089 tria
1315 1038 1708 1104 multiplicantas,inrenlebamus
1717 1041 1784 1091 nasei

175 1123 264 1175 similia
282 1123 397 1186 samguis
420 1121 523 1173 limitata
536 1121 630 1173 Grecis
647 1121 721 1172 literis
733 1123 844 1185 αβγα,
855 1123 958 1173 alterurn
1003 1124 1124 1174 senarium
1140 1139 1277 1176 nnmerum.
1309 1127 1341 1176 st
1365 1126 1390 1176 in
1410 1127 1448 1177 bis
1469 1127 1552 1178 solidis
1575 1128 1671 1192 tarmis,
1689 1132 1786 1193 propter

172 1213 260 1277 dpsd
272 1211 349 1274 eequis
367 1200 482 1273 iugulis:
499 1222 549 1260 nno
562 1209 605 1273 qnl
622 1210 661 1260 est
672 1210 718 1260 sub
730 1228 747 1260 α
763 1211 819 1274 βγς
830 1210 905 1261 altem
917 1211 959 1273 qui
1003 1211 1122 1274 geminam
1139 1212 1298 1275 medictatem,
1311 1214 1469 1277 geminabitur
1481 1214 1670 1278 multiplicatio:
1688 1221 1716 1266 ut
1728 1229 1785 1266 cnm

175 1302 213 1351 est
226 1298 352 1364 subdps.
385 1298 433 1349 Ubi
446 1296 818 1361 cuimequslessngull,etiam
832 1298 960 1361 tatempro
1003 1313 1035 1351 ex
1047 1299 1143 1350 duobus
1153 1303 1179 1352 et
1190 1301 1267 1352 tribus
1277 1302 1539 1365 multiplicatia‚natus
1549 1303 1594 1354 erit
1604 1303 1668 1354 idem
1677 1305 1786 1355 senarius

172 1388 321 1452 sempeteuti
341 1388 414 1437 aaut
430 1405 438 1437 ι
452 1389 481 1436 ni
496 1386 560 1437 euim
575 1388 619 1450 αβ
635 1385 713 1446 latus,
725 1386 795 1449 justa
811 1387 827 1449 β
842 1402 855 1435 s
873 1386 937 1436 latus
951 1406 968 1437 :·
1003 1388 1071 1450 justa
1085 1389 1158 1439 nulus
1175 1389 1271 1440 interim
1287 1389 1421 1442 medietatis
1439 1391 1556 1442 radonem
1578 1411 1584 1440 ι
1603 1392 1672 1454 jnsta
1689 1391 1787 1442 alterius

174 1477 238 1541 alep
250 1479 269 1527 li
281 1476 358 1538 istus,
371 1476 474 1538 jusisti
490 1474 587 1526 alatus.
619 1473 680 1524 lileo
695 1474 782 1524 borum
796 1473 873 1525 dnum
891 1474 958 1524 simi-
1007 1489 1104 1540 quoque
1117 1475 1260 1539 medietatis,
1274 1489 1330 1540 quaa
1341 1477 1401 1528 torte
1411 1478 1458 1528 erit
1470 1479 1494 1528 iu
1509 1490 1612 1529 numero
1623 1477 1785 1542 quaternario,

177 1567 237 1617 lium
258 1564 432 1626 triangulorum
453 1575 530 1612 uuum
549 1561 658 1614 medinm
682 1568 823 1625 competens
846 1562 958 1613 inventri.
1007 1565 1731 1629 quatersessuppntemus:atqueliasummaomnis,sire
1744 1579 1787 1616 uu·

175 1653 282 1704 sienim
299 1662 458 1711 mneessum,
470 1649 590 1700 directum
601 1663 655 1700 esse
665 1667 682 1699 α
693 1649 798 1712 ΒΙιῑιιι,
811 1652 854 1702 lis
870 1650 958 1700 lateri:
1004 1652 1074 1712 meri,
1083 1653 1135 1702 sire
1148 1652 1231 1715 molis,
1244 1663 1287 1702 sen
1300 1651 1430 1714 qualitatis,
1441 1652 1467 1701 iu
1477 1653 1671 1718 vigintiquatuor
1680 1653 1787 1716 partibus

172 1743 222 1815 erit
239 1739 465 1802 etlamslilstus,
483 1737 604 1788 directum
625 1738 758 1789 lidlateri
772 1757 780 1787 ι
792 1739 818 1788 et
831 1737 959 1800 conjungat
1004 1740 1146 1790 inveniatur.
1180 1741 1209 1789 ut
1224 1740 1338 1803 quoniam
1358 1739 1443 1790 mundi
1460 1741 1606 1804 summitas,
1621 1742 1645 1790 ld
1661 1740 1784 1806 eatignis,

174 1828 322 1878 dnotaliues
342 1825 489 1876 indirectum
503 1825 582 1886 latus,
595 1827 661 1888 quod
674 1826 774 1876 estad.
806 1828 960 1893 ltrgoutest
1004 1827 1107 1877 solidum
1119 1840 1207 1892 eorpus
1220 1827 1338 1878 exsistens
1352 1827 1426 1878 babet
1439 1827 1543 1889 illatria,
1556 1827 1737 1892 longitudinem,
1750 1829 1785 1880 la·

173 1933 192 1965 α
203 1919 223 1966 Β
236 1916 312 1975 istus,
324 1914 393 1976 justa
406 1913 525 1964 dsistas
535 1931 542 1962 c
553 1913 591 1962 sio
601 1915 621 1965 B
631 1914 644 1963 d
655 1930 667 1963 ε
679 1914 880 1976 amangutomm
890 1913 960 1977 iusta
1003 1913 1144 1978 titudinem,
1159 1915 1302 1967 soliditatem
1327 1935 1334 1966 ι
1357 1915 1398 1966 sed
1418 1927 1466 1966 uon
1480 1927 1605 1980 peraque,
1626 1915 1746 1980 siquidem
1759 1916 1786 1968 in

173 2004 268 2054 dlisd
281 2001 437 2064 triangulum.
468 2001 519 2052 Sub
539 2000 625 2052 eedem
647 2003 738 2065 quippe
752 2002 879 2053 altitudine
894 2008 960 2070 ,sont
1004 2003 1045 2054 illo
1061 2003 1121 2066 ignis
1134 2003 1188 2066 plus
1206 2005 1244 2054 est
1257 2003 1422 2066 claritudinis,
1435 2003 1557 2066 aliquanto
1574 2004 1654 2054 minus
1666 2003 1785 2056 moderati

175 2093 216 2142 ed
227 2091 311 2142 litem
342 2091 469 2141 litantem
480 2107 496 2151 γ
508 2092 527 2140 Β
538 2089 679 2151 latusiusta
689 2093 709 2141 B
721 2091 735 2140 d
745 2090 817 2153 latus,
828 2093 959 2142 siedalid
1004 2092 1101 2154 caloris,
1116 2093 1231 2155 exiguum
1250 2105 1307 2142 rero
1321 2091 1447 2143 soliditatis
1463 2111 1470 2142 ε
1485 2093 1511 2142 in
1522 2095 1594 2144 terrm
1615 2094 1695 2143 antem
1712 2093 1784 2156 gleba

176 2179 309 2241 triangulus
322 2177 392 2240 iusta
409 2194 426 2226 α
439 2193 454 2239 γ
468 2176 623 2240 triangulum.
656 2179 718 2228 sunt
729 2177 794 2227 enim
815 2177 958 2229 subendam
1005 2182 1059 2244 plns
1070 2181 1101 2231 sit
1110 2181 1251 2243 soliditatis,
1261 2180 1414 2245 aliquantum
1432 2168 1490 2232 vero
1499 2180 1618 2240 humoris,
1630 2181 1785 2245 perexiguum

176 2265 231 2316 lusae
241 2278 338 2328 qnoque
353 2263 505 2324 altitudines
517 2263 602 2314 literae.
619 2264 670 2313 Eric
680 2277 737 2325 crgo
751 2268 778 2313 ut
790 2265 828 2329 δβ
841 2281 852 2314 ι
863 2265 959 2314 atriae·
1004 2269 1064 2320 lucis
1076 2284 1084 2318 :
1095 2269 1159 2320 seris
1172 2274 1196 2319 et
1208 2281 1277 2332 aquae
1290 2269 1345 2320 due
1357 2269 1495 2320 medietates
1506 2283 1579 2333 quam
1596 2269 1687 2322 habeut
1699 2283 1786 2334 dogne

174 2354 261 2418 qulua,
274 2353 345 2415 iuxta
360 2355 374 2402 i
388 2354 403 2416 β
414 2369 430 2401 s
441 2353 455 2401 ὅ
467 2353 615 2414 triangulum
630 2367 637 2401 2
652 2353 689 2403 tlt
703 2352 768 2403 idam
781 2351 870 2418 δβαδ
885 2353 959 2403 triau-
1004 2358 1097 2409 bonam
1110 2369 1165 2407 cum
1179 2358 1403 2421 supramemoratis
1415 2357 1556 2418 elementis,
1571 2359 1739 2427 intelligamus.

174 2443 264 2506 quius,
275 2441 345 2504 justa
360 2459 375 2490 s
387 2443 454 2505 βγα
472 2440 626 2502 triangulum.
659 2443 742 2492 Duum
762 2454 819 2505 ergo
843 2442 959 2492 similium
1035 2446 1090 2495 liv.
1107 2445 1219 2507 Sequitur
1232 2443 1502 2508 descriptio'selidsmm
1515 2445 1646 2508 liguramm
1664 2459 1719 2496 cum
1738 2459 1787 2497 au-

175 2529 366 2592 triangulornm,
384 2528 409 2578 id
433 2533 471 2579 est
487 2545 504 2578 α
518 2531 533 2588 β
549 2545 564 2592 γ
583 2547 613 2592 α,
637 2534 661 2580 el
675 2531 689 2579 d
704 2531 720 2579 d
736 2546 748 2579 s
763 2531 790 2590 d,
807 2530 898 2581 iactam
922 2532 961 2580 est
1006 2533 1079 2583 meris
1093 2531 1222 2594 suisiusta
1235 2531 1410 2582 arithmeticam
1426 2531 1586 2596 disciplinam

176 2619 291 2678 ardum,
304 2618 400 2668 idestd
412 2618 427 2666 d
439 2617 656 2680 adtriangulum,
668 2616 735 2680 quod
747 2616 882 2666 latendum
898 2622 959 2667 erat
1037 2623 1130 2672 llamm
1144 2619 1273 2669 solidsmm
1289 2609 1418 2669 termulum
1437 2622 1562 2684 cognatio,
1574 2634 1729 2671 numerorum
1747 2623 1785 2672 in·
1835 2635 1837 2638 ·

205 2709 273 2757 xlll.
291 2708 319 2755 ut
333 2706 375 2768 pto
389 2703 430 2755 odo
444 2702 553 2754 teissim
570 2704 627 2765 pto,
638 2703 708 2766 βάθος
720 2703 745 2752 δὲ
757 2704 829 2766 μηδὲν
843 2703 899 2767 ἕχον
913 2703 959 2753 ide
1005 2708 1239 2759 dicaturoonsortio.
1272 2707 1395 2771 Siquidem
1403 2708 1474 2770 primi
1484 2707 1567 2758 limitis
1574 2721 1679 2772 summa,
1687 2707 1787 2760 dimidia

173 2795 336 2859 γίγνεσθαιτὸ
350 2798 394 2842 τοῦ
410 2792 497 2850 παντὸς
514 2797 595 2855 σῶμα,
615 2791 658 2854 pte
673 2791 774 2854 μεσότης
787 2792 816 2840 ἂν
832 2791 919 2856 timasi
931 2791 961 2840 τά
1007 2809 1063 2857 pars
1075 2795 1102 2845 lit
1115 2777 1216 2872 secundi
1229 2796 1310 2846 limitis
1322 2807 1433 2846 summm.
1450 2797 1512 2846 liam
1527 2795 1610 2858 uiginti
1624 2797 1728 2858 quatuor
1742 2809 1786 2846 uu-

174 2899 202 2932 ss
213 2882 262 2944 psi*
275 2883 346 2939 αιἰτῆς
359 2882 447 2938 moesto
458 2881 499 2929 sol
510 2880 602 2938 ίαυτήν.
634 2882 684 2930 Νῦν
694 2880 729 2941 di,
741 2881 834 2943 στερεὸν
847 2881 892 2943 γὰρ
902 2879 960 2929 αὐτὸ
1007 2887 1102 2946 merus,
1112 2883 1269 2948 quadraginta
1277 2885 1332 2934 ocio
1342 2883 1438 2935 numeri
1448 2882 1546 2933 dimidia
1555 2897 1611 2946 pars
1623 2887 1667 2935 est.
1678 2883 1788 2936 sceunds

116 3014 121 3023 ,
173 2976 293 3034 spodium
309 2970 381 3031 εἶναι,
398 2970 437 3031 (τὰ
459 2969 485 3018 tt
501 2969 585 3033 scepei
605 2969 649 3032 pia
663 2969 705 3031 pis
727 2968 854 3032 οὐδέποτε,
872 2970 914 3018 ido
934 2970 960 3018 δὲ
1005 2975 1063 3025 item
1078 2974 1175 3035 tertie,
1195 2975 1220 3024 ei
1240 2974 1294 3024 buc
1316 2973 1396 3037 quarti
1413 2964 1499 3023 'limitis
1519 2984 1622 3023 summae
1644 2973 1786 3025 dimidietas.

174 3059 302 3123 serimus
321 3059 357 3107 ἀεὶ
379 3058 598 3121 wasemium)
611 3057 674 3105 οὕτω
687 3058 717 3114 δὴ
735 3056 808 3120 πυρός
822 3073 847 3105 τε
862 3058 903 3104 set
917 3062 960 3115 tls
1006 3064 1083 3124 AEque
1101 3064 1235 3111 retmrsurn
1249 3074 1346 3124 quoque
1364 3054 1485 3123 postrema
1500 3060 1579 3111 tertiae
1593 3060 1667 3124 dupla
1688 3079 1695 3111 ι
1715 3059 1787 3111 tertis

173 3148 238 3210 deep
250 3146 308 3211 dape
317 3162 343 3195 m
355 3146 374 3224 ⁶,
384 3145 435 3201 isis
449 3145 474 3193 ἰν
485 3145 553 3207 μέσῳ
566 3145 611 3201 ist<
622 3145 664 3193 ast
675 3144 733 3207 πρὸς
743 3144 832 3202 mnia
843 3144 896 3193 aas·
904 3143 960 3193 ὅσον
1007 3150 1066 3199 item
1081 3148 1195 3200 moundaa
1207 3149 1293 3213 dupla,
1304 3151 1328 3200 et
1340 3148 1424 3211 primae
1433 3148 1547 3199 mcunda.
1564 3148 1690 3213 liquatis
1704 3147 1788 3199 mediis

170 3226 205 3297 ’ἦν
216 3234 315 3285 δυνατὸν
323 3234 417 3284 atacis
425 3231 817 3297 emmtmoomzpmeimmd,
830 3236 960 3295 τιιιιριιῦρ
1008 3237 1117 3301 duabus,
1145 3250 1200 3301 qna
1222 3238 1285 3288 inter
1307 3236 1367 3287 duas
1395 3237 1485 3287 turmas
1513 3238 1617 3289 extimas
1637 3230 1786 3300 inseruntur,

176 3324 233 3387 epi<
246 3324 316 3388 dape,
325 3327 395 3374 τοῦτο
408 3321 466 3384 ἀέρα
476 3322 533 3386 πρὸς
546 3322 624 3386 ὕδωρ,
639 3323 678 3369 sei
694 3321 717 3383 ὅ,
729 3338 751 3370 τι
764 3321 809 3385 dle
818 3321 876 3385 πρὸς
886 3322 958 3385 deep,
1005 3327 1113 3388 genitura
1125 3328 1162 3377 est
1175 3325 1206 3377 de
1219 3325 1312 3377 hisdem
1334 3326 1444 3377 extimis.
1479 3328 1521 3376 Est
1535 3326 1598 3377 euim
1613 3325 1682 3388 primi
1702 3323 1787 3373 limitis

172 3418 245 3463 τοῦτο
261 3414 323 3476 ὕδωρ
337 3413 394 3476 πρὸς
409 3418 462 3475 γῆν.
1006 3414 1122 3465 medietas
1134 3414 1159 3465 in
1173 3414 1395 3478 pelioranumero,
1407 3414 1432 3463 ld
1444 3417 1481 3464 est
1497 3414 1607 3475 senario,
1620 3413 1661 3475 qui
1680 3411 1788 3461 nascitur

197 3502 275 3550 .lllll.
293 3502 392 3562 lpitur,
406 3499 531 3562 lnquit,si
547 3496 641 3549 maadi
658 3508 752 3561 eorpus
770 3497 959 3561 lonqiiudinem
1006 3512 1037 3551 es
1051 3500 1215 3563 multiplicatis
1229 3500 1330 3549 summis
1345 3499 1493 3560 minoribus,
1506 3497 1640 3549 bistrlbus.
1674 3500 1716 3547 Est
1728 3496 1787 3547 itam

174 3590 202 3638 ei
216 3586 388 3637 testitudinem
398 3586 500 3648 solam,
509 3585 672 3636 soliditatem
682 3598 741 3636 uero
750 3585 855 3636 eutium
865 3585 961 3636 tedere
1006 3587 1130 3637 novissimi
1144 3587 1226 3637 limitis
1241 3588 1264 3637 ln
1280 3587 1371 3637 minore
1384 3598 1485 3636 numero
1496 3586 1626 3649 medietas,
1639 3584 1664 3634 id
1676 3571 1712 3635 est
1722 3586 1786 3637 outo.

179 3675 299 3735 deberet,
315 3676 431 3737 essetque
447 3672 717 3738 injustedamnum
731 3677 770 3724 est
780 3674 960 3738 perfectorum
1006 3676 1083 3737 lqitnr
1104 3674 1176 3737 primi
1191 3673 1273 3725 limitis
1286 3674 1403 3735 maiorem
1424 3673 1574 3724 medietatem
1597 3685 1652 3721 cum
1674 3672 1787 3734 postremi

178 3773 332 3826 corpoream,
355 3759 524 3824 superficiem
545 3773 602 3810 une
623 3761 753 3812 medietas
774 3760 906 3821 mslieeret
925 3759 961 3810 ud
1006 3762 1088 3815 limitis
1103 3762 1193 3811 minore
1205 3760 1332 3811 medietate
1341 3758 1693 3822 multiplicans,ereoseouudl
1704 3758 1787 3809 limitis

178 3853 257 3901 semei
274 3853 362 3913 ipsam
377 3848 600 3910 dicendumst
622 3851 735 3899 exiimm
753 3851 853 3912 portes.
886 3850 962 3899 Nunc
1005 3852 1081 3900 totam
1095 3848 1120 3897 iu
1140 3847 1296 3912 quodraginta
1311 3849 1367 3897 octo
1381 3852 1484 3897 numero
1502 3846 1786 3910 positamsubstantlam.

180 3941 307 4003 quoniam
314 3936 452 3989 soliditate
461 3948 526 4001 opus
534 3940 592 3986 erat
602 3935 736 3986 mundano
746 3938 850 4001 corpori
858 3973 866 3999 ,
874 3935 962 3987 solide
1007 3941 1037 3989 st
1053 3949 1111 3987 nero
1124 3936 1145 3985 si
1160 3935 1233 3998 primi
1244 3934 1328 3987 limitis
1342 3935 1475 3997 minorem,
1487 3948 1542 3998 quas
1555 3937 1593 3986 est
1605 3937 1718 3998 quatuor,
1730 3946 1787 3985 cunr

178 4036 261 4089 porro
278 4036 419 4090 nunquam
431 4024 685 4088 summitatatem
703 4023 888 4075 medietatibus
904 4026 960 4074 oin·
1007 4024 1124 4090 postremi
1140 4024 1223 4075 limitis
1238 4024 1329 4087 maiore
1338 4023 1478 4084 medietate,
1490 4037 1545 4087 quae
1556 4025 1594 4073 est
1606 4024 1631 4073 in
1647 4024 1789 4086 quatuorei

179 4116 299 4176 σιιιιιίιιι,
317 4114 417 4165 ideireo
428 4114 523 4165 mundi
538 4113 631 4177 opifex
644 4115 717 4163 inter
729 4116 829 4177 tonent,
848 4118 960 4164 terrem·
1007 4115 1103 4180 viginti,
1117 4128 1211 4165 summa
1222 4117 1277 4171 pais
1290 4126 1320 4163 es
1330 4116 1416 4177 quater
1429 4114 1511 4175 senls,
1522 4126 1707 4177 comparavero,
1721 4124 1787 4164 orea-

179 4217 245 4268 que,
255 4218 319 4257 uera
331 4208 357 4255 et
374 4216 474 4268 equam
484 4206 611 4265 inseruit,
625 4204 731 4254 libratis
744 4204 837 4255 iisdem
847 4205 957 4256 elemen-
1007 4205 1074 4256 bitur
1094 4205 1174 4255 omnis
1194 4203 1329 4253 substantia
1350 4203 1412 4253 tertii
1436 4202 1532 4264 limitis,
1545 4212 1599 4265 quaa
1619 4206 1657 4252 est
1673 4200 1750 4264 posita
1762 4200 1788 4252 in

182 4294 218 4343 iis
228 4292 335 4344 solatri
350 4291 443 4355 modo,
459 4294 491 4342 ui
505 4304 564 4355 quae
578 4294 696 4354 madito
708 4295 749 4342 est
760 4294 830 4343 inter
840 4295 927 4355 ionem
938 4296 963 4342 et
1009 4292 1138 4356 nonaginta
1149 4306 1200 4343 ses.
1213 4292 1254 4343 stc
1263 4292 1312 4341 duo
1320 4292 1404 4341 extimi
1412 4290 1542 4341 solidorum
1555 4302 1683 4353 corporum
1694 4288 1788 4340 duabus

179 4391 261 4435 aero,
274 4378 367 4429 eadem
375 4377 451 4440 soret
462 4380 643 4428 interueraet
656 4391 964 4445 uquamsrurmmque
1008 4380 1176 4433 medietatibus
1199 4380 1344 4441 vinciuntur,
1362 4384 1388 4429 nt
1408 4381 1474 4430 reris
1486 4380 1630 4443 minimeque
1652 4377 1787 4428 indelebilis

180 4470 252 4519 inter
270 4478 335 4516 aera
347 4468 374 4517 et
387 4478 498 4530 uquam,
516 4465 570 4516 dee
588 4464 723 4530 eudemio
741 4479 816 4531 aquae
834 4468 964 4532 terreque
1008 4465 1165 4517 arithmetioaa
1181 4464 1315 4529 disciplinae
1326 4466 1452 4517 confirmat
1468 4468 1609 4531 auctoritas,
1625 4467 1786 4517 testimoninm

179 4558 306 4614 societate
316 4555 478 4605 concuteret.
1009 4554 1120 4617 praebens
1132 4553 1235 4604 Platoni.

213 4642 299 4693 ldundi
312 4654 401 4704 cerpus
411 4642 516 4692 solidum
528 4642 656 4703 essedicit,
667 4647 690 4692 et
702 4642 837 4705 globosum.
870 4640 959 4703 liuius·
1039 4642 1105 4691 livl.
1123 4639 1276 4689 llaecoadem
1289 4638 1509 4689 solidorumdunm
1522 4650 1648 4700 corpomm
1663 4636 1786 4697 distantia,

185 4730 251 4778 modi
262 4730 343 4780 autem
355 4742 458 4792 corpora
468 4730 562 4780 duabus
572 4729 740 4780 medietatibus
746 4730 896 4791 vinciuntur,
905 4742 964 4794 qna-
1009 4741 1052 4777 seu
1065 4726 1154 4790 duplex
1165 4727 1291 4785 medietas,
1302 4724 1448 4789 conjungere
1458 4725 1569 4775 distantia
1578 4736 1679 4788 corpora
1691 4736 1786 4787 gasma-

182 4820 254 4868 tsnus
263 4819 291 4868 ut
301 4818 326 4867 in
339 4818 416 4881 etitgie
428 4818 484 4882 pilae
495 4822 519 4869 et
533 4820 559 4868 in
570 4818 612 4869 illo
621 4818 712 4868 ambitu
724 4833 731 4867 τ
741 4821 778 4869 est
786 4819 876 4882 quippe
884 4818 965 4881 aliqua
1008 4815 1076 4866 tricis
1090 4814 1162 4865 etiam
1176 4814 1310 4865 rationibus
1322 4827 1366 4878 pro
1382 4814 1527 4875 competenti
1540 4812 1614 4863 medo
1625 4813 1662 4863 sio
1679 4812 1786 4863 ostendi-

182 4904 323 4966 longltudo,
336 4908 374 4955 est
387 4906 460 4956 etiam
478 4906 593 4967 latitudo,
607 4920 667 4969 quas
687 4905 827 4957 dimetimur
846 4906 963 4969 impresso
1010 4906 1072 4953 tur.v
1097 4901 1144 4951 Sed
1156 4901 1236 4963 prius,
1251 4900 1308 4963 quia
1323 4902 1360 4950 est
1370 4914 1384 4950 e
1395 4912 1422 4949 ro
1436 4899 1690 4964 accommodatumque
1701 4902 1787 4951 tracta-

182 4996 273 5056 puncto
287 4992 311 5041 in
321 4993 450 5043 medietate
460 4994 660 5055 summitatis,ad
669 5008 741 5057 quam
750 4994 903 5045 medietatem
916 5009 962 5046 un·
1008 4990 1057 5051 tui,
1074 4988 1131 5051 quid
1151 4989 1183 5037 sit
1201 4988 1248 5037 boo
1268 4988 1334 5050 quod
1352 4990 1491 5051 competens
1509 4989 1651 5051 appellatur,
1674 4988 1797 5051 ἀναλογία,

180 5080 255 5143 dique
262 5080 293 5129 ab
299 5080 392 5131 ambitu
402 5083 582 5145 aequaleslinem
594 5083 757 5145 porriguntur.
769 5083 820 5132 tina
830 5083 903 5145 igitur
912 5084 964 5133 baec
1010 5092 1067 5128 uero
1078 5090 1093 5126 a
1105 5078 1206 5139 Graecis,
1217 5076 1350 5139 explicabo.
1369 5077 1497 5127 Geminum
1508 5078 1544 5127 est
1553 5079 1701 5140 competens,
1709 5090 1785 5128 ιιιιιιιιι

183 5166 304 5219 medietas
324 5168 349 5217 in
370 5168 498 5231 superlicio
519 5169 565 5220 sits
585 5171 637 5231 est,
652 5168 727 5218 altera
747 5169 771 5218 ln
787 5168 920 5234 protiindo,
934 5168 965 5218 ad
1010 5168 1166 5231 continuum,
1180 5166 1280 5218 alterum
1292 5166 1392 5217 distans.
1424 5165 1570 5220 οοιιῑίαιιιιιιι
1585 5168 1726 5229 competens
1738 5166 1785 5228 est,
