3959 5925
777 330 829 389 ΒΕ
848 327 1099 392 DEMONACTE.

142 471 219 529 nisse
229 464 454 534 arbitrabantur.
465 465 589 523 Tantum
604 482 675 520 vero
686 475 745 520 tum
756 462 832 539 apud
843 463 922 520 eires

144 572 202 615 tum
226 555 303 632 apud
330 554 403 611 alios
430 552 561 609 homines
585 552 754 611 auctoritate
776 550 870 608 valuit
893 564 922 607 et

144 641 324 720 eloquentia,
339 654 372 698 ut
383 641 409 698 si
421 653 482 697 orta
493 639 636 697 seditione
646 637 681 694 ad
696 638 838 714 populum
853 655 922 694 con·

146 734 326 798 cionaretur,
343 729 425 786 facile
448 727 581 784 mortales
606 727 642 783 ad
666 727 794 783 officium
821 727 922 802 patriae

145 818 274 876 debitum
293 816 457 873 reduceret·
471 816 567 883 Quare
582 815 620 890 (8)
636 813 770 870 turbidos
789 812 922 870 homines

145 906 303 982 aliquando
319 903 454 971 Athenis,
471 913 623 978 postquam
646 901 677 956 in
703 900 829 957 medium
855 920 922 976 pro·

145 993 239 1065 cessit,
252 988 315 1049 sola
327 988 479 1068 praesentia
492 1007 544 1046 sua
558 986 696 1063 coercuit,
713 1001 803 1063 utque
818 989 854 1044 ad
874 1005 923 1044 sa-

145 1083 262 1138 nitatem
278 1079 398 1136 rediisse
412 1077 496 1142 vidit,
510 1074 583 1132 nihil
596 1076 709 1134 locutus
724 1074 807 1132 abiit.
827 1073 921 1132 Vitam

145 1167 273 1225 raelibem
290 1167 359 1241 egit,
380 1163 563 1242 quorundam
591 1163 711 1220 sortasse
730 1162 921 1240 philosopho·

146 1355 175 1364 —
185 1328 219 1386 (a)
231 1326 352 1375 Lucienus
364 1324 406 1373 rit.
424 1327 563 1373 Demonact.
574 1335 596 1370 e.
610 1325 677 1371 64-θῖ
691 1341 697 1370 :
710 1322 816 1378 στάσεως
828 1323 853 1372 δέ
864 1339 922 1371 ποτε

146 1399 250 1455 Ἀθήνησι
266 1397 389 1458 γενομένης
411 1396 516 1451 ελσῆλθεν
531 1395 563 1449 τίς
582 1394 623 1450 τὴν
638 1393 773 1452 ἐκκλησίαν,
786 1395 826 1441 καὶ
845 1394 921 1455 ρανελς

145 1468 215 1528 μόνον
225 1471 316 1515 σιωπᾶν
328 1465 437 1522 ἐποίησεν
447 1464 539 1518 αύτούς·
551 1465 566 1512 θ
583 1462 609 1511 θέ
623 1465 679 1512 ἰθὼν
688 1465 733 1522 ἤδη
747 1464 921 1526 μετεγνωκότας

145 1540 210 1586 ούόέν
231 1538 302 1586 εἰπὼν
323 1534 364 1584 καὶ
378 1535 448 1590 αὐτὸς
470 1532 604 1593 ἀπηλλάγη.
614 1535 671 1582 'Ore
685 1535 711 1582 δέ
730 1540 830 1591 συνῆκεν
844 1533 922 1582 οὐκέθ’

145 1608 192 1660 οίός
207 1623 231 1655 τε
246 1608 279 1654 ὧν
292 1608 357 1667 αύτῷ
368 1606 508 1667 ἐπικουρεῖν,
526 1605 599 1652 ιίπὼν
615 1605 671 1667 πρὸς
683 1605 737 1660 τοὺς
750 1602 867 1666 παρόντας
879 1606 921 1653 τὸν

145 1678 271 1733 ἐναγώνιον
290 1681 337 1724 τῶν
353 1675 461 1738 κηρύκων
480 1675 541 1722 πόδα
557 1673 630 1733 Δὴγιι
647 1673 688 1734 μὲν
707 1674 773 1734 ἀγὼν
785 1678 832 1721 τῶν
841 1672 922 1720 καλλί-

144 1764 207 1796 στων
220 1748 295 1795 ἄθλων
314 1745 413 1809 ταμίας,
429 1745 509 1806 καιρθς
527 1745 552 1794 δὲ
572 1745 640 1793 καλεῖ
659 1746 742 1805 μηκέτι
762 1745 860 1807 μέιλειν,
881 1746 921 1792 καί

143 1817 236 1865 πάντων
247 1815 409 1878 ἀποσχόμενος
422 1815 510 1874 ἀπῆλθε
526 1819 569 1862 τοῦ
587 1813 639 1876 βίου
650 1814 743 1876 φαιδρὸς
761 1815 803 1862 καί
821 1813 869 1869 οἷος
885 1813 921 1863 ἀεὶ

143 1894 191 1939 τοῖτ
208 1887 387 1950 ἐντυγχάνουσιν
405 1885 517 1944 ἐραίνετο.
535 1885 628 1944 Ὀλίγον
647 1886 673 1932 δέ
691 1887 735 1947 πρὸ
749 1889 790 1942 τῆς
809 1885 916 1943 τελευτῆς

143 1958 252 2022 ἐρομένου
270 1957 345 2016 τινός,
360 1957 418 2019 Περὶ
434 1961 507 2017 ταφῆς
517 1955 543 2002 τί
560 1955 675 2013 κελεύειςς
697 1955 737 2011 Μὴ
758 1955 921 2017 πολυπραγμο·

143 2034 216 2088 νεῖτε,
229 2028 278 2086 Ean·
298 2027 371 2088 ἡγὰρ
383 2025 445 2083 ὀδμή
460 2042 489 2087 με
504 2024 581 2086 θάψει.
595 2026 707 2087 Φαμένου
721 2026 746 2073 di
768 2024 874 2084 ἐκείνου,
892 2027 922 2073 Τί

142 2097 197 2153 edm
206 2098 250 2145 οὐκ
256 2097 352 2158 αἰσχρὸν
360 2095 489 2158 θρνέοιςκαί
499 2096 553 2142 κυσί
562 2095 633 2156 βορὰν
642 2096 778 2157 προτεθῆναι
785 2093 922 2151 τηλικούτου

142 2168 223 2230 ἀνδρὸς
237 2171 322 2230 σῶμα;
338 2168 385 2216 Καὶ
396 2166 441 2226 μὴν
453 2166 519 2213 οὐδὲν
536 2165 632 2215 ὀτοπον,
644 2165 700 2225 ἔφη,
716 2169 800 2224 τοῦτο,
815 2165 836 2212 εἰ
846 2165 922 2224 μέλλω

141 2240 182 2285 καί
196 2237 320 2286 ἀποθανὼν
333 2237 400 2299 ζῴοις
416 2237 464 2285 τισί
473 2236 588 2299 χρήσιμος
601 2235 705 2284 ἐσεσθαι.
721 2237 752 2286 Ol
767 2235 844 2295 μέντοι
860 2236 922 2292 Ἀθη·

140 2313 202 2356 ναῖοι
215 2310 255 2355 καὶ
266 2309 354 2369 ἔθαψαν
369 2307 439 2354 αὐτὸν
450 2307 552 2368 δημοσίᾳ
567 2307 748 2368 μεγαλοπρεπῶς
762 2306 802 2353 καί
812 2305 851 2354 ἐπὶ
862 2305 922 2353 πολὺ

141 2378 272 2434 ἐπένθησαν
282 2378 323 2425 καὶ
333 2378 373 2425 τόν
381 2377 452 2425 θᾶκον
463 2377 503 2424 τὸν
515 2377 609 2433 λίθινον,
619 2376 653 2434 ἐφ’
667 2374 695 2423 ού
707 2376 782 2423 ελώθει
800 2375 870 2422 θπότε
882 2374 922 2420 κά-

59 2465 75 2482 ·
113 2462 115 2466 ’
143 2462 196 2506 μνοι
209 2446 382 2505 ἀναπαύεσθαι,
395 2445 551 2507 προσεκύνουν
564 2446 604 2493 καί
614 2444 751 2507 ἐστεφάνουν
763 2445 785 2499 ἐς
800 2446 869 2503 τιμὴν
880 2447 921 2491 τοῦ

140 2516 230 2578 ἀνδρός,
245 2516 367 2577 ἡγούμενοι
377 2517 438 2578 ίιρθν
450 2516 508 2563 εἶναι
518 2515 606 2563 καὶτὸν
622 2515 693 2573 λίθον,
706 2513 740 2574 ἐρ’
750 2513 777 2561 ού
792 2513 920 2568 ἐκαθέζετο.

142 2585 194 2632 Ἐπί
208 2589 249 2647 μὲν
263 2587 308 2647 γὰρ
321 2587 362 2643 τήν
374 2586 473 2647 ἐκρορὰν
482 2586 526 2633 οὐκ
535 2586 597 2633 ἐστιν
611 2585 675 2639 ὅστις
686 2583 729 2630 οὖν.
739 2584 870 2642 ἀπήντησε,
880 2585 921 2632 καὶ

143 2657 246 2716 μάλιστα
262 2662 308 2704 τῶν
332 2657 471 2717 φιλοσόφων·
493 2654 557 2702 οὗτοι
575 2655 651 2715 μέντοι
674 2653 798 2708 ὑποδύντες
815 2651 921 2714 ἐκόμιζον

146 2726 217 2773 αὐτὸν
229 2727 282 2788 ἄχρι
298 2726 355 2787 πρὸς
377 2727 418 2773 τὸν
432 2726 510 2786 τάμον.
530 2726 610 2773 Ταῦτα
630 2724 699 2783 ὀλίγα
711 2722 771 2769 πάνυ
785 2722 812 2770 ἐκ
828 2724 921 2770 πολλῶν

142 2794 354 2854 ἀπεμνημόνευσα,
370 2796 410 2841 καί
426 2795 489 2843 ἐστιν
504 2795 552 2843 ἀπὸ
565 2794 654 2842 τούτοιν
669 2798 716 2848 τοῖς
727 2793 916 2852 ἀναγινώσκουσι

141 2863 283 2922 λογίζεσθαι,
295 2865 374 2919 ὁποῖος
383 2864 468 2919 ἐκεῖνος
483 2863 540 2927 ἀνὴρ
553 2863 650 2925 ἐγένετο.
837 2856 841 2864 ’

1686 347 1743 396 349

968 487 1031 525 rum
1053 466 1223 524 sententiam
1242 477 1365 541 secutus,
1389 466 1440 542 qui
1454 467 1579 543 sapienti
1598 487 1657 525 non
1682 488 1745 526 esse

967 552 1127 613 ducendam
1143 571 1263 610 uxorem
1281 566 1463 613 censuerant.

1007 643 1102 711 Quum
1118 653 1212 698 autem
1228 640 1405 718 decrepitum
1421 660 1516 698 senem
1536 643 1615 700 vires
1625 643 1747 701 deficere

968 731 1141 808 erupissent,
1176 729 1266 786 fertur
1294 729 1487 808 praesentibus
1522 730 1624 787 amicis
1664 731 1743 788 illam

968 816 1077 873 dixisse
1091 816 1260 887 clausulam,
1286 837 1343 893 qua
1358 817 1387 873 in
1412 817 1620 876 certaminibus
1633 838 1744 895 praeeo-

967 923 1018 962 nes
1031 906 1074 962 uti
1093 897 1224 962 solebant
1250 927 1257 961 z
1277 910 1536 962 Finitarcertarrrert
1554 907 1745 981 pulcherrimo

967 996 1088 1050 tribuens
1102 997 1252 1056 victoribus
1263 1001 1397 1068 premia,
1413 1007 1571 1068 terimurque
1589 1008 1697 1065 nannet,
1712 1017 1747 1050 rac

966 1080 1137 1152 ‹lisso-arnus
1146 1085 1274 1157 arrrplirtr.
1289 1081 1446 1139 Abstinens
1461 1083 1551 1157 igitur·
1560 1082 1696 1141 omnibus
1711 1103 1746 1140 ex

969 1171 1029 1228 rita
1054 1169 1189 1245 migravit
1215 1171 1318 1229 hilaris
1342 1183 1370 1227 et
1392 1171 1487 1246 qualis
1511 1189 1625 1248 semper
1650 1171 1746 1232 ebriis

967 1271 1147 1335 apparuerat.
1163 1259 1206 1316 tte
1217 1259 1366 1336 sepultura
1385 1258 1461 1316 idem
1476 1260 1567 1318 sensit
1582 1261 1660 1337 quod
1675 1261 1746 1318 llio·

967 1365 1062 1420 genes.
1088 1345 1158 1402 Nam
1182 1346 1430 1421 interrogantibus
1452 1348 1570 1417 amicis,
1596 1349 1744 1424 quomodo

967 1434 1084 1510 sepeliri
1115 1447 1247 1510 cuperet,
1273 1433 1454 1492 inhumatum
1478 1453 1509 1492 se
1535 1435 1643 1511 projici
1672 1437 1747 1492 velle

967 1521 1126 1599 respondit.
1142 1523 1179 1578 At
1194 1520 1380 1581 Athenienses
1392 1523 1546 1598 magnifico
1567 1524 1666 1584 itinere
1680 1543 1744 1582 eum

960 1610 1151 1683 extulerunt,
1179 1621 1264 1685 atque
1295 1610 1381 1668 etiam
1419 1610 1515 1668 sedem
1543 1611 1685 1688 lapideam
1714 1613 1744 1670 in

968 1715 1027 1772 qua
1040 1697 1128 1753 sessus
1144 1697 1327 1772 requiescere
1338 1696 1466 1767 solebat,
1483 1698 1644 1756 adorabant
1659 1718 1745 1756 coro-

967 1785 1130 1860 nabantque
1142 1783 1265 1841 honoris
1280 1804 1384 1856 eausa,
1406 1785 1461 1842 rati
1484 1786 1608 1862 lapidem
1631 1806 1746 1863 quoque

966 1889 1029 1928 esse
1053 1889 1165 1927 sacruttt
1191 1870 1221 1927 in
1246 1890 1305 1947 quo
1330 1871 1380 1929 ille
1405 1872 1594 1930 consedisset.
1616 1873 1746 1948 lienique

968 1958 1078 2016 funeris
1092 1959 1244 2034 exsequias
1259 1966 1344 2016 nemo
1360 1959 1414 2020 tuit
1435 1961 1487 2038 qui
1509 1981 1568 2019 non
1583 1979 1746 2038 proseque-

967 2061 1062 2119 retur,
1073 2035 1234 2125 prae'sertim
1245 2046 1497 2126 pbilosophorum.
1511 2048 1547 2106 lli
1562 2067 1668 2124 eorpus
1683 2047 1746 2124 ejus

966 2135 1096 2193 humeris
1118 2136 1179 2193 suis
1198 2133 1345 2194 sublatum
1360 2134 1397 2193 ad
1422 2136 1589 2215 sepulcrum
1612 2149 1746 2213 portare-

967 2235 1046 2280 runt.

1007 2310 1092 2380 Quod
1107 2311 1251 2388 reliquum
1266 2324 1328 2383 est,
1351 2311 1404 2369 diu
1417 2311 1547 2387 viguisse
1561 2309 1746 2368 Demonaetis

966 2390 1135 2455 memoriam
1153 2397 1239 2454 fidem
1265 2398 1375 2456 faciunt
1397 2398 1474 2457 dicta
1497 2419 1531 2454 ex
1553 2396 1617 2473 ejus
1632 2395 1746 2453 librisa

967 2485 1092 2557 Stobaeo,
1107 2484 1220 2542 Joanne
1234 2485 1424 2561 Damascena,
1439 2486 1565 2542 Antonin
1577 2496 1605 2540 et
1619 2483 1744 2540 blaximo

966 2587 1118 2649 excerpta,
1142 2591 1207 2649 quae
1231 2593 1289 2630 una
1312 2593 1377 2631 eum
1402 2572 1552 2631 sententiis
1575 2590 1592 2628 a
1617 2570 1744 2627 Luciam·

966 2663 1088 2720 servatis
1111 2661 1248 2736 collecta,
1269 2661 1418 2736 recognita
1438 2672 1467 2718 et
1483 2659 1572 2717 latine
1594 2677 1678 2716 versa
1697 2657 1744 2714 liic

966 2768 1138 2828 proponam.
