3959 5925
718 297 757 357 ΙΝ
778 297 951 360 immitit
972 296 1174 360 Platonis,
1682 315 1737 368 iti

139 431 244 480 ventura
252 427 298 479 erit
306 426 332 476 in
342 425 489 490 navigando,
498 427 654 488 proveniatei
666 441 715 477 nnn
724 429 774 478 alio
783 430 915 492 quoqnaui,
963 431 1132 492 porro-malos
1149 431 1180 481 eit
1200 431 1312 492 tuturus,
1336 435 1377 480 aul
1394 433 1489 495 boram,
1510 447 1587 496 ueqrre
1606 435 1739 497 decretum,

138 518 180 569 sed
195 517 237 566 itin
250 516 410 578 gubernatore
433 517 516 566 navim
541 521 654 578 regente,
676 519 714 568 vet
730 519 753 568 si
769 520 808 568 cui
829 518 920 568 civitati
961 529 1041 580 neque
1055 517 1207 579 imperatum.
1240 521 1419 581 proptereaque
1431 521 1509 580 teges,
1522 521 1740 582 magisteria,deli·

137 606 313 669 proventurum
327 603 386 664 erit,
400 609 425 652 ui
439 603 509 653 bonis
523 605 606 654 utatur
616 604 748 668 institutis,
764 608 789 657 et
799 606 919 667 montius,
962 603 1108 665 iterationes,
1121 604 1312 666 exhortationes,
1325 606 1497 668 revocationes,
1511 606 1681 668 institutiones,
1694 623 1741 658 nu·

137 698 167 744 ut
182 693 290 755 Spartae,
308 691 413 753 Lycurgi
425 689 517 753 legibus
530 691 577 741 troc
588 690 676 742 debeat
688 693 824 756 provenire.
857 696 919 743 ilem
961 691 1130 741 trimentcmm
1139 698 1202 742 certa
1220 693 1371 756 observatio,
1387 695 1448 756 laus,
1463 695 1623 758 vituperatio,
1639 709 1742 759 quaeque

137 781 159 832 si
172 779 292 843 quinarii
304 778 383 840 iustus
402 779 498 828 lutoms
506 784 557 864 ,σοι
577 780 708 841 trutines,
725 780 783 830 hoie
802 779 918 831 educatio
962 779 1000 829 lais
1011 780 1144 830 sirnilantur
1156 795 1163 829 ι
1176 782 1232 843 quia
1247 784 1309 832 recte
1324 782 1419 832 vivendi
1433 782 1500 845 optio
1513 794 1586 845 penes
1598 795 1644 831 nos
1655 786 1700 832 est.

137 869 264 932 parentum
283 866 424 927 adjumento
446 866 492 928 sit,
511 867 537 917 iu
557 868 660 928 jusiitias
682 871 755 931 atquc
782 869 918 932 aequitatis,
993 869 1088 919 cml.
1105 870 1131 918 si
1145 868 1227 932 igitur,
1240 881 1323 919 eorum
1337 882 1392 931 qum
1405 872 1477 930 scrut,
1498 867 1682 932 pleraqqu'uris
1697 883 1741 918 no·

136 959 248 1006 obtentu.
961 955 1006 1005 stri
1018 958 1090 1016 sunt;
1105 955 1153 1004 elia
1166 961 1236 1006 extra
1251 960 1359 1006 nostram
1373 959 1514 1018 potestatem
1528 970 1534 1004 ε
1548 957 1632 1006 nostra
1643 955 1742 1019 quidem

167 1046 249 1094 cmx.
266 1044 336 1092 Artes
353 1055 451 1104 quoque
469 1041 516 1092 sub
530 1042 572 1093 tati
588 1043 674 1094 cadere
685 1043 826 1104 decretum,
840 1045 918 1094 mani·
963 1043 1099 1106 appetitus,
1113 1043 1248 1106 iudicium,
1272 1045 1398 1105 voluutas,
1415 1057 1562 1106 consensus,
1584 1043 1741 1106 praeparatio,

137 1132 226 1182 testum
242 1141 295 1180 esse
306 1130 390 1191 airint3
404 1142 463 1178 nans
481 1132 505 1180 et
524 1130 582 1180 irinc
596 1129 740 1191 jamdudum
755 1143 807 1182 esse
820 1131 917 1181 ordina·
961 1130 1059 1193 electio,
1075 1131 1219 1193 declinati03
1230 1131 1308 1182 alicua
1320 1144 1393 1190 vero,
1409 1131 1514 1191 divitiae,
1532 1131 1623 1194 gioria,
1637 1131 1742 1193 species,

140 1225 208 1279 tum,
222 1221 278 1282 quta
290 1231 364 1280 eger,
376 1231 426 1281 quo
439 1218 563 1281 medente,
575 1220 708 1270 revalescat
724 1239 731 1269 ι
746 1219 851 1283 denique
864 1221 916 1270 tieri
961 1218 1090 1279 tortitudo,
1100 1223 1247 1281 cmmraque,
1259 1232 1314 1282 qua·
1326 1220 1406 1281 potius
1418 1222 1500 1281 optare
1510 1230 1656 1281 possumus,
1667 1231 1741 1280 quam

138 1308 325 1371 frequentandi
343 1318 394 1355 non
412 1319 426 1356 a
441 1305 552 1368 medico,
571 1305 614 1356 aed
635 1307 667 1357 ab
682 1307 917 1370 imperito,curetur
961 1305 1103 1357 vindicare:
1119 1310 1183 1356 recte
1195 1307 1293 1367 dicitur,
1305 1307 1390 1370 siquis
1409 1307 1468 1362 torte
1481 1305 1616 1368 velimque
1628 1309 1743 1356 nunaunt

137 1407 283 1458 aeger3cum
296 1393 352 1444 tatia
366 1393 411 1444 erit
426 1394 530 1445 conditio
541 1393 641 1444 decreti.
694 1395 783 1446 similia
799 1395 863 1446 ratic
880 1398 918 1447 est
962 1394 988 1442 in
1008 1395 1125 1456 potestate
1147 1400 1242 1454 uestra,
1258 1393 1335 1443 nostri
1349 1393 1410 1455 iuris
1430 1407 1483 1444 esse
1503 1406 1664 1454 praesumere,
1682 1393 1743 1442 ultril

139 1481 256 1543 mudum,
280 1481 500 1545 vituperationum,
525 1480 778 1544 animadversionum,
805 1483 918 1545 praemio-
961 1494 1053 1542 sapere.
1068 1483 1249 1544 consequenter
1264 1494 1321 1542 crgo
1334 1481 1407 1530 etiam
1422 1481 1511 1542 isqui,
1525 1493 1581 1544 quac
1595 1484 1675 1530 nostra
1688 1493 1742 1553 pro·

138 1584 202 1620 rum.
234 1571 273 1620 Fit
283 1569 347 1620 enirn
360 1568 509 1631 frequentem
519 1572 548 1618 ut
558 1568 702 1620 adversante
714 1571 778 1631 tato,
788 1583 845 1633 quae
855 1573 919 1621 recte
961 1569 1012 1632 pria
1023 1572 1090 1628 sunt,
1102 1569 1227 1632 praesumit
1239 1569 1332 1629 aliens,
1348 1567 1421 1628 uitril,
1435 1569 1528 1630 opinor,
1539 1568 1609 1630 sapit.
1633 1568 1743 1629 Denique

137 1661 203 1720 gesta
217 1659 290 1716 sunt,
304 1663 353 1706 non
364 1656 439 1705 modo
457 1654 547 1705 nullam
561 1657 671 1716 laudem,
682 1656 726 1706 sed
740 1661 824 1707 contra
836 1671 917 1720 repre·
963 1659 1044 1708 nullus
1058 1657 1170 1708 laudatur
1181 1657 1213 1706 olr
1224 1657 1377 1720 adeptionem
1391 1656 1569 1718 secundorum,
1584 1670 1639 1718 qrrre
1655 1657 1678 1706 iu
1698 1657 1742 1706 tro-

137 1745 290 1805 lrensiouem‚
304 1743 484 1806 suppliciaque,
498 1742 605 1793 atterant.
638 1746 737 1794 atvero
746 1743 917 1794 diuinationem
961 1746 1032 1796 minis
1045 1729 1161 1810 potestate
1172 1757 1221 1794 uon
1232 1747 1300 1804 aunt,
1313 1745 1359 1794 uisi
1376 1744 1437 1794 torte
1452 1747 1550 1806 putatur
1561 1744 1646 1794 beatus
1663 1763 1670 1794 ι
1686 1757 1741 1806 pro·

137 1831 222 1882 dicunt
235 1831 299 1880 clare
314 1830 494 1890 demonstrare,
509 1833 641 1890 proventus
648 1830 791 1892 jamdudum
805 1843 858 1880 asse
873 1833 917 1881 de·
960 1834 1062 1897 speritus
1074 1833 1137 1883 enim
1147 1846 1195 1882 non
1209 1835 1247 1882 est
1263 1833 1287 1882 to
1299 1832 1352 1894 ejus
1365 1832 1471 1882 arbitrio.
1489 1835 1520 1881 lit
1532 1844 1590 1881 aero
1604 1831 1629 1879 iu
1644 1831 1743 1893 iustitiae

136 1922 226 1969 cretos.
260 1921 344 1982 Neque
353 1919 432 1980 enim,
443 1918 490 1968 nisi
498 1917 621 1969 decretum
634 1919 792 1981 praecederet,
801 1918 832 1968 ad
847 1919 918 1969 ratio·
960 1921 1140 1982 emimentem,
1152 1921 1364 1984 temperantiaeque
1378 1920 1492 1982 negotiis,
1501 1919 1526 1968 in
1539 1923 1680 1968 caeterarum
1693 1919 1743 1967 vir·

136 2021 193 2057 nem
214 2007 266 2068 ejus
284 2006 397 2057 accedere
416 2007 521 2069 potuime
540 2019 669 2070 presagos.
701 2006 842 2056 Animorum
859 2020 918 2056 vern
960 2013 1040 2061 notum
1057 2009 1636 2072 observantiajrrrelaudamur,siquirlemrirtus
1649 2007 1741 2058 libera:

136 2098 275 2146 nostrorum
287 2097 370 2145 motos
378 2093 438 2144 nihil
448 2094 515 2144 aliud
524 2108 594 2156 essa,
606 2109 679 2158 quarn
691 2094 823 2146 ministeria
836 2093 917 2146 decre·
960 2101 1091 2161 contraque
1103 2103 1201 2160 agmrtes
1214 2097 1421 2160 reprehendimur,
1434 2096 1500 2159 quod
1516 2095 1573 2146 dare
1589 2109 1701 2157 operam,
1717 2099 1744 2145 ut

136 2187 216 2233 torum
237 2182 355 2233 tatalium.
395 2181 519 2245 siquidem
541 2196 639 2234 necesse
665 2185 711 2246 sit,
733 2183 770 2246 agi
792 2196 834 2245 per
856 2196 918 2244 nos,
961 2201 1105 2250 peccemus,
1120 2185 1293 2236 existimemur.

138 2275 223 2330 agente
240 2269 302 2319 lato.
336 2269 374 2318 lta
393 2267 503 2318 homiues
518 2269 595 2319 vicem
618 2268 725 2320 obdnerc
750 2282 848 2332 coram,
863 2280 919 2332 quae
993 2274 1099 2323 chltl.
1116 2273 1204 2322 Dicsrut
1214 2285 1298 2334 porro,
1311 2283 1360 2321 non
1370 2274 1502 2332 spontanea
1514 2283 1567 2322 esso
1580 2268 1744 2331 delicta3ideo

137 2350 259 2412 dicuntur,
271 2351 322 2401 sine
335 2351 425 2415 quibus
434 2351 471 2414 agi
486 2365 533 2401 nou
547 2357 626 2416 potest
641 2373 648 2402 ι
661 2352 724 2402 sicut
734 2353 785 2403 sine
799 2352 854 2403 loco
866 2365 918 2402 ease
961 2360 1026 2422 quod
1039 2359 1118 2409 omnis
1128 2360 1218 2420 anima,
1232 2360 1351 2420 particeps
1363 2357 1508 2420 diuinitatis,
1517 2358 1620 2407 naturali
1633 2357 1742 2420 appetitu

136 2451 186 2487 ”⁰¹¹
200 2441 276 2501 Ρθῑὸῗ
287 2443 381 2500 maus,
395 2441 439 2488 avii
451 2438 532 2489 atauo.
962 2446 1053 2496 bonrum
1065 2446 1162 2508 quidem
1177 2459 1271 2506 semper
1281 2445 1371 2506 caperit
1385 2464 1392 2493 ι
1406 2449 1469 2494 errat
1482 2447 1563 2493 taruco
1577 2443 1706 2506 aliquando
1717 2443 1742 2492 in

169 2529 241 2577 cili.
258 2526 392 2577 Adversum
403 2540 458 2590 quae
470 2529 521 2576 tam
536 2528 684 2590 pugnaciter,
698 2529 722 2577 et
736 2528 852 2590 ipsotato
864 2529 917 2577 vio·
959 2533 1051 2596 judicio
1073 2534 1207 2593 bonorum,
1229 2536 1254 2582 et
1275 2531 1402 2580 malorum.
1435 2534 1545 2592 Namque
1569 2530 1608 2579 aiii
1633 2532 1744 2580 nostrum

137 2614 227 2664 lenitus
242 2614 367 2677 ἱῠθῖὶῑῦῑᾶ,
385 2614 443 2678 quid
462 2613 676 2678 mwssdibifflffl?
688 2614 760 2673 Quod
772 2618 838 2666 Deua
857 2617 919 2666 sciat
961 2635 1085 2671 summum
1101 2621 1191 2670 bourrrn
1206 2620 1356 2682 voluptatem
1370 2616 1578 2681 putant„diaitias
1598 2617 1654 2678 alii,
1673 2615 1745 2678 pleri·

136 2703 233 2765 quidem
246 2703 342 2764 omnia,
365 2701 409 2752 sed
431 2702 613 2766 unumquidque
630 2716 673 2765 pro
692 2709 778 2752 natura
790 2717 835 2754 sua
850 2705 915 2767 ipso-
962 2724 1011 2772 que
1026 2707 1139 2770 gloriam,
1150 2707 1263 2758 etomnia
1272 2707 1365 2768 magis,
1377 2718 1450 2767 quam
1462 2705 1634 2766 ipsumserum
1644 2703 1743 2752 bmrum.

137 2804 192 2839 mm
207 2790 430 2840 wiiissltciisiiiii
444 2787 542 2853 quidem
554 2790 724 2853 sublimium,
739 2794 767 2841 ui
780 2792 916 2842 necessitati
964 2800 1008 2847 list
1028 2796 1201 2846 erroriscausa
1215 2792 1353 2855 multiplea.
1386 2794 1466 2842 Prima
1479 2804 1551 2853 quam
1575 2791 1647 2840 stoici
1666 2788 1744 2851 displi-

137 2878 279 2940 ⁰bn⁰x¹⁰m‚
293 2891 382 2941 anceps
395 2880 509 2941 termut
522 2877 625 2941 quodsi
640 2878 917 2942 iilndiunpraediium‚
961 2898 1015 2935 cem
1034 2882 1211 2947 perversionem
1225 2884 1323 2930 vocant.
1355 2881 1414 2928 ilaec
1430 2880 1511 2929 autem
1529 2877 1697 2928 nosciturtem
1714 2889 1743 2925 ex

136 2967 176 3013 cui
189 2966 390 3015 consilimnaiam
406 2967 502 3030 pandat.
534 2969 619 3030 raeque
634 2966 699 3017 euim
711 2968 744 3017 ita
754 2968 799 3018 scit
811 2969 917 3030 ambigui
963 2975 1034 3024 rebus
1047 2972 1120 3035 ipsis,
1140 2982 1214 3033 quam
1233 2982 1264 3019 ea
1282 2968 1445 3031 divulgatione
1463 2968 1542 3016 lamae.
1576 2966 1670 3029 Quippe
1688 2976 1744 3014 moa

136 3058 246 3103 naturam
261 3055 341 3115 Deus,
356 3057 385 3106 ut
404 3054 470 3118 qood
487 3057 596 3115 certum,
610 3058 635 3105 et
656 3056 797 3106 necessitate
812 3057 916 3106 consmi-
962 3057 1042 3118 uatis,
1067 3066 1145 3117 eaque
1176 3056 1285 3103 matema
1305 3052 1398 3101 viscere
1420 3048 1599 3109 decidentibus,
1637 3046 1747 3111 provenit

137 3145 204 3193 mum
216 3164 222 3195 :
234 3145 269 3195 sic
281 3145 345 3195 enim
358 3145 462 3206 falletur,
475 3148 501 3196 et
512 3146 610 3206 nesciet,
625 3145 666 3196 sed
682 3146 723 3206 ita,
738 3148 766 3195 ut
779 3160 822 3206 pro
832 3148 918 3197 natura
962 3150 1030 3197 ortua
1042 3158 1098 3197 cum
1114 3143 1235 3206 aliquanto
1247 3141 1344 3203 dolore,
1356 3142 1481 3204 propterea
1495 3138 1559 3202 quod
1574 3150 1603 3189 ea
1618 3137 1696 3188 calida
1708 3142 1744 3185 at·

137 3233 380 3295 suavere,dubium
392 3235 462 3284 sciat.
496 3234 560 3292 Quid
569 3248 626 3297 ergo
637 3234 847 3285 dicimusiDeum
856 3235 918 3285 scire
962 3245 1010 3295 qne
1025 3230 1123 3281 trumids
1134 3228 1191 3279 sede
1202 3227 1232 3278 ad
1247 3227 1369 3290 trigus,et
1380 3225 1584 3279 siccitatemacris
1597 3224 1745 3284 circumfusi,

137 3322 232 3385 onmia,
246 3322 419 3386 scientiamque
432 3323 485 3384 ejus
499 3336 528 3373 ex
542 3323 675 3375 aeternitate
689 3323 793 3373 solidari.
826 3327 918 3387 Porro,
964 3320 1073 3381 migrent.
1106 3315 1239 3367 Adversum
1251 3327 1324 3378 quem
1336 3313 1459 3374 dolorem,
1474 3312 1596 3373 frigusque
1607 3323 1744 3372 praevarum,

137 3420 193 3467 quae
209 3410 325 3471 sciuntur,
341 3410 428 3477 partim
441 3410 525 3459 divina
534 3424 600 3472 esse,
613 3412 638 3460 et
650 3410 798 3461 immortalia
814 3411 918 3475 :partim
963 3406 1072 3470 opposita
1086 3407 1123 3455 esi
1137 3402 1263 3454 medicinae
1275 3401 1329 3451 loco
1342 3400 1471 3451 artiticiosa
1484 3398 1644 3449 obstetricum
1661 3396 1743 3457 prori-

137 3496 328 3558 occidua‚etad
343 3500 447 3560 tempus.
481 3498 655 3548 immortalium
666 3511 748 3548 rerum
759 3498 918 3548 substantiam
962 3495 999 3543 sio
1013 3512 1018 3541 ε
1033 3496 1060 3542 ut
1074 3504 1136 3555 aqua
1147 3490 1224 3541 calida
1234 3489 1407 3539 confoveantur
1420 3499 1505 3537 recens
1515 3485 1580 3545 uati,
1593 3483 1746 3532 adhibeatur-

137 3582 229 3644 isam,
245 3586 270 3632 ei
288 3581 413 3644 stabilem,
431 3584 482 3632 tore
500 3584 660 3633 :mortalium
673 3585 813 3635 mutabilem
832 3588 857 3635 et
873 3585 919 3634 dar·
964 3596 1011 3644 quo
1030 3582 1096 3629 sices
1109 3584 1134 3629 et
1153 3576 1284 3631 similitudo
1302 3576 1404 3626 materni
1422 3572 1507 3637 gremii
1526 3585 1557 3622 ca
1578 3570 1745 3629 calefactione,

138 3670 203 3718 biam
212 3704 220 3731 ,
235 3669 341 3731 aliasque
353 3669 422 3719 aliter
434 3682 461 3718 se
477 3670 621 3731 trahentem,
634 3673 666 3720 ob
678 3673 770 3721 naturae
782 3672 918 3721 inconstan-
963 3672 1036 3730 atque
1055 3666 1105 3715 totu
1126 3678 1175 3727 quc
1198 3665 1304 3714 lanatum
1324 3674 1412 3724 corpus
1434 3663 1544 3709 tenerum
1565 3656 1705 3718 delectatur,
1721 3659 1746 3707 et

140 3756 207 3806 iiam.
238 3760 301 3819 Ergo
315 3758 389 3807 etiam
402 3756 613 3820 scientiaDci,de
631 3758 720 3807 divinis
735 3758 917 3820 quidem‚quo·
964 3755 1073 3820 quiescit.
1106 3757 1167 3815 Ergo
1186 3767 1216 3802 ex
1235 3755 1338 3814 utroque
1353 3763 1424 3801 seusu
1439 3751 1488 3799 taur
1504 3746 1596 3798 doloris
1610 3761 1683 3811 quam
1703 3746 1744 3797 dc·

138 3858 193 3893 rum
205 3847 243 3894 est
257 3846 337 3906 cerm,
352 3846 376 3895 et
387 3845 529 3895 necessitate
548 3847 663 3908 perpetua
678 3846 784 3905 munita,
804 3846 918 3909 felicitas,
963 3842 1112 3903 tentationis,
1134 3840 1217 3904 opinio
1244 3839 1356 3903 quaedam
1382 3838 1500 3888 uatrsralis
1522 3836 1645 3899 causitum
1674 3848 1747 3891 omne

139 3934 219 3994 certa,
240 3935 264 3983 et
282 3932 430 3993 necessaria,
448 3933 549 3983 scientia
572 3936 609 3983 est
629 3953 636 3983 ι
663 3938 712 3985 um
727 3937 824 3997 propter
843 3934 919 3996 ipsius
963 3944 1053 3993 suave,
1067 3928 1261 3991 acdelectsbile,
1272 3928 1363 3979 bonum
1379 3929 1544 3989 sceptraque,
1557 3922 1622 3987 quod
1638 3923 1745 3973 dolorem

138 4020 245 4070 scientiae
263 4022 352 4069 certam
375 4020 633 4082 comprehensionem,
656 4034 729 4084 quam
756 4034 800 4083 pro
817 4034 917 4084 eorum,
964 4021 1065 4083 atterat,
1079 4018 1248 4079 maimonem,
1264 4019 1336 4079 atque
1349 4014 1483 4066 silendum.

139 4121 194 4170 quae
208 4107 327 4169 sciuntur,
343 4109 485 4159 substantia.
518 4112 550 4159 itt
559 4122 616 4160 vero
628 4110 774 4160 incertorum
783 4110 919 4160 necessaria
996 4110 1102 4158 cmv.
1119 4104 1341 4169 Paratqueeadem
1354 4096 1745 4160 tralotnraementiadeiodigen·

139 4195 237 4257 quidem
247 4196 348 4246 scientia
357 4234 365 4259 ,
375 4196 438 4258 quod
451 4196 544 4247 incerta
555 4198 623 4247 siut:
638 4199 663 4248 ct
674 4198 698 4245 in
708 4200 794 4247 eventu
806 4197 919 4258 ambiguo
965 4196 998 4244 tia
1017 4207 1128 4258 quoque,
1142 4208 1172 4243 ea
1189 4192 1379 4251 exsaturatione,
1394 4190 1527 4251 blanditiis,
1541 4191 1564 4238 at
1575 4184 1746 4268 objsrrgationi·

139 4283 226 4343 posita.
259 4283 385 4333 liecenim
402 4287 503 4346 possunt
519 4284 587 4333 aliter
602 4297 667 4344 esse,
689 4297 762 4346 quam
775 4286 814 4333 ost
832 4288 919 4334 natura
964 4284 1023 4344 bus,
1037 4296 1095 4333 cum
1111 4282 1192 4333 achiis
1212 4282 1299 4335 luerint
1313 4280 1427 4331 auctioris
1442 4298 1448 4329 ι
1465 4281 1639 4343 proptereaque
1659 4274 1746 4325 cculir·

139 4382 223 4419 eorum
239 4384 246 4418 ε
261 4371 312 4434 ipsa
326 4353 407 4420 tamen
425 4371 450 4420 in
466 4377 594 4433 utramque
611 4372 704 4433 partem
715 4370 837 4435 possibilia
850 4372 920 4434 sunt,
964 4378 1028 4421 mata
1050 4370 1134 4421 eadem
1155 4372 1227 4421 aetate
1247 4370 1271 4418 in
1289 4370 1419 4432 anticipata
1436 4366 1554 4417 sententia
1576 4366 1714 4427 permanent
1737 4375 1745 4407 a

138 4458 217 4521 potius
229 4472 302 4522 quam
314 4458 496 4509 necessitatibus
507 4458 640 4521 subjugata.
964 4471 1035 4507 omne
1058 4457 1173 4507 blandum
1183 4494 1190 4517 ,
1202 4457 1309 4518 bonum,
1325 4455 1417 4506 etiamsi
1430 4457 1462 4505 sit
1477 4454 1574 4514 inutile,
1588 4466 1660 4502 omue
1673 4453 1746 4504 etiarn

170 4548 254 4597 ccxi.
275 4548 329 4597 lton
343 4560 399 4609 ergo
413 4546 484 4597 edam
495 4545 568 4596 darbia
584 4557 613 4594 ea
626 4543 695 4594 initio
706 4542 781 4606 rigide
793 4542 918 4607 disposita,
965 4544 1125 4605 laboriosum,
1138 4544 1211 4594 etiam
1228 4544 1249 4593 si
1264 4543 1458 4593 commoditatem
1474 4542 1573 4599 alicam,
1593 4540 1682 4589 malum
1698 4538 1746 4589 exi·

139 4632 212 4693 atque
229 4631 337 4695 decretu,
357 4634 438 4684 sunt:
459 4632 505 4681 nisi
520 4633 581 4681 torte
594 4631 618 4681 id
637 4630 730 4694 ipsum,
747 4629 814 4693 quod
831 4612 931 4679 incerta·
964 4633 1100 4683 stimantes.
1132 4634 1313 4694 Consequenter
1330 4629 1439 4691 divitias,
1453 4628 1517 4691 quod
1532 4626 1746 4690 praesentissimum

140 4730 207 4779 esse,
217 4722 241 4767 et
251 4732 280 4767 ea
293 4718 389 4781 ancipiti
398 4721 486 4767 aventu
500 4716 612 4780 pendere,
622 4716 732 4767 debcant.
765 4720 845 4776 Quare
855 4717 919 4787 quod
964 4721 997 4769 sit
1009 4720 1033 4769 in
1046 4720 1083 4769 iris
1101 4720 1289 4769 instrumentum
1303 4716 1446 4780 voluptatis,
1458 4714 1546 4765 eximie
1558 4713 1660 4775 diligunt
1677 4712 1746 4775 :glo-

140 4806 228 4856 animae
244 4820 340 4870 quoque
357 4807 463 4857 luminis
481 4810 566 4857 natura
587 4806 640 4856 talis
653 4806 699 4868 sit,
713 4809 740 4856 ut
752 4806 873 4857 interdum
890 4806 921 4857 sd
967 4808 1075 4871 viamque
1093 4821 1137 4871 pro
1155 4806 1247 4857 honore
1258 4804 1447 4875 amplexantur„
1464 4804 1553 4853 Natura
1564 4802 1652 4865 quippe
1668 4800 1748 4848 omnis

140 4894 255 4943 virtutem
270 4906 296 4943 se
311 4894 559 4957 applicet3iuterdum
574 4894 609 4943 ad
617 4893 732 4943 malitiam
744 4894 920 4957 preponderat,
964 4896 1037 4945 bomo
1049 4895 1140 4957 laudis,
1157 4898 1230 4957 atque
1245 4891 1405 4953 lionoris‚esi
1416 4894 1540 4953 appetens.
1573 4890 1616 4939 Est
1629 4886 1746 4936 enimim-

143 4980 244 5043 periude
254 4982 476 5045 utcorpua,modo
485 4980 605 5045 sospitati,
614 4980 832 5044 modoegritodini
843 4982 921 5044 proxi·
963 4997 1009 5033 nor
1024 4982 1121 5033 virtutis
1134 4980 1307 5031 testimonium.
1340 4979 1387 5029 sed
1400 4977 1529 5041 prudentes
1541 4975 1654 5039 quidcm‚
1664 4986 1745 5024 versa-

143 5082 210 5119 mum
226 5083 234 5118 a
250 5068 327 5119 lixum
344 5070 414 5133 plane
436 5076 490 5135 est,
503 5076 528 5121 et
542 5070 664 5121 decretum
677 5082 706 5120 ea
729 5068 828 5132 origine.
860 5069 921 5128 Quis
964 5069 1031 5133 tique
1051 5070 1077 5119 lo
1098 5067 1258 5120 sciscitatione
1280 5066 1420 5130 sapientie,
1442 5066 1489 5116 viri
1506 5064 1588 5115 sciunt
1609 5075 1698 5125 quam,
1720 5066 1745 5110 et
