3959 5925
496 343 669 417 Eiusque
685 344 901 407 DISCIPULIS
924 348 973 407 ET
1001 348 1317 412 successoribus

87 479 214 557 juvenis
235 476 431 554 Pythagoram
455 495 552 534 senem
575 478 697 535 audivit.
712 479 766 537 llic
787 493 880 537 autem
927 480 1005 538 libro
1020 482 1171 541 Tarentini
1184 483 1349 561 philosophi
1359 484 1395 542 de
1407 486 1548 563 sapientia
1559 506 1709 565 superesse

91 570 180 644 ipse,
204 578 254 623 aut
273 565 348 622 alius
374 564 487 640 Bryson
515 564 683 643 Thurinus,
706 582 882 626 memoratus
928 568 1129 645 perhibentur.
1153 570 1219 630 Vid.
1239 571 1349 630 Philos.
1374 573 1466 631 Graec.
1489 574 1590 649 fragm.
1615 575 1709 632 vol.l

91 654 342 729 SextoEmpirico
352 653 426 728 (98),
440 653 563 711 traditur
575 653 740 730 divulgasse
752 656 881 734 disputa·
928 678 955 734 p.
973 656 1029 713 558
1046 677 1106 735 seq.
1122 660 1138 734 S
1154 660 1209 717 δεῖ
1218 660 1236 734 5
1251 659 1278 716 5.
1295 659 1406 729 Quodsi
1423 673 1472 719 aut
1486 674 1576 719 totum
1592 661 1647 719 hoc
1659 682 1706 719 ca·

92 743 192 801 tiones
218 761 254 798 ex
281 740 391 816 quibus
423 739 564 798 nonnulla
598 741 628 798 in
654 742 787 817 dialogos
815 764 883 804 suos
918 761 980 823 put
995 761 1044 804 aut
1060 761 1155 824 partes
1173 746 1237 823 ejus
1257 748 1392 825 Archytae
1409 749 1620 825 adjudicamus,
1635 748 1710 807 nihil

95 830 282 887 transtulisse
297 828 448 886 Platonem
465 841 547 886 notat
567 828 776 908 Theopompus
793 832 883 892 Chius
928 834 1128 911 Pythagorica
1148 836 1242 894 laudis
1265 838 1376 894 aemulae
1406 839 1583 914 relinquitur
1604 852 1711 915 praeter

95 920 179 997 apud
189 920 356 977 Athenaeum
365 917 608 995 (99).Fuitetiam
617 919 881 997 Cynicusejusdem
929 923 1140 1002 disputationes
1161 926 1259 982 ionico
1280 944 1416 983 sermone
1437 926 1473 983 de
1495 926 1626 985 mulieris
1640 947 1710 985 con-

95 1010 231 1072 nominis
255 1008 447 1085 philosophus
475 1025 562 1083 quem
590 1008 733 1067 Achivum
758 1011 884 1087 appellat
929 1014 1068 1071 cinnitate
1087 1014 1241 1072 consectas.
1265 1013 1372 1072 Verum
1393 1028 1540 1091 utcunque
1563 1034 1643 1073 ease
1664 1034 1711 1074 res

98 1098 248 1173 Diogenes
265 1096 397 1157 Laertius
410 1095 466 1153 lib.
480 1094 529 1167 Vl,
547 1094 688 1173 astron).
705 1097 846 1155 Caeterum
868 1119 884 1157 c
930 1100 1030 1172 habet,
1055 1101 1250 1172 Perictionen,
1267 1101 1396 1160 Platonis
1420 1115 1539 1159 matrem
1558 1101 1648 1181 (roa),
1664 1103 1711 1162 di-

98 1183 278 1261 Pythagorei
291 1184 481 1251 OEconomico
491 1202 581 1241 unum
597 1184 730 1243 Stohaeus
739 1188 885 1265 excerpsit
930 1188 1133 1263 stinguendanr
1152 1201 1287 1265 putamus
1309 1192 1344 1245 ab
1360 1190 1417 1247 ista
1432 1189 1638 1266 mulierequae
1660 1210 1712 1248 no·

1629 373 1707 417 xttx

99 1273 291 1347 fragmentum
307 1272 387 1348 quod
398 1271 476 1330 inlra
486 1285 649 1330 correctum
660 1292 725 1331 cum
737 1273 803 1332 aliis
815 1296 884 1353 pro·
898 1310 900 1313 -

98 1360 248 1435 mulgaho.

139 1448 182 1505 De
208 1450 396 1506 Callicratidas
415 1448 530 1508 Lacone
553 1450 713 1526 eodemque
738 1449 882 1527 Pythago·

99 1539 169 1594 ricae
184 1537 335 1614 sapientiae
342 1549 494 1605 sectatore,
506 1538 591 1614 cujus
603 1558 619 1595 e
633 1536 884 1617 volurnine'super

101 1626 289 1695 familiarum,
305 1625 441 1684 felicitate
464 1628 560 1703 capita
575 1627 706 1704 quaedam
727 1628 803 1705 apud
823 1629 884 1687 Sto·

99 1712 200 1770 baeum
214 1727 294 1785 sunt,
303 1714 376 1771 nihil
395 1715 583 1791 antiquorum
595 1715 747 1790 diligentia
763 1729 883 1773 annota-

99 1803 157 1859 vit.
174 1801 273 1878 Neque
282 1802 358 1857 enim
370 1821 435 1859 cum
448 1800 504 1859 hoc
518 1800 657 1858 conlundi
670 1821 702 1857 ac
716 1804 885 1879 permIsceri

100 1912 159 1969 par
177 1903 221 1948 est
240 1889 441 1947 Callicratidas
466 1889 554 1961 duos,
575 1889 708 1949 homines
729 1891 883 1963 militares,

101 1982 224 2037 alterum
251 1977 514 2048 Lacedaernonium,
539 1978 659 2036 alterum
673 1976 884 2053 ,Cyrenensenn

100 2066 127 2124 E
147 2066 255 2144 quibus
279 2066 364 2123 illuni
384 2065 595 2143 Spartanorum
615 2065 717 2123 ducem
740 2066 828 2125 luisse
844 2080 886 2125 te-

102 2168 215 2214 stantur
240 2152 406 2232 Xenophon
421 2157 494 2212 Hist.
517 2153 611 2213 Graec.
634 2152 687 2212 lib.
705 2153 727 2225 l,
752 2152 801 2226 Vl,
823 2176 834 2211 1
859 2169 888 2213 et

103 2244 205 2301 Cicero
215 2242 252 2300 de
260 2242 340 2301 offic.
354 2240 409 2302 lib.¹
423 2242 437 2299 l
451 2263 514 2320 cap.
526 2253 574 2313 aa,
588 2243 656 2300 item
668 2262 730 2319 cap.
744 2243 798 2314 303
811 2243 888 2303 hunc

104 2334 258 2409 Polyaenus
269 2332 392 2407 Strategi
404 2331 463 2392 tib.
475 2331 503 2391 ll
518 2352 580 2410 cap.
595 2352 630 2405 a7
645 2344 795 2389 memorat.

144 2424 293 2496 Pempelus
304 2419 505 2497 Pythagoreus
519 2439 600 2496 aeque
621 2420 786 2495 incognitus
801 2420 888 2479 nobis

102 2523 147 2567 est
157 2529 190 2567 ac
202 2508 366 2567 Perictione
377 2522 405 2566 et
413 2508 537 2585 Phintys
551 2507 688 2565 mulieres
702 2526 767 2583 quae
778 2520 807 2564 et
819 2507 889 2583 ipsae

103 2598 141 2655 ad
152 2598 323 2675 Pythagorae
337 2598 537 2655 auctoritatem
556 2616 587 2655 se
603 2596 795 2653 contulerant.
813 2594 889 2652 lllud

104 2686 275 2762 notandum,
289 2685 421 2764 Pempeli
442 2685 538 2743 locum
561 2703 577 2741 e
599 2683 678 2741 libro
699 2683 735 2740 de
756 2684 889 2760 parenti-

103 2774 532 2853 bus(101)magnampartem
553 2791 619 2829 cum
639 2770 772 2828 Platonis
790 2771 890 2848 dispu-

104 2864 215 2921 tatione
236 2864 272 2921 de
284 2865 359 2938 legg.
372 2861 425 2922 lib.
438 2860 481 2919 Xl
492 2881 553 2939 cap.
565 2859 606 2917 Xl
619 2880 648 2937 p.
662 2860 720 2937 930
739 2859 761 2916 E
779 2873 807 2917 et
832 2861 886 2936 931

104 2951 132 3008 Ι)
151 2952 318 3010 convenire.
337 2954 510 3014 Perictione,
538 2949 564 3008 si
587 2948 673 3007 iidem
701 2947 888 3025 adjungimus

104 3037 198 3096 rebus
211 3039 426 3111 commentitiis,
447 3050 553 3116 praeter
569 3035 679 3094 librum
697 3036 733 3092 de
749 3037 891 3113 sapientia

103 3127 351 3183 commentarium
366 3125 400 3183 de
417 3125 550 3184 mulieris
568 3123 764 3182 concinnitate
778 3123 888 3202 edidit,

102 3231 143 3269 ex
156 3213 265 3290 quibus
275 3213 432 3288 fragmenta
443 3233 474 3272 se
483 3213 653 3290 depromere
665 3212 736 3270 dicit
748 3211 888 3272 Stobaeus.

103 3300 248 3359 Miramur
261 3287 355 3359 autem
370 3321 432 3360 eam
447 3302 484 3360 de
497 3301 640 3379 sapientia
651 3299 764 3370 dorice,
781 3299 816 3357 de
828 3320 890 3358 mu·

104 3390 189 3448 lieris
209 3390 406 3448 concinnitate
426 3389 522 3447 ionice
543 3388 713 3466 scripsisse.
730 3387 890 3465 Utramque

103 3481 185 3536 enim
215 3478 370 3536 dialectum
405 3481 532 3556 exceptis
559 3476 682 3535 vocibus
716 3476 890 3554 quibusdam

105 3568 256 3644 corruptis
269 3560 405 3627 intactam
422 3568 603 3644 reliquerunt
614 3565 740 3624 librarii.
755 3567 792 3623 Ar
808 3581 889 3625 vete-

105 3675 156 3714 res
171 3655 266 3714 Graeci
279 3671 343 3716 ante
365 3658 558 3715 Alexandrum
575 3655 710 3730 ltlagnum
723 3655 812 3712 vitata
828 3655 907 3713 aia-⁸

103 3743 250 3803 lectorum
264 3746 402 3804 varietate
414 3764 473 3803 uno
491 3745 650 3820 eodemque
672 3762 806 3801 sermone
818 3745 890 3802 scri·

104 3832 180 3890 bere
213 3833 352 3893 solebant.
389 3833 574 3910 Quapropter
601 3831 753 3908 ,Rentlejus
783 3831 889 3908 Opusc.

105 3923 181 4000 phil.
205 3944 235 4001 p.
260 3923 315 3996 367
343 3923 443 3982 omnia
468 3920 610 3996 fragmina
631 3918 686 3978 sub
711 3918 891 3978 Perictiones

105 4011 228 4068 nomine
244 4011 362 4086 vulgata
382 4007 535 4068 subdititia
552 4027 615 4066 esse
628 4006 814 4065 existimarit
829 4006 892 4065 Huc

104 4099 219 4156 accedit
232 4099 312 4177 quod
335 4099 516 4156 Perictiones
536 4095 627 4154 rerba
651 4095 729 4174 apud
745 4094 890 4154 Stobaeum

77 4229 80 4234 ,
104 4184 187 4246 Flor.
205 4185 336 4258 1‚62·63
352 4199 543 4246 consentanea
559 4197 626 4244 sunt
637 4183 787 4262 Archyteis
802 4203 893 4262 quaee

137 4423 192 4483 (98)
207 4423 272 4470 sext.
283 4425 354 4484 Emp.
365 4421 421 4470 adr.
429 4420 504 4471 litatis.
517 4419 572 4480 th,
585 4422 612 4469 ta
623 4431 646 4481 p.
660 4421 705 4467 ³72
714 4433 719 4466 :
728 4419 778 4480 περὶ
789 4418 813 4467 δὲ
821 4418 847 4466 τὸ
855 4419 894 4466 λι-

930 1296 1096 1335 mensuum
1120 1278 1152 1335 in
1175 1276 1316 1335 doctrinae
1341 1278 1529 1354 Pythagorea
1554 1278 1712 1337 heredibus

930 1368 1059 1441 professa
1072 1378 1124 1424 est.
1143 1365 1275 1441 Denique
1296 1367 1431 1439 Phintys,
1453 1366 1615 1424 Callicratis
1639 1366 1710 1437 filia,

929 1452 1180 1529 Pythagoreorum
1204 1454 1352 1530 mysteriis
1376 1454 1500 1524 initiata,
1522 1454 1655 1511 libellum
1677 1454 1713 1512 de

930 1545 1118 1618 temperantia
1135 1534 1270 1598 'mulieris
1290 1542 1468 1619 composuit,
1492 1540 1575 1617 cujus
1600 1542 1713 1616 insigne

930 1630 1126 1705 fragmentum.
1135 1628 1266 1687 Stobaeus
1278 1630 1413 1689 servavit.

971 1717 1050 1776 lnter
1067 1718 1277 1794 Pythagoricos
1296 1718 1452 1795 scriptores
1471 1717 1608 1774 excelluit
1626 1718 1712 1775 etiam

930 1807 1068 1862 Butheras
1085 1819 1155 1863 teste
1171 1804 1335 1862 lamblicho
1353 1805 1389 1862 de
1402 1804 1455 1864 vit.
1472 1803 1558 1879 Pyth.
1582 1824 1643 1882 cap.
1661 1808 1710 1877 36,

931 1894 982 1970 qui
993 1912 1058 1951 eum
1069 1893 1244 1970 Cyzicenum
1261 1892 1349 1950 luisse
1365 1891 1462 1949 tradit.
1479 1891 1560 1950 Licet
1580 1910 1650 1949 vero
1663 1892 1714 1949 ni-

931 1980 973 2039 hil
1000 1981 1036 2040 de
1057 1981 1211 2039 clarissimi
1234 1978 1381 2056 quondam
1407 1979 1468 2037 riri
1490 1990 1572 2035 aetate
1591 1991 1713 2049 constet,

931 2089 1022 2145 quum
1038 2068 1101 2144 ejus
1113 2068 1203 2127 vitam
1216 2081 1244 2125 et
1257 2068 1394 2145 pleraque
1406 2066 1517 2141 ingenii
1529 2077 1715 2123 monumenta

931 2170 1045 2215 veteres
1055 2158 1173 2215 silentio
1190 2156 1430 2234 praetermittant:
1452 2168 1546 2213 tamen
1558 2174 1574 2212 e
1588 2154 1715 2213 dictione

932 2245 1102 2324 philosophi
1124 2246 1315 2320 intelligitur,
1339 2242 1554 2321 posterioribus
1570 2242 1715 2319 Pythago·

932 2338 991 2391 reis
1006 2334 1088 2391 illum
1101 2352 1163 2391 esse
1183 2332 1444 2391 annumerandum.
1457 2329 1556 2408 Neque
1568 2332 1646 2387 enirn
1660 2331 1714 2388 do·

933 2422 994 2479 rice
1006 2421 1136 2499 scripsit,
1150 2414 1201 2479 sed
1218 2421 1365 2479 communi
1379 2419 1503 2477 dialecto
1519 2420 1549 2476 in
1564 2419 1718 2476 conficien-

933 2508 978 2567 dis
992 2509 1076 2567 libris
1090 2527 1159 2567 usus
1170 2522 1222 2566 est.
1233 2508 1316 2565 Patet
1329 2507 1411 2564 hoce
1425 2506 1519 2582 capite
1529 2505 1574 2562 vel
1589 2505 1687 2582 potius
1699 2523 1717 2561 e

934 2596 1030 2655 tribus
1055 2597 1238 2673 fragmentis,
1263 2614 1327 2672 quae
1343 2592 1474 2652 Stobaeus
1498 2595 1528 2651 in
1543 2593 1657 2667 Eclogis
1680 2612 1717 2649 ex

934 2685 1072 2763 Cyziceni
1093 2685 1261 2765 philosophi
1280 2685 1316 2742 de
1336 2683 1466 2741 numeris
1491 2682 1569 2739 libro
1593 2682 1714 2760 profert.

938 2774 1018 2831 Alibi
1031 2787 1124 2831 autem
1138 2792 1280 2849 nusquam
1290 2770 1353 2848 ejus
1367 2771 1507 2827 memoria
1517 2782 1617 2827 exstat.

974 2867 1078 2919 Aresas
1088 2861 1315 2937 Lucanasquem
1324 2856 1503 2916 lamblichus
1518 2858 1554 2914 de
1564 2857 1615 2915 vit.
1630 2855 1716 2931 Pyth.

935 2971 1000 3030 cap.
1017 2951 1053 3009 36
1075 2949 1202 3010 scholam
1220 2947 1442 3027 Pythagoricam
1466 2958 1532 3025 post
1551 2936 1642 3022 'lydae
1656 2944 1719 3002 obi·

968 3221 1033 3282 (102)
1047 3220 1165 3283 Diogenes
1179 3218 1397 3279 mortarium,
1413 3223 1422 3266 t
1438 3236 1444 3267 ι
1458 3216 1571 3277 Πλάτων,
1584 3216 1719 3279 Ἆρίστωνος

935 3293 975 3342 καὶ
982 3291 1132 3355 Περικτιόνης
1141 3291 1284 3351 allaturae,
1293 3290 1343 3348 ἥτις
1349 3290 1377 3338 rt
1385 3289 1450 3350 γένος
1460 3288 1563 3351 ἀνέφερεν
1572 3289 1604 3341 τίς
1615 3286 1718 3346 Σόλωνα,

934 3360 1060 3420 Ἀθηναῖος.
1073 3361 1187 3424 apuleius
1197 3361 1228 3410 de
1237 3359 1380 3410 habitudine
1389 3359 1554 3421 doctrinarum
1561 3357 1718 3406 etnatiritate

935 3432 1044 3483 Platonis
1053 3431 1095 3480 lib.
1104 3431 1174 3481 linit.
1188 3451 1217 3480 :a
1226 3431 1318 3480 Platoni
1329 3428 1447 3479 habitudo
1456 3429 1565 3490 corporis
1576 3439 1718 3487 cognomen·

934 3506 988 3554 turn
1004 3503 1078 3552 dedit.
1096 3503 1208 3564 lienique
1226 3501 1354 3552 Aristocles
1373 3499 1439 3562 prius
1458 3502 1498 3548 est
1516 3497 1666 3546 nominatus.
1690 3497 1719 3544 nt

934 3575 1032 3624 Ariston
1041 3570 1114 3621 iuius
1123 3574 1191 3635 pater
1200 3572 1280 3622 dctus
1291 3575 1337 3621 est.
1352 3573 1474 3632 caeterum
1484 3567 1620 3617 Perictione
1631 3567 1718 3615 Glauci

935 3646 984 3695 sitia
1003 3647 1080 3694 mater
1092 3643 1146 3692 tuit.
1160 3645 1192 3692 at
1206 3642 1236 3692 de
1249 3645 1351 3704 utroque
1364 3639 1476 3690 nobilitas
1491 3637 1551 3686 satis
1570 3637 1719 3685 almariam

936 3719 1032 3767 Ariston
1042 3718 1110 3777 pater
1124 3727 1167 3776 per
1181 3712 1290 3764 (iodrum
1302 3712 1333 3761 ab
1347 3713 1400 3774 ipso
1416 3712 1529 3771 Neptuno
1540 3707 1655 3768 originem
1672 3706 1717 3754 du-

935 3789 973 3838 xit
986 3807 992 3837 ι
1005 3787 1037 3836 ab
1053 3787 1141 3836 Solone
1153 3784 1338 3846 sapientissimo,
1346 3808 1349 3816 ι
1357 3780 1400 3844 qui
1413 3781 1493 3842 legum
1507 3779 1642 3830 atticarum
1663 3781 1717 3827 tun-

935 3857 1006 3907 datur
1021 3857 1073 3917 tuit,
1086 3857 1208 3904 maternus
1218 3853 1342 3903 derivatus
1358 3856 1395 3901 est
1411 3849 1514 3913 sanguis
1524 3867 1537 3891 υ
1548 3847 1656 3897 AEttanns
1668 3859 1719 3895 rar.

936 3929 995 3978 hist.
1011 3926 1054 3976 lib.
1068 3927 1091 3974 Χ
1100 3937 1153 3986 cap.
1167 3928 1194 3973 at
1216 3923 1269 3972 :dtr
1280 3923 1320 3972 τόν
1334 3923 1479 3978 Πλάτωναὴ
1489 3916 1628 3982 Περικτιόνη
1643 3917 1719 3978 ἔφερεν

936 3999 960 4048 έν
974 4001 1025 4053 ταῖς
1042 3997 1166 4056 ἀγκάλαις.
1184 3994 1268 4044 θύοντι
1284 3993 1308 4042 δὲ
1320 3997 1354 4056 τῷ
1370 3993 1491 4055 Ἀρίστωνι
1508 3991 1535 4038 tv·
1545 3991 1652 4050 Ὑμηττῷ
1670 3992 1720 4043 ταῖς

936 4068 1069 4125 Μούσαιςῆ
1081 4069 1131 4121 ταῖς
1143 4063 1250 4128 Νύμφαις
1264 4066 1287 4112 ct
1307 4063 1347 4125 μέν
1360 4064 1416 4126 πρὸς
1429 4062 1470 4121 την
1483 4059 1610 4123 ἱερουργίαν
1623 4058 1719 4118 sicani

937 4141 961 4189 δὲ
969 4141 1089 4188 κατέκλινε
1101 4135 1217 4185 Πλάτωνα
1225 4137 1249 4184 έν
1259 4139 1309 4190 ταῖς
1318 4134 1418 4191 πλησίον
1432 4131 1559 4197 μυρρίναις,
1569 4129 1672 4184 δασείαις
1682 4129 1721 4178 ού·

937 4227 990 4266 aare
1003 4211 1044 4258 καὶ
1058 4212 1168 4262 πυκναῖς.
1185 4206 1325 4255 Καδαύδοντι
1338 4205 1364 4253 δὲ
1383 4204 1454 4267 έσμός
1465 4203 1582 4267 μελισσῶν
1593 4198 1719 4261 Ὑμηττίου

938 4282 1029 4343 μέλιτος
1037 4279 1061 4327 έν
1067 4282 1116 4333 τοῖς
1127 4277 1227 4340 χείλεσιν
1241 4276 1312 4325 αὐτοῦ
1321 4275 1449 4324 matam
1457 4274 1545 4336 διιῇδον
1558 4272 1600 4328 τὴν
1609 4275 1650 4318 τοῦ
1659 4268 1721 4318 uta-

936 4366 1010 4406 τωνος
1021 4349 1161 4415 αὐγλωττίαν
1168 4347 1334 4410 μαντευόμενοι
1344 4346 1454 4395 έντεῡδεν.
1465 4343 1565 4392 Procius
1578 4342 1604 4389 lu
1612 4339 1720 4390 Platonis

937 4422 1000 4471 Tim.
1013 4425 1074 4480 pas
1084 4421 1102 4468 F
1111 4421 1179 4481 (pag.
1193 4425 1222 4468 58
1232 4415 1432 4479 cassander.)
1445 4431 1451 4462 ι
1463 4417 1479 4471 ἡ
1489 4413 1530 4476 μέν
1541 4410 1651 4474 ῑοτορίαή
1659 4410 1720 4457 κατὰ

102 4497 173 4553 maris
183 4494 358 4554 κατηνέχθησαν
371 4492 438 4558 μέρος
445 4495 467 4541 cl
476 4491 529 4554 περὶ
541 4490 671 4548 Πανδοίδην
683 4490 723 4538 καί
733 4490 841 4543 Ἀλεξῖνον
854 4489 893 4537 καὶ
936 4493 964 4542 τὸ
973 4492 1235 4550 Σόλωνοςγένοςκοιὶτὴν
1244 4485 1500 4552 Πλάτωνοςπρόςαύτδν
1507 4480 1720 4546 συγγένειοντοιαύ

103 4565 254 4622 Εὐδουλίδην
275 4566 316 4613 καὶ
335 4564 448 4628 Βρύσωνα
469 4561 645 4623 Διονυσόδωρόν
664 4577 689 4609 τε
706 4561 745 4608 καὶ
759 4559 893 4622 Εὐθύδημον
937 4577 966 4617 τη
977 4560 1011 4614 τίς
1021 4561 1091 4608 ἐστιν.
1101 4559 1265 4617 Ἐξηκαστίδου
1275 4558 1355 4612 παῖδας
1367 4557 1472 4616 ἐγένοντο
1482 4553 1561 4602 Σόλων
1573 4552 1615 4599 καὶ
1631 4551 1721 4613 Δρωπί-

102 4639 222 4700 θούριοι,
239 4635 271 4683 ὧν
289 4635 401 4698 μέμνηται
420 4635 484 4682 καλό
500 4634 600 4682 Πλάτων
618 4633 642 4681 έν
659 4636 693 4693 τῷ
712 4630 850 4693 Εὐθυδήμῳ.
862 4657 893 4668 -
937 4630 991 4690 ὂης,
1004 4631 1044 4677 καί
1057 4629 1179 4692 Δρωπίδου
1191 4628 1232 4689 μὲν
1244 4624 1390 4689 Κριτίας,ού
1406 4623 1543 4685 μνημονεύει
1554 4621 1594 4670 καλ
1605 4621 1683 4670 Σόλων
1694 4621 1718 4670 έν

103 4712 158 4773 (99)
171 4709 305 4757 Athenaeus
316 4707 357 4754 lib.
369 4706 401 4754 xt
412 4717 436 4766 p.
448 4706 593 4754 saturier
605 4703 650 4765 γὰρ
664 4702 893 4763 θεόπομποςόλῖος
937 4705 966 4763 τῇ
991 4700 1085 4756 ποιήσαι
1112 4700 1195 4760 λέγων·
1225 4698 1349 4758 Εἱπέμεναι
1375 4695 1458 4756 Κριτίῃ
1484 4691 1612 4754 ξανθότριχι
1633 4693 1720 4755 πατρὸς

101 4785 127 4832 ἐν
143 4784 184 4842 τῷ
198 4777 259 4826 κατὰ
272 4783 313 4836 τῆς
324 4775 448 4831 Πλάτωνος
462 4774 592 4839 διατριδῆς,
608 4792 620 4815 ο
632 4774 692 4828 Τοὺς
705 4772 803 4827 πολλοὺς
819 4771 893 4834 (φησὶ)
938 4771 1042 4820 ἀκούειν·
1064 4771 1101 4821 Οὐ
1113 4772 1159 4835 γὰρ
1178 4769 1311 4833 όμαρτινόιρ
1329 4765 1435 4815 πείσεται
1454 4764 1559 4826 ἡγεμόνι·
1581 4764 1677 4825 Κριτίου
1695 4764 1720 4811 at

99 4861 152 4904 τῶν
166 4849 284 4912 διαλόγων
298 4849 371 4897 αὑτοῦ
383 4847 489 4910 ἀχρείους
501 4848 541 4895 καὶ
554 4847 645 4908 ψευδεῖς
655 4845 682 4893 όν
692 4860 725 4898 τις
743 4843 813 4904 stipat·
826 4841 892 4890 ἀλλο·
939 4840 1101 4909 Κάλλαισχρος
1109 4841 1149 4889 καὶ
1159 4839 1279 4895 Γλαύκων,
1290 4836 1454 4897 Καλλαίσχρου
1466 4835 1491 4882 δὲ
1501 4833 1532 4882 αὖ
1541 4834 1634 4895 Κριτίας
1644 4833 1719 4886 οὗτος.

100 4925 188 4987 spicue
198 4920 223 4969 δὲ
233 4920 287 4975 τοὺς
298 4917 405 4978 πλείους,
419 4918 488 4972 ὄντας
500 4917 527 4965 έκ
540 4921 587 4964 τῶν
602 4914 750 4977 Ἀριστίππου
760 4912 892 4973 diespitris-r,
938 4913 1012 4970 Δηλοῖ
1020 4913 1045 4960 δὲ
1059 4912 1104 4961 δέν
1115 4910 1222 4973 Χαρμίδη
1234 4905 1338 4971 Κριτίας,
1345 4907 1385 4955 τὸν
1400 4905 1536 4966 Γλαύκωνα,
1548 4905 1588 4954 τὸν
1601 4902 1720 4965 Χαρμίδου

100 4997 186 5050 ένίους
196 4993 221 5040 δὲ
233 4992 280 5040 κάκ
291 4997 339 5040 τῶν
352 4988 518 5048 Ἀντισθένους,
531 4987 662 5041 πολλοὺςδὲ
680 4985 726 5033 κάκ
743 4989 790 5033 τῶν
801 4983 893 5046 Βρύσω-
938 4985 1042 5045 πατέρα,
1069 4984 1129 5031 δαῖον
1146 4983 1230 5030 ἑαυτοῦ
1243 4979 1330 5026 καλῶν.
1347 4976 1485 5031 Γλαύκωνος
1502 4975 1528 5023 u
1542 4973 1661 5036 Χαρμίδης
1679 4973 1720 5020 καὶ

100 5085 142 5124 νος
157 5068 206 5115 τοῦ
230 5063 428 5127 Ἡρακλεώτου.»
438 5060 508 5111 conl.
525 5059 585 5108 atat.
598 5057 747 5119 aputanti
761 5068 785 5117 p.
799 5061 853 5104 atto.
872 5069 893 5103 c.
941 5051 1089 5115 Περικτιόνη.
1101 5056 1142 5109 τῆς
1154 5051 1178 5099 δέ
1190 5047 1365 5112 Πιρικτιόνηςό
1380 5045 1490 5096 Πλάτων·
1507 5045 1569 5093 ὥστι
1582 5044 1596 5090 ό
1610 5043 1721 5121 Γλαύκων

101 5133 223 5200 -(1οῖ))
244 5135 281 5185 Gl.
304 5135 372 5196 Diog.
387 5136 467 5183 Laert.
486 5131 527 5180 tib.
550 5131 594 5190 ΙΧ,
610 5133 636 5178 fil
651 5130 676 5177 et
689 5129 791 5176 Prooem.
814 5130 850 5175 16.
863 5149 897 5164 -
940 5125 1036 5185 Κριτίου
1049 5124 1106 5177 θεῖος
1121 5122 1164 5182 ἦν,
1180 5121 1256 5182 πατὴρ
1270 5120 1294 5167 δὲ
1309 5117 1438 5182 Χαρμίδου,
1451 5117 1502 5165 κτλ.
1517 5114 1586 5164 Cant.
1601 5111 1719 5162 harduin.

939 5194 970 5243 ad
982 5191 1142 5244 themistium
1160 5204 1214 5254 pag.
1229 5194 1284 5240 382.

101 5210 178 5276 (tut)
192 5206 259 5271 apud
270 5207 393 5257 stobaeum
408 5205 473 5256 Ptor.
486 5203 590 5262 mxtx,
604 5206 642 5250 52.
1598 5265 1615 5314 a
