3959 5925
212 385 269 438 190
744 367 946 431 cflaaclull
959 363 1273 426 COMMENTARIUS

190 511 272 573 porte
289 507 384 558 limitis
401 505 494 555 extimi
514 502 681 566 pracctirbnt
697 513 780 552 urum
800 502 929 550 extimum
942 498 974 547 ti·
1023 496 1183 558 retundente
1208 459 1350 558 precellit:
1372 497 1410 547 sin
1428 509 1488 548 vero
1506 497 1636 550 adversum
1655 501 1749 566 alium,
1768 508 1814 570 qui

193 604 296 661 aeirem,
317 602 374 650 toto
395 594 596 660 praeconabatur
620 593 653 643 ob
672 592 725 642 otio
754 593 855 641 antimo
881 590 975 639 limite.
1022 585 1098 646 maier
1108 587 1155 645 esi,
1167 582 1240 634 idest
1251 585 1396 647 octodecim,
1406 597 1449 635 ses
1463 587 1573 638 numeris
1582 588 1663 638 minor
1675 590 1814 660 invenitur,

194 689 285 744 Altero
306 687 366 749 puri
388 692 492 734 summo
512 685 537 732 ct
558 681 670 746 aeqamti,
687 679 723 730 ud
741 691 883 730 numerum
901 676 976 727 modo
1021 671 1062 734 qui
1077 684 1120 721 sex
1142 673 1251 722 numeris
1268 685 1338 735 mque
1359 673 1437 736 potior
1453 676 1507 724 erat
1529 677 1624 726 senario
1642 677 1726 730 limite.
1750 684 1815 734 flue

194 772 357 838 precellebat
368 770 604 833 etprerettrbotur
616 768 650 819 ub
661 771 777 818 extimis.
1021 759 1105 809 eadem
1128 760 1188 809 ratio
1209 759 1331 810 invenitur
1351 761 1413 813 iuter
1433 760 1493 812 alios
1511 776 1607 826 quoque
1628 764 1690 815 duos
1707 766 1811 833 limites,

224 856 258 905 ut
272 851 403 902 immonni
416 850 568 904 modulantes
587 862 692 912 organa,
712 849 775 898 ieter
789 846 852 896 duos
872 846 976 896 estima-
1022 847 1089 912 dupli
1109 847 1201 898 ratione
1214 847 1345 910 distantes,
1361 848 1387 900 id
1402 852 1455 914 ssi,
1466 851 1592 902 duodecim
1609 856 1634 903 et
1650 855 1810 920 vigintiqua-

176 936 253 993 'num
263 941 347 991 tidium
357 939 446 990 limites
459 938 705 1001 gravissimarum:
719 940 745 988 et
754 935 978 999 scuibdmaeuirnc
1023 939 1079 986 tuor
1095 959 1103 985 ι
1118 951 1174 986 narn
1192 939 1217 988 et
1233 937 1272 988 liic
1284 938 1402 989 medietas
1423 938 1542 1004 wdecim,
1564 941 1693 992 duodecim
1710 943 1812 997 limitem

194 1030 254 1079 alias
277 1028 441 1079 lntemeduut
470 1027 564 1077 medias
593 1026 684 1090 dispari
708 1025 810 1084 strepitu
840 1023 978 1086 tinniiuque
1023 1025 1114 1086 epitriti
1136 1026 1227 1076 ratione
1254 1026 1378 1088 maecedit.
1410 1028 1605 1092 vigintiquatuor
1626 1043 1724 1096 quoque
1743 1033 1813 1086 limes

194 1117 312 1179 chordas,
325 1131 382 1180 qnae
393 1116 481 1167 mediae
491 1118 550 1166 sunt
561 1099 680 1186 acutiores
692 1115 791 1177 quidem
804 1111 977 1176 primoiimite.
1022 1112 1156 1172 octodecim
1172 1112 1326 1164 medietatem
1338 1114 1426 1178 epitriti
1443 1116 1535 1167 ratione
1556 1118 1681 1180 precellit
1714 1123 1809 1172 Etrur-
1863 1103 1865 1108 ¹

194 1207 318 1271 graviores
330 1211 413 1258 autem
428 1205 530 1267 ultimo,
544 1209 617 1268 atqua
630 1205 664 1254 ita
678 1217 723 1268 per
736 1205 863 1253 accentum
876 1201 907 1251 ad
920 1213 978 1250 acu·
1022 1213 1077 1248 sum
1088 1200 1275 1263 vigintiquatuor
1289 1201 1357 1253 linies
1366 1203 1493 1254 adversum
1504 1204 1663 1268 quadraginta
1673 1213 1730 1258 ocio
1745 1209 1813 1273 dupli

196 1295 268 1346 ruinis
286 1297 402 1359 postremi
421 1308 509 1345 sonum
527 1292 675 1357 peruenitur,
695 1305 744 1354 qus
759 1293 882 1354 pererrant
895 1289 978 1352 digito·
1025 1288 1114 1339 ratione
1132 1287 1225 1340 duint:
1246 1292 1271 1342 et
1284 1291 1424 1342 medietates
1438 1293 1525 1355 trabat,
1546 1307 1619 1343 unam
1632 1293 1729 1358 trigidio
1749 1295 1813 1361 duo,

175 1397 250 1442 ‚rum
266 1385 293 1434 et
305 1383 408 1446 pectinis
419 1383 504 1446 pulsus
517 1397 526 1432 s
541 1382 576 1432 sic
589 1383 656 1431 Deus
669 1382 776 1430 animam
792 1378 878 1429 mundi
892 1377 978 1427 modu-
1023 1376 1123 1427 alteram
1136 1378 1236 1440 triginta
1249 1391 1302 1429 sea.
1335 1379 1444 1442 triginta
1475 1377 1523 1429 duo
1542 1381 1813 1445 medietas,adversum

194 1473 262 1534 lans,
288 1471 412 1521 inducitur
439 1484 483 1520 sex
503 1469 546 1519 illa
567 1469 694 1520 intervalia
716 1467 821 1530 duplicis
838 1470 864 1516 et
877 1465 978 1528 triplicis
1024 1464 1208 1528 vigintiquatuor
1222 1466 1323 1518 limitem
1338 1447 1490 1530 comparata,
1511 1469 1567 1520 iacit
1589 1471 1743 1522 iuterrsllnm
1760 1474 1812 1538 epi·

196 1558 353 1623 quantitatis,
367 1556 460 1620 singula
469 1557 532 1607 binis
544 1556 715 1607 medietatibus
724 1555 830 1617 stipans,
843 1554 878 1603 lta
892 1555 979 1602 siuns
1023 1552 1087 1603 inre
1107 1553 1256 1615 quantitatis.
1288 1555 1367 1604 llabst
1387 1555 1451 1605 enim
1471 1558 1549 1605 tottam
1567 1541 1766 1622 vigintiquatuor,
1789 1565 1813 1612 et

195 1645 335 1697 srduabus
348 1646 466 1695 medietas
482 1644 608 1706 potiorsit
623 1643 716 1693 minore
732 1643 808 1692 limite
828 1642 979 1703 tertionaria
1024 1641 1076 1702 siris
1102 1642 1195 1691 tertiam
1217 1643 1366 1703 portionem,
1386 1643 1411 1692 id
1436 1645 1473 1694 est
1492 1646 1548 1694 octo
1561 1663 1569 1694 a
1584 1645 1814 1709 quadraginta-ocio

195 1733 262 1795 cios,
271 1733 364 1794 majore
377 1734 460 1782 autem
473 1731 550 1782 limita
560 1731 658 1780 interior
668 1729 752 1780 εεᾱεω
763 1731 834 1779 tertis
846 1731 916 1792 paris
928 1742 978 1778 ma·
1026 1740 1084 1779 vern
1102 1729 1171 1779 limes
1188 1730 1329 1790 trigintasex
1345 1732 1454 1793 ursmari,
1467 1745 1524 1794 quae
1542 1731 1658 1784 maanes
1671 1738 1710 1785 est
1724 1735 1812 1796 altera,

193 1821 253 1884 juris
267 1820 360 1871 limitis.
392 1818 555 1870 Descnbsnda
575 1820 612 1868 est
627 1818 709 1880 iisque
723 1819 799 1881 ligura
819 1816 905 1866 similis
924 1817 978 1878 ejus
1025 1815 1134 1878 epitritus
1160 1822 1206 1867 esi.
1238 1817 1352 1869 cocunea
1379 1819 1443 1868 enim
1468 1819 1492 1869 iu
1515 1831 1542 1870 se
1567 1821 1646 1870 tolum
1671 1822 1812 1886 trigintasea
1887 1883 1891 1890 Ι

199 1922 257 1970 quae
278 1911 351 1972 paulo
366 1907 477 1968 superius
494 1905 617 1970 exscripta
635 1909 689 1967 est,
705 1905 764 1954 solis
776 1905 808 1954 ab
827 1919 855 1956 aa
871 1906 980 1956 numeris
1027 1917 1172 1966 numerum,
1183 1908 1209 1955 et
1225 1903 1278 1965 ajars
1298 1907 1393 1956 tertiam
1413 1908 1563 1981 portionem,
1575 1907 1600 1957 id
1618 1911 1656 1960 est
1672 1910 1810 1964 duodecim.

139 1993 143 1999 '
196 1996 304 2059 distans,
319 1997 353 2046 its
370 1998 399 2045 ut
417 1995 521 2056 maiores
538 1994 633 2044 numeri
649 1995 817 2044 contineantur
843 2007 850 2042 ε
874 2007 979 2056 quorum
1028 1992 1178 2054 Trigintasex
1191 1992 1273 2055 cuim,
1285 1997 1310 2044 et
1323 1994 1465 2057 duodecim,
1477 1997 1600 2058 complent
1611 2010 1740 2049 numerum
1753 2013 1813 2062 qua·

197 2085 323 2148 intervalla
338 2084 420 2134 binam
435 2083 595 2134 medietatum
611 2083 707 2146 capiam
721 2083 923 2144 interiectionem.
1029 2079 1204 2141 dragintaocto.

191 2208 197 2220 .
227 2177 290 2225 ilat.
309 2174 372 2231 Quia
384 2185 427 2223 sex
443 2185 561 2222 numerus
579 2171 637 2220 tacit
650 2184 725 2220 usum
744 2171 862 2232 iimitem,
882 2174 908 2220 ei
922 2171 979 2245 item
1058 2170 1134 2218 llLil.
1152 2172 1212 2219 lime
1231 2170 1315 2221 eadem
1338 2171 1400 2221 ratio
1413 2171 1535 2222 invenitur
1551 2173 1659 2222 etiamin
1678 2187 1709 2224 eo
1724 2175 1813 2237 latere,

196 2261 325 2318 duodecim
337 2260 471 2310 mcuudum
487 2259 561 2309 elladi
576 2259 692 2320 limitem,
709 2258 780 2320 juxta
795 2259 914 2308 rabonem
933 2258 980 2307 du·
1028 2255 1136 2318 quodex
1157 2256 1291 2319 triplicibus
1314 2258 1468 2309 numerisest
1481 2259 1626 2310 ordinatum.
1658 2261 1721 2319 Quis
1740 2263 1815 2326 igitur

199 2353 269 2416 plicis
291 2352 451 2414 quantitatis,
477 2356 502 2401 ei
521 2363 537 2400 a
554 2363 581 2400 se
597 2350 703 2410 distant,
719 2350 906 2414 interponuntur
923 2348 980 2399 dnae
1028 2354 1115 2393 novem
1132 2345 1157 2393 et
1170 2344 1225 2392 octo
1240 2343 1375 2406 epogdoum
1387 2345 1478 2396 iaciunt
1489 2347 1609 2410 spatium,
1619 2351 1682 2400 etex
1699 2349 1738 2399 lais
1762 2349 1813 2400 duo

198 2439 349 2501 migma,
360 2452 409 2488 ung
419 2439 537 2488 octonarii
546 2437 739 2499 numegi‚glten
751 2437 885 2487 novenarii,
917 2439 981 2498 Ergo
1028 2428 1118 2479 limites
1132 2429 1198 2494 dupli
1217 2430 1309 2481 tallone
1327 2431 1457 2493 distantes,
1471 2431 1497 2482 ld
1517 2437 1553 2484 est
1582 2447 1625 2485 dex
1644 2438 1668 2488 et
1688 2431 1815 2490 dllotloeim

198 2531 255 2578 octo
271 2540 389 2578 numerus
408 2527 537 2577 adversum
557 2539 600 2576 sex
615 2526 717 2575 limitem
736 2530 905 2589 comparatus,
917 2539 981 2588 prra-
1031 2519 1192 2582 ⁰⁰¹¹¹it¹⁰¹¹t¹1lr
1218 2522 1282 2570 ¹⁰0oe
1304 2520 1383 2581 dliii·
1402 2520 1510 2584 epogdoi
1536 2525 1622 2586 ΨΜ
1644 2529 1815 2589 ‘fitistiim

199 2615 264 2667 cedit
281 2628 337 2665 enm
359 2616 431 2665 tertia
446 2615 555 2676 eiusdem
569 2613 656 2664 senarii
671 2612 754 2663 limitis
770 2614 893 2676 portiom,
907 2613 982 2662 idest
1028 2611 1305 2662 omniemintevuuttc
1322 2613 1454 2674 compteri.
1488 2615 1594 2664 Rumam
1610 2615 1772 2667 enimdeosm
1791 2619 1816 2667 et

197 2705 293 2755 duobus
306 2719 314 2754 z
329 2704 383 2767 ipse
395 2706 476 2754 autem
491 2702 636 2766 proceditur
648 2700 721 2752 tertia
730 2702 840 2765 portione
851 2700 980 2750 duodecim
1030 2699 1085 2746 octo
1096 2711 1215 2748 numerus
1228 2697 1357 2750 adversum
1372 2700 1456 2752 decem
1466 2703 1491 2752 et
1503 2715 1546 2752 sex
1557 2715 1698 2764 uumemm,
1713 2704 1815 2768 epogdoi

198 2792 296 2854 limitis,
311 2791 336 2841 id
355 2793 393 2842 est
409 2797 522 2853 quatuor.
555 2790 596 2840 sic
613 2788 792 2839 una'medieias
808 2793 864 2837 octo
884 2789 982 2837 numeri
1029 2785 1148 2835 rationem
1162 2785 1255 2836 obtinet
1275 2801 1282 2836 :
1299 2799 1330 2836 ex
1347 2788 1439 2850 quibus
1456 2788 1551 2840 duabus
1570 2789 1738 2841 medietatibus
1753 2804 1814 2855 epo·

197 2883 272 2943 quota
288 2885 355 2942 parts
365 2879 481 2942 praecedit
491 2878 612 2928 senarium
623 2877 738 2937 limitem,
750 2880 801 2926 tota
814 2874 982 2938 pmseditura
1030 2873 1121 2934 gdoum
1139 2875 1244 2936 spatium
1259 2873 1404 2925 habentibus
1417 2877 1545 2929 duodecim
1566 2878 1663 2940 limitis,
1673 2881 1698 2929 et
1715 2879 1813 2942 vigimi

198 2968 326 3021 duodecim
339 2968 425 3017 limite.
458 2970 565 3017 llursum
576 2979 665 3015 novem
675 2965 791 3015 medietas
802 2966 877 3015 altera
892 2978 983 3028 praece·
1028 2964 1132 3025 quatuor
1152 2975 1222 3027 aequs
1245 2963 1329 3013 limitis
1354 2963 1510 3016 intervallum
1527 2968 1671 3030 completur.
1704 2971 1812 3018 lirarsuna

198 3056 236 3106 dit
246 3068 288 3105 ses
301 3055 401 3104 limitem
411 3054 491 3104 mnus
503 3052 624 3111 numeris,
634 3054 658 3103 et
673 3052 842 3115 possedisses
853 3052 981 3102 duodecim
1029 3050 1219 3114 vigintiquatuor
1228 3051 1311 3102 limitis
1322 3056 1347 3103 et
1357 3052 1572 3118 quadragintsocto
1579 3058 1684 3120 spatium
1694 3058 1815 3121 complent

198 3141 374 3193 limiteiisdem
387 3141 565 3203 aequetribus:
579 3154 623 3191 nec
637 3140 768 3191 immerito.
784 3143 924 3191 Octoenim
937 3140 982 3189 sd·
1028 3138 1084 3189 duas
1108 3140 1249 3190 medietates
1265 3140 1396 3203 epogdoos,
1410 3142 1445 3191 'id
1464 3144 1501 3193 est
1515 3144 1656 3206 trigintasex
1670 3145 1814 3209 eitrigiuta·

165 3234 169 3245 ·
199 3242 286 3279 reram
301 3242 346 3279 sex
361 3230 514 3291 comparata,
530 3228 626 3291 epitrito
647 3228 740 3291 potiora
754 3229 819 3278 sunt.
851 3228 981 3292 Epitritum
1031 3226 1087 3277 duo.
1121 3228 1251 3277 Evidenler
1266 3228 1349 3290 itaque
1367 3228 1574 3303 epogdoisputio
1589 3218 1758 3295 epitritorum
1774 3237 1816 3284 in-

198 3319 280 3367 antem
293 3316 394 3377 dicunt,
404 3315 573 3377 intervallum,
586 3316 681 3379 quoties
695 3329 796 3366 numero
805 3316 835 3365 ad
851 3328 981 3365 numerum
1029 3318 1144 3368 terentia
1154 3316 1325 3379 complentur.

200 3412 357 3469 comparato,
368 3405 446 3466 maior
458 3404 575 3456 minorem
591 3408 667 3456 totum
678 3406 704 3455 in
714 3419 741 3456 se
758 3405 877 3468 continet,
892 3408 917 3457 et
928 3405 982 3467 ejars
1059 3406 1145 3455 xllll.
1163 3404 1256 3455 Deinde
1268 3405 1442 3467 prosequitur:

200 3494 295 3545 emam
308 3487 452 3555 peruenere.
484 3492 705 3556 Atqoednodeclm
724 3494 982 3545 limesadversusno·
1058 3492 1154 3542 Asiane
1183 3492 1260 3541 αὐτῶν
1290 3492 1391 3541 ἑκάστου
1415 3492 1494 3555 μόριον
1509 3482 1605 3553 τῆςλτοῦ
1629 3494 1711 3558 μορίου
1728 3497 1815 3555 ταύτης

200 3595 272 3644 vem,
292 3594 367 3632 unam
379 3595 410 3632 ex
425 3582 608 3645 molientibus,
619 3585 787 3646 computus,
805 3583 917 3646 epitritus
929 3584 983 3645 ejus
1028 3580 1175 3637 διοοτάσεως
1189 3581 1334 3645 λειφθείσης,
1352 3580 1450 3643 ἀριθμοῦ
1462 3580 1520 3643 πρὸς
1535 3580 1632 3646 ἀριθμὸν
1646 3582 1747 3647 ἐχούσης
1759 3586 1814 3643 τοὺς

199 3668 251 3742 esse
263 3668 396 3735 invenitur,
413 3671 521 3721 molinet
535 3671 601 3721 enim
612 3672 692 3721 totum
709 3684 812 3734 novem,
828 3675 853 3721 et
869 3673 922 3735 ejus
936 3676 982 3723 ter·
1028 3668 1112 3733 ὅρους,
1126 3668 1200 3730 ilasi
1212 3670 1357 3728 πεντήκοντα
1372 3669 1413 3719 aul
1429 3670 1556 3719 διακοσίων
1572 3672 1629 3735 πρὸς
1643 3672 1697 3735 τρία
1713 3676 1754 3723 καὶ
1763 3691 1814 3724 τετ-

199 3758 260 3808 dam
273 3758 420 3820 portionem.
452 3762 607 3822 itureamque
617 3759 721 3809 dusmm
733 3760 889 3811 medietatum
906 3762 982 3811 iuter·
1027 3758 1162 3823 ποροὶκοντοι
1178 3759 1217 3807 καὶ
1228 3756 1349 3808 διακόσια.

200 3843 292 3893 vallum
301 3845 437 3907 epogdoum
451 3850 497 3895 est.
530 3848 681 3898 lioveuarius
691 3847 756 3899 enim
769 3862 887 3899 numems
901 3851 980 3899 totum
1059 3851 1104 3900 Ito
1117 3850 1149 3899 ut
1158 3847 1194 3897 ud
1205 3847 1348 3911 perfectum
1354 3848 1570 3915 cumulatamque
1576 3848 1761 3913 perfectionem
1769 3850 1813 3900 de·

200 3932 350 3982 octonarium
362 3933 388 3983 in
401 3946 428 3983 sa
438 3936 562 3998 continet,
571 3939 596 3986 et
604 3937 657 3999 ejus
668 3938 780 3986 ochram
793 3937 945 4000 portionem,
958 3938 983 3987 id
1027 3938 1094 3987 esset
1113 3934 1218 4000 aliquid
1229 3938 1351 3999 epitrito,
1364 3939 1469 3987 tuntum
1484 3936 1584 3987 scilicet
1601 3940 1732 4001 quantum
1743 3938 1816 3988 deest

200 4024 254 4084 est,
271 4034 356 4072 unum.
389 4024 499 4075 Sicduoe
517 4024 661 4075 medietates
681 4024 822 4088 praecellunt
837 4026 941 4088 limites,
959 4030 984 4076 et
1028 4022 1653 4089 tabitacomparntieucdrrccutisquadraginta
1667 4026 1752 4076 tribus
1765 4022 1814 4077 cd-

199 4122 213 4158 a
225 4108 343 4160 limitibus
353 4112 523 4173 praestinatae
532 4112 623 4176 duplici
636 4112 781 4176 diversoque
791 4114 895 4174 ratione,
908 4114 982 4164 altera
1033 4122 1139 4161 cerrum
1151 4110 1276 4161 darccntos
1293 4114 1488 4175 quinquaginta
1499 4125 1556 4162 scu.

200 4197 323 4261 partibus,
333 4200 409 4250 alters
417 4200 539 4261 numeru,
549 4200 613 4250 sicut
626 4202 751 4251 ostensum
764 4202 811 4251 ssi.
1060 4198 1123 4258 Quid
1137 4201 1173 4248 est
1185 4198 1249 4261 quod
1262 4200 1315 4249 vult
1327 4200 1426 4263 intelligi
1435 4204 1446 4249 t
1455 4198 1533 4251 dicam
1547 4215 1555 4251 ε
1573 4200 1616 4252 sed
1629 4214 1684 4265 quae
1701 4205 1757 4254 ante
1775 4202 1813 4253 di·

229 4288 304 4337 xeu.
320 4288 380 4338 lane
396 4287 482 4338 eadem
499 4288 560 4338 ratio
581 4288 655 4338 etism
675 4288 700 4337 in
720 4289 856 4352 triplicibus
874 4290 983 4340 numeris
1029 4286 1104 4337 cende
1117 4286 1262 4347 sunt,prius
1270 4286 1406 4349 explicabo.
1432 4288 1528 4338 Etenim
1537 4290 1742 4351 quemadmodum
1758 4292 1813 4341 arti·

200 4374 331 4426 invenitur.
348 4378 397 4427 Sex
408 4375 474 4426 enim
491 4375 559 4427 limes
573 4390 637 4427 unus
648 4375 742 4427 distans
755 4390 769 4425 a
787 4377 875 4427 decem
888 4380 913 4427 et
927 4380 984 4428 octo
1028 4374 1116 4425 culsiae
1128 4374 1195 4424 vocis
1210 4373 1354 4437 principales
1367 4376 1425 4425 suut
1436 4376 1461 4425 ei
1477 4376 1590 4427 maxims
1608 4380 1703 4441 partes,
1715 4379 1812 4429 nomina

200 4464 277 4515 altero
293 4463 386 4527 limite,
401 4464 556 4515 intervallum
569 4464 635 4526 quod
657 4464 798 4527 interjacet,
813 4464 914 4529 triplum
930 4478 984 4517 esse
1028 4466 1053 4514 et
1076 4462 1150 4513 verba
1174 4482 1181 4513 ι
1201 4461 1289 4511 borum
1313 4464 1394 4513 summ
1411 4464 1526 4527 syllabae,
1545 4466 1696 4529 syllabarum
1712 4464 1812 4531 litterae,

200 4551 349 4603 demonstrat
365 4554 391 4603 in
407 4554 483 4603 altero
503 4553 614 4603 termulae
628 4554 710 4604 latere.
743 4554 806 4603 Sunt
825 4554 866 4603 late
887 4568 984 4618 quoque
1030 4566 1085 4615 quae
1099 4553 1155 4601 suni
1172 4550 1256 4616 primm
1269 4565 1342 4602 voces
1358 4550 1490 4603 individuas
1501 4557 1573 4617 atque
1587 4554 1751 4607 sementaria
1763 4575 1770 4606 ι
1782 4569 1812 4607 ex

202 4639 259 4690 dure
274 4640 435 4702 medietates,
446 4655 495 4691 una
509 4641 535 4691 in
550 4653 638 4692 novem
649 4678 656 4704 ,
667 4642 742 4692 alteru
757 4642 783 4692 iu
795 4642 923 4693 duodecim
936 4656 983 4693 uu·
1030 4642 1067 4691 his
1078 4642 1144 4694 enlm
1159 4641 1234 4692 totius
1252 4642 1367 4691 orationis
1388 4642 1542 4693 constituitur
1557 4644 1718 4702 confluentis,
1738 4646 1764 4693 et
1781 4642 1812 4691 ad

200 4729 282 4780 meris.
316 4730 451 4781 liovenaria
484 4730 615 4793 medietas,
650 4730 780 4782 adversum
806 4746 851 4782 sex
882 4733 984 4783 limitem
1031 4728 1743 4793 postremaseasdemliterasdissolutiepervenitoratlonis
1758 4744 1766 4778 ι
1779 4730 1813 4780 ita

201 4798 357 4881 comparata,
368 4819 479 4882 mcuplo
490 4824 597 4884 superat.
630 4820 710 4870 Habet
722 4820 787 4871 euim
801 4824 880 4870 lotum
892 4834 933 4871 sex
943 4856 950 4881 ,
960 4822 986 4871 et
1029 4820 1102 4871 etiam
1114 4832 1208 4870 canorae
1221 4819 1288 4869 vocis
1295 4856 1304 4882 ,
1318 4832 1373 4883 quae
1386 4833 1401 4869 a
1412 4818 1504 4870 Grecis
1517 4820 1618 4883 ἐμμελὴς
1633 4818 1728 4883 dicitur,
1738 4820 1763 4869 et
1775 4818 1813 4868 est

201 4903 255 4966 eius
270 4906 395 4956 dimidiam
411 4908 558 4971 portionem,
571 4908 596 4958 id
607 4910 655 4972 est,
665 4908 721 4959 tria.
753 4909 844 4959 Eadem
854 4910 983 4960 adversum
1030 4909 1108 4958 modis
1122 4908 1277 4970 numerisque
1300 4908 1446 4971 composita,
1466 4907 1608 4971 principales
1619 4906 1719 4969 quidem
1731 4910 1812 4971 partes

201 4990 286 5042 dmm
307 4995 331 5044 et
352 4995 408 5043 octo
428 4994 530 5045 limitem
553 4998 710 5060 comparata,
733 4995 809 5059 duple
831 4996 982 5059 praeceditur.
1030 4996 1812 5061 suntbse,quaeamusicisappellantursocripace.Hoecauiem

202 5077 317 5129 lllsenim
335 5078 640 5145 norem,decemetocto
656 5088 723 5138 sunt.
756 5087 862 5136 norsum
875 5085 983 5135 atiame-
1029 5084 1081 5149 ipsa
1090 5086 1242 5135 constantes
1259 5088 1325 5136 certo
1343 5088 1421 5135 tractu
1439 5084 1812 5155 pronuntiationimqussdicun·

202 5168 294 5228 dietas,
304 5166 329 5216 id
341 5171 379 5219 cst
394 5169 539 5232 duodmim,
550 5171 571 5223 si
582 5173 698 5224 macram
714 5188 757 5225 sea
774 5174 875 5226 limitem
889 5187 986 5237 compa·
1031 5174 1231 5238 auroramque.
1242 5174 1417 5227 Diasiemalum
1425 5174 1614 5237 pormipsorum
1625 5175 1705 5239 partas
1714 5172 1811 5238 φθόγγοι
