3959 5925
714 332 952 392 rotomnam
973 332 1104 393 νκιιιι.
1411 293 1414 301 ’
1661 343 1698 391 ss

116 476 228 547 λεάτητα
256 471 283 529 δὲ
307 467 454 541 ἐπιστήμην
478 467 535 523 καθ’
554 464 586 533 ἣν
614 464 719 538 οἴδαμεν
746 462 788 521 ὅτι
805 464 887 521 οὐδενί
931 464 1019 539 νάμεις
1033 463 1120 539 τινάς,
1137 462 1179 521 ἐπὶ
1192 466 1237 533 τῆς
1252 460 1386 534 ἀσκήσεως
1403 461 1631 541 περιγιγνομίνας,
1648 454 1700 522 οἷον

115 566 192 640 δεινῷ
216 558 253 635 μὴ
277 555 469 635 περιπέσωμεν.
511 550 715 629 Μεγαλαμυχίαν
734 548 762 608 δὲ
780 550 888 620 έπιστή-
931 549 978 619 τήν
994 549 1090 625 ὑγίειαν
1108 552 1153 618 τῆς
1175 550 1274 627 ψυχῆς,
1291 548 1335 607 καὶ
1348 550 1395 619 τήν
1411 548 1565 623 ἀρτιότητα,
1588 548 1633 607 καί
1652 550 1699 619 τήν

115 674 170 726 μην
180 648 205 687 ⁸⁴
215 641 334 724 ὑπεράνω
344 646 467 699 ποιοῦσαν
481 642 532 697 τῶν
541 638 690 716 πεφυκότων
704 640 730 695 ίν
740 637 888 704 σπουδαίοις
930 635 1006 715 ἰσχύν
1024 639 1114 705 αὐτῆς,
1136 635 1181 695 καί
1198 637 1228 695 τὸ
1250 632 1351 704 καλλος.
1390 633 1497 715 Ὥσπερ
1511 639 1562 715 γὰρ
1582 636 1631 708 τήν
1654 642 1700 695 τοῦ

114 760 145 795 τε
166 736 295 815 γίγνεσθαι
310 730 355 789 καί
379 710 492 809 φαύλοις.
533 726 669 805 Εὖψνχίαν
690 725 717 783 δέ
740 725 898 802 ίπιστήμην-
930 723 1049 799 σώματος
1063 721 1088 758 ⁸⁶
1101 723 1196 801 ὑγίειαν
1211 724 1349 801 εὐκρασίαν
1364 714 1430 782 εἶναι
1443 728 1493 781 τῶν
1506 727 1531 781 έν
1545 728 1582 805 τῷ
1596 725 1700 799 σώματι

116 827 204 903 ψυχῆς
225 816 408 899 παρεχομένης
428 813 522 881 ἑαυτήν
545 813 683 883 ἀήττητον.
726 812 886 872 Φιλοπονίαν
930 816 1031 890 θερμῶν
1047 812 1091 869 καί
1105 814 1229 893 ψυχρῶν,
1245 814 1289 869 καί
1303 811 1385 889 ξηρῶν
1401 812 1446 869 καί
1460 815 1542 891 ὑγρῶν
1553 858 1562 885 ,
1575 812 1641 871 ούτω
1655 812 1699 871 καί

117 910 146 966 δέ
165 906 312 981 ἐπιστήμην
327 899 511 982 ἐξεργαστικήν
530 905 574 959 τοῦ
589 898 774 977 προκειμένου,
788 902 818 957 ού
835 923 886 957 κω·
929 901 976 970 τὴν
991 904 1037 969 τῆς
1047 903 1131 979 ψυχῆς
1146 899 1243 975 ὑγίειαν
1255 898 1392 977 εὐκρασίαν
1405 890 1532 959 εἶναιτῶν
1544 902 1571 957 ἕν
1584 904 1616 978 τῇ
1628 902 1700 979 ψυχῇ

116 992 244 1071 λυομένην
266 992 308 1051 διά
321 989 411 1049 πόνου.
455 986 600 1047 Ettritum
614 987 641 1044 δὲ
658 986 804 1063 ἐπιστήμην
822 990 885 1044 θεῶν
930 986 1078 1065 δογμάτων.
1123 986 1175 1046 Καὶ
1189 986 1282 1060 ὁμοίως
1298 986 1385 1065 ῶσπερ
1401 991 1417 1057 ἡ
1434 987 1564 1065 ῖσχὶιςτοῦ
1579 984 1700 1061 σώματος

117 1084 265 1164 θεραπείας.
304 1080 477 1160 Χρηστύτητα
493 1078 521 1136 δὲ
543 1077 690 1153 ἐπιστήμην
708 1078 885 1149 εὖποιητεκήν.
928 1068 999 1141 τόνος
1015 1074 1083 1133 ἐστίν
1098 1074 1184 1139 ἱκανὸς
1204 1077 1230 1132 ἐν
1243 1072 1356 1152 νεύροις,
1377 1073 1444 1133 οὕτω
1459 1073 1503 1132 καί
1517 1080 1534 1145 ἡ
1555 1079 1601 1144 τῆς
1615 1078 1700 1154 ψυχῆς

117 1169 329 1241 Εύκοενωνησίαν
348 1166 375 1227 δέ
396 1165 543 1239 ἐπιστήμην
562 1164 679 1235 ἰσότητος
702 1164 728 1220 ἐν
755 1164 884 1242 κοινωνίᾳ.
930 1160 1004 1240 ἰσχύς
1021 1160 1092 1227 τόνος
1111 1162 1180 1219 ἐστίν
1197 1160 1281 1226 ἱκανὸς
1300 1163 1327 1219 έν
1347 1166 1385 1239 τῷ
1400 1161 1494 1241 κρίνειν
1514 1162 1559 1219 καί
1577 1162 1699 1241 πρέπειν

116 1256 329 1323 Εὐσυναλλαξίαν
359 1254 385 1311 δέ
417 1252 566 1326 ἐπιστήμην
591 1254 618 1309 ἐν
641 1254 680 1329 τῷ
702 1250 886 1308 συναλλάττειν
929 1248 975 1305 καί
998 1248 1046 1324 μή.
1094 1248 1198 1327 Ὥσπερ
1216 1271 1245 1305 τε
1265 1248 1294 1305 τὸ
1316 1250 1410 1315 κάλλος
1437 1254 1484 1307 τοῦ
1504 1249 1623 1323 σώματός
1644 1245 1699 1307 ἐστὶ

116 1330 263 1422 ἀμέμπτως
277 1346 328 1409 τοῖς
339 1341 460 1411 πλησίον.
502 1340 600 1397 Πασῶν
612 1336 639 1393 δὲ
651 1335 747 1393 τούτων
761 1340 811 1393 τῶν
827 1340 885 1412 ἀρε·
930 1335 1077 1415 συμμετρία
1091 1339 1142 1393 τῶν
1156 1338 1242 1411 μελῶν
1260 1336 1437 1395 καθιστάντων
1452 1336 1514 1394 οὔτὸ
1528 1335 1552 1383 ³7
1565 1325 1697 1417 ffpbg'dp.
1791 1414 1792 1417 Ἴ

114 1439 168 1491 τῶν
195 1432 225 1491 τὸ
248 1430 321 1495 τέλος
347 1421 427 1498 εἶναι,
448 1426 478 1484 τὸ
504 1425 650 1492 ἀκολούθως
671 1428 704 1501 τῇ
728 1423 803 1503 φύσει
826 1426 883 1493 ζῆν.
928 1424 996 1494 ληλά
1008 1447 1036 1482 τε
1050 1424 1094 1482 καί
1105 1422 1168 1501 πρὸς
1180 1422 1209 1481 τὸ
1222 1423 1295 1495 ὅλον,
1309 1422 1376 1481 ούτω
1387 1425 1432 1483 καί
1442 1424 1473 1482 τὸ
1483 1429 1529 1496 τῆς
1542 1427 1627 1503 ψυχῆς
1636 1426 1701 1483 κάλ-

114 1520 248 1588 Ἑκάστην
263 1516 290 1574 δὲ
304 1515 395 1575 τούτου
409 1514 451 1573 3ιά
465 1516 516 1571 τῶν
531 1514 601 1570 ἰδίων
612 1510 773 1589 παρέχεσθαι
785 1510 883 1587 τυγχά-
928 1511 971 1576 λος
990 1512 1045 1567 έστί
1066 1510 1213 1587 συμμετρία
1228 1518 1272 1569 τοῦ
1291 1510 1369 1587 λόγου
1383 1512 1492 1570 καὶτῶν
1510 1514 1595 1589 μελῶν
1620 1515 1700 1570 αὐτοῦ

112 1630 191 1665 νοντα
205 1603 248 1662 τὸν
263 1603 407 1680 ἄνθρωπον.
449 1598 541 1677 Ἐχειν
551 1597 602 1676 γάρ
616 1596 734 1677 ἀφορμάς
750 1598 822 1677 παρὰ
840 1604 885 1669 τῆς
928 1598 991 1675 πρὸς
1005 1596 1035 1655 τὸ
1049 1596 1106 1656 ὅλον
1120 1621 1149 1655 τε
1164 1602 1240 1656 αὐτοῦ
1256 1596 1280 1633 aa
1301 1600 1346 1657 καὶ
1366 1600 1430 1677 πρὸς
1450 1600 1562 1670 ἄλληλα.
1605 1600 1700 1669 mm

114 1695 231 1775 φύσεως,
244 1691 289 1749 καὶ
309 1690 373 1767 πρὸς
394 1689 441 1757 τήν
465 1692 509 1745 τοῦ
527 1685 683 1755 καθήκοντος
704 1686 816 1763 εὕρεσιν,
840 1687 885 1745 καὶ
928 1684 955 1741 δέ
968 1682 1014 1749 τάς
1028 1685 1133 1761 ἀρετάς,
1151 1684 1211 1741 ὅσαι
1225 1684 1367 1758 ἐπιστῆμαί
1381 1688 1431 1745 εἰσι
1445 1685 1490 1744 καὶ
1504 1685 1612 1764 τέχναι,
1626 1688 1700 1747 κοινά

112 1782 180 1863 πρὸς
190 1781 237 1851 τὴν
251 1782 302 1837 τῶν
313 1780 399 1856 ὁρμῶν
415 1777 581 1845 εὐστάθειαν,
593 1772 639 1831 καί
651 1773 713 1851 πρὸς
729 1772 774 1836 τὰς
785 1775 885 1849 ὑπομα-
927 1794 956 1829 τε
968 1770 1125 1846 θεωρήματα
1138 1769 1206 1849 ἔχειν
1214 1816 1222 1845 ,
1239 1770 1283 1827 καὶ
1303 1772 1391 1839 τέλος,
1404 1776 1439 1837 ὡς
1453 1772 1553 1849 εἴρηται
1561 1819 1568 1845 ‚
1580 1775 1611 1837 τὸ
1625 1775 1699 1851 αὐτό,

112 1872 178 1945 νάς,
191 1868 312 1943 καὶπρὸς
330 1865 376 1930 ri<
391 1861 561 1939 ἀπονεμήσεις
574 1859 642 1919 κατὰ
655 1860 685 1917 τὸ
697 1859 833 1939 σύμφωνον
845 1858 882 1918 ⁸⁵.
928 1858 967 1915 διὸ
981 1858 1026 1917 καί
1044 1858 1205 1937 ἀχωρίστους
1217 1848 1297 1915 εἶναι·
1308 1857 1352 1917 τὸν
1366 1859 1416 1939 γὰρ
1431 1860 1492 1936 μίαν
1507 1860 1600 1940 ἔχοντα
1614 1863 1699 1929 πάσας
1715 1862 1718 1869 ’

114 1957 170 2017 Καὶ
181 1955 211 2013 τὸ
222 1954 280 2024 ἑξῆς
292 1952 389 2022 ἑκάστη
400 1953 451 2007 τῶν
464 1952 564 2030 ἀρετῶν
578 1946 730 2025 πράττουσα
741 1947 885 2025 παρέχεται
928 1945 1012 2023 ἔχειν,
1031 1944 1075 2001 καί
1097 1945 1138 2003 τὸν
1162 1944 1230 2003 κατά
1257 1944 1319 2019 μίαν
1340 1947 1502 2026 πράττοντα,
1525 1948 1594 2007 κατὰ
1613 1949 1700 2015 πάσας

112 2046 158 2104 τὸν
180 2044 314 2121 ἄνθρωπον
333 2038 527 2116 ἀκολούθωςτῇ
548 2036 622 2115 φύσει
646 2038 761 2111 ζῶντα,
781 2035 885 2101 Ταύτας
927 2032 1061 2109 πράττειν.
1104 2029 1240 2109 Διαφέρειν
1253 2033 1274 2089 δ’
1285 2032 1404 2103 ἀλλήλων
1415 2032 1460 2092 καί
1472 2042 1524 2100 τοῖς
1537 2036 1697 2113 κεφαλαίοις.

113 2131 162 2206 μίν
176 2122 274 2195 οάντάς
286 2126 405 2207 ῥηθείσας
418 2125 511 2204 ἀρετὰς
521 2123 621 2188 τελείας
634 2112 700 2179 εἶναι
711 2122 814 2199 λέγουσι
825 2121 885 2198 περὶ
929 2117 1088 2196 Φρονήσεως
1104 2117 1150 2195 μὲν
1164 2118 1215 2197 γάρ
1234 2109 1300 2177 εἶναι
1326 2120 1456 2201 κεφάλαια
1471 2120 1501 2179 τὸ
1524 2120 1572 2198 μίν
1596 2124 1698 2202 θεωρεῖν

112 2220 158 2277 τὸν
174 2216 247 2295 βίον,
260 2215 306 2275 καί
320 2212 504 2285 συνεστηκέναι
518 2214 548 2269 ἐκ
562 2209 749 2288 θεωρημάτων·
763 2207 884 2274 ἀλλαςδὲ
927 2204 973 2262 καί
986 2204 1126 2281 πράττειν,
1140 2203 1155 2262 ὃ
1170 2206 1309 2277 ποιητέον,
1325 2204 1532 2284 προηγουμένως.
1574 2208 1651 2267 Κατὰ
1671 2210 1699 2266 δὲ

112 2304 289 2381 ἐπιγίγνεσθαι
301 2300 425 2373 ταύταις,
439 2296 535 2356 οὐκέτι
548 2295 643 2374 τέχνας
655 2293 747 2365 οὔσας,
759 2291 827 2352 ἀλλά
840 2294 883 2350 δυ·
928 2292 970 2351 τὸν
985 2291 1102 2371 δεύτερον
1116 2292 1209 2371 λόγον,
1224 2292 1255 2350 τὸ
1269 2297 1372 2373 θεωρεῖν
1390 2292 1436 2351 καὶ
1451 2294 1468 2351 d
1485 2294 1523 2353 δεῖ
1545 2294 1698 2371 ἀπονέμειν,

111 2514 388 2578 titudinem,justitiam
420 2518 455 2562 ac
466 2510 615 2575 prudentiam
627 2509 723 2571 quidem
736 2508 799 2557 cirea
807 2507 883 2556 ottioia
928 2505 1191 2567 biiitatem,scientiam
1208 2506 1351 2568 aequalitatis
1371 2507 1396 2555 io
1417 2508 1473 2557 vitae
1488 2508 1698 2570 meistatmoomi·

110 2605 201 2654 versari
211 2621 219 2664 ς
231 2602 410 2665 temperantiam
423 2600 486 2648 circa
500 2598 621 2659 appetitos
636 2597 753 2655 hominis3
766 2594 883 2644 tortitudi·
928 2596 1016 2653 tatem,
1026 2594 1146 2642 scientiam
1163 2592 1261 2642 honeste
1282 2606 1336 2641 cum
1355 2594 1408 2643 aiiis
1426 2595 1588 2645 contrahendi.
1622 2600 1699 2657 mque

110 2704 170 2739 nem
181 2691 243 2737 eirea
263 2685 465 2745 τωίεῑσυιίὶτὶυις
484 2684 602 2744 iustitiam
620 2683 683 2731 circa
696 2680 882 2731 distributiones.
930 2682 1014 2729 irarum
1039 2681 1154 2729 virtutum
1181 2680 1288 2729 omnium
1317 2680 1388 2730 finem
1409 2695 1475 2740 esse,
1492 2684 1583 2731 natriraa
1608 2694 1696 2731 conve-

110 2776 277 2837 Subjectarum
297 2786 355 2822 rere
375 2772 442 2821 hisee
465 2770 594 2820 videtibos
616 2769 674 2817 alias
690 2769 810 2830 subiectas
830 2780 884 2816 esse
927 2768 1019 2815 nienter
1040 2766 1129 2816 virere.
1181 2766 1229 2817 Sed
1259 2780 1341 2817 earum
1371 2780 1567 2828 unamquamque
1591 2782 1632 2817 sue
1653 2783 1699 2832 ope

109 2861 260 2925 prudentiae,
277 2860 337 2908 etiae
345 2857 527 2921 temperantiae,
541 2856 599 2905 etiae
609 2854 757 2916 tortitudini,
772 2854 831 2902 aiiae
841 2853 883 2914 iu·
929 2855 1051 2903 nominem
1071 2854 1123 2916 ejus
1140 2855 1174 2904 rei
1187 2854 1325 2918 participem
1340 2854 1428 2915 iao'ere,
1441 2856 1570 2916 presertim
1591 2870 1666 2919 quum
1683 2871 1699 2906 a

109 2949 194 3000 stitia.
225 2944 398 3009 titpmdentie
408 2944 504 3007 quidem
515 2942 701 3005 mbjieicoosiiti
712 2941 881 3003 maturitatem,
929 2940 1321 3003 mturairabeatadjumeotatum
1334 2940 1447 2991 adoificii
1458 2942 1633 3004 inventionem,
1646 2948 1698 3008 tum

110 3033 331 3099 perspicacitatem,
363 3032 528 3093 nescitatem,
554 3031 702 3090 sotiertiam,
724 3029 881 3078 industriam:
927 3029 1141 3092 adappetitionum
1157 3029 1387 3091 mostmtiam,tum
1400 3031 1631 3092 adresisteudtvim‚
1645 3035 1698 3081 tum

110 3121 276 3184 temperantia
288 3123 367 3170 autem
378 3120 468 3169 ordinis
481 3118 603 3178 studium,
616 3116 759 3176 decentiam,
768 3095 883 3165 verecun-
927 3117 959 3166 ed
972 3117 1149 3166 distributiones
1162 3117 1293 3168 secundum
1304 3121 1445 3166 cooeeotum
1459 3131 1473 3167 a
1489 3121 1572 3168 natura
1582 3120 1699 3169 comittu-

110 3211 194 3268 diam,
207 3207 395 3257 motinentiam:
413 3205 615 3254 fortitudininem
625 3203 797 3264 constantiam,
808 3201 883 3251 conii·
928 3209 989 3254 tum.
1008 3205 1070 3262 Quin
1080 3206 1152 3255 etiam
1161 3205 1259 3267 singulae
1270 3205 1369 3255 virtutes
1377 3217 1405 3254 ea
1414 3207 1534 3268 quaeipsis
1543 3211 1700 3258 consentanea

111 3296 235 3356 dentiam,
247 3289 882 3356 magnanimitatem,eqnanimitatem,seduiitatem:
927 3294 985 3341 sunt
1004 3292 1133 3341 efficientes
1149 3305 1179 3342 eo
1201 3292 1280 3343 valent
1292 3296 1320 3344 ut
1338 3293 1409 3342 tromo
1422 3301 1514 3344 naturae
1533 3298 1699 3346 convenienter

110 3380 210 3442 iustitie
229 3379 333 3442 denique
356 3379 483 3439 pietatem,
510 3377 683 3438 iutegritatem,
703 3376 882 3437 affabititatem,
928 3380 1002 3428 viret.
1035 3383 1083 3430 itas
1093 3381 1165 3442 igitur
1175 3393 1236 3443 ques
1248 3381 1430 3432 memoravimus
1440 3383 1538 3432 virtutes
1549 3383 1664 3445 periectas
1674 3385 1698 3432 irr

111 3467 260 3516 munitatem.
293 3449 414 3516 datorum
437 3465 530 3514 consilii
545 3464 707 3526 maturitatem
727 3477 781 3513 esee
801 3463 884 3513 diouut
929 3467 1051 3516 hominum
1062 3467 1110 3517 rita
1122 3481 1174 3517 esse
1183 3467 1266 3518 dicunt
1276 3482 1304 3517 ac
1315 3470 1439 3531 preceptis
1449 3471 1643 3528 constere3aiias
1654 3484 1698 3519 au·

109 3555 237 3604 seieutiam
250 3553 359 3602 utilitatis
377 3553 402 3601 'm
417 3553 489 3602 retius
508 3551 617 3613 gerendis
632 3550 811 3612 oomparandre3
829 3565 881 3613 per·
928 3556 978 3604 tem
994 3553 1032 3603 iris
1042 3553 1168 3616 subiungi,
1181 3569 1228 3604 oon
1239 3557 1315 3616 artes,
1326 3555 1366 3607 sed
1379 3555 1502 3606 tenuitates
1515 3569 1575 3618 queo
1587 3558 1699 3606 exercitio

110 3641 291 3704 spioaeitatem,
306 3639 429 3688 scientiun
449 3651 528 3688 rerum
549 3640 649 3688 eventus
660 3637 731 3686 simui
748 3636 883 3700 siugulatim
929 3641 1106 3703 consequimur,
1121 3647 1148 3690 ut
1163 3642 1236 3691 enimi
1250 3643 1388 3702 sanitatem,
1403 3643 1574 3704 integritatem,
1586 3643 1659 3691 robur
1674 3647 1699 3692 et

110 3735 187 3794 atque
199 3730 226 3779 iu
238 3731 376 3780 universum
390 3729 563 3791 inrestiqmdi;
580 3729 744 3791 mmoitaiem,
761 3729 882 3778 εοίειιῑίεια
929 3728 1139 3789 pulchritudinem.
1156 3728 1363 3784 Quemadmodum
1377 3730 1440 3778 enim
1449 3729 1552 3790 eorporis
1560 3730 1647 3778 sonitu
1658 3743 1699 3778 oe-

109 3818 193 3867 statim
215 3815 352 3866 inveniendi
375 3816 462 3878 oiiicii;
482 3816 623 3876 sottertiem,
640 3816 761 3865 soimtiam
782 3816 806 3864 iu
824 3829 883 3870 uua·
929 3815 1013 3864 iuratis
1030 3815 1062 3864 sit
1082 3816 1222 3876 temperatio
1235 3828 1318 3864 eorum
1332 3827 1387 3876 quae
1401 3817 1425 3864 io
1439 3827 1537 3878 corpore
1551 3817 1699 3878 reperiuntur

110 3917 210 3966 qusque
223 3904 288 3954 read
302 3903 447 3966 propositum
459 3902 533 3952 tinem
544 3902 711 3965 perreoimdi;
725 3902 882 3962 iudustriam,
929 3902 1073 3962 calidorum,
1097 3902 1248 3964 frigidorum,
1273 3903 1388 3952 siccorum
1412 3907 1436 3952 et
1461 3903 1614 3954 irumidorum
1638 3924 1645 3955 r
1664 3892 1716 3955 sio'

110 3991 239 4042 mentam
257 4003 336 4040 rerum
351 3989 444 4039 exitum
457 3989 600 4039 inveniendi.
632 3993 705 4039 Porro
722 3989 812 4038 ordinis
828 3991 882 4038 stu·
932 3985 1005 4033 animi
1015 3985 1140 4036 sanitatem
1147 3986 1241 4036 ssiubre
1249 3999 1303 4036 esse
1314 3985 1464 4036 decretorum
1473 3989 1697 4047 temperemeutrrnr;

111 4080 185 4128 diurn
201 4078 323 4126 εεὶσοῑὶνια
346 4076 461 4139 temporis
481 4090 560 4126 rerum
578 4076 733 4138 gerendarum
754 4084 898 4138 eammque·
929 4073 1146 4135 aosicmcorporis
1164 4073 1236 4124 robur
1250 4074 1368 4124 suidoieos
1380 4088 1505 4124 emiorum
1518 4076 1548 4124 sit
1563 4077 1697 4137 eontentio,

111 4165 220 4224 ordinis3
237 4167 263 4213 st
275 4163 423 4222 ᾱεεσαιίοια,
445 4163 552 4223 peritiam
567 4163 717 4212 imposterum
733 4175 762 4212 ac
778 4164 883 4224 turpium
928 4164 962 4213 ite
972 4163 1269 4215 animivimsuiiicientem
1279 4166 1369 4216 essead
1377 4165 1698 4229 iudicandumetagendum,

111 4250 317 4311 commotionem
342 4249 525 4309 verecundiam,
546 4249 669 4299 seientiam
684 4251 794 4298 uitanda
813 4251 884 4310 justae
929 4251 966 4298 ret
976 4251 1067 4311 minus,
1080 4253 1270 4313 contentionem
1280 4252 1429 4316 eiquomodo
1437 4253 1541 4315 corporis
1549 4254 1699 4316 pulchritudo

111 4338 311 4400 vituperationum
323 4337 614 4398 oondneatiam‚pieoam
626 4351 703 4386 rerum
714 4341 785 4386 rectae
800 4337 883 4386 rationi
928 4338 1090 4386 membrorum
1105 4353 1119 4388 e
1132 4323 1219 4400 quibua
1230 4339 1357 4388 condatum
1369 4345 1404 4389 ost
1422 4341 1521 4390 interae
1534 4343 1558 4390 et
1575 4354 1629 4392 cum
1647 4345 1698 4391 tuto

112 4425 296 4485 congruentium
312 4424 480 4485 cognitionem.
514 4427 632 4472 Praeterea
648 4423 823 4483 constentiam,
838 4425 883 4472 soi·
928 4422 960 4470 sit
970 4427 1179 4485 congruentie,eic
1195 4427 1268 4475 adimi
1281 4441 1377 4488 quoque
1391 4427 1590 4488 pulchritudinem
1602 4429 1699 4478 rationis

111 4513 203 4561 endam
215 4511 241 4559 in
252 4514 318 4559 recto
327 4509 417 4571 iudicio
437 4509 605 4572 permanendi;
615 4510 797 4570 confidentiam,
807 4510 883 4559 soter-
929 4510 1080 4572 partiumque
1092 4514 1144 4573 ejus
1158 4513 1220 4562 inter
1234 4528 1260 4563 se
1271 4518 1295 4564 et
1307 4528 1362 4563 oum
1378 4517 1428 4564 toto
1444 4529 1496 4564 esse
1511 4519 1697 4577 congruentiam.

113 4600 176 4648 dam
186 4611 234 4660 qua
244 4598 304 4647 nihii
315 4597 409 4647 adversi
426 4599 495 4648 nobis
505 4601 646 4648 eventurum
664 4598 820 4658 confidimus3
832 4611 884 4648 ma·
930 4599 1018 4646 Omnes
1029 4611 1098 4657 porro
1111 4599 1211 4650 virtutes
1219 4637 1226 4661 ,
1235 4615 1393 4665 quaecumque
1402 4603 1517 4652 doctrinae
1530 4605 1578 4654 sini
1590 4609 1614 4652 et
1625 4609 1696 4666 emes,

110 4685 309 4748 pecuinitatem,
322 4685 446 4734 scholiam
455 4699 510 4747 quae
518 4686 610 4734 animos
621 4689 707 4734 cuncta
718 4690 767 4733 tam
781 4685 806 4733 iu
815 4686 885 4736 rebus
929 4685 1048 4745 precepta
1059 4683 1145 4736 habere
1157 4689 1295 4737 communia
1306 4694 1330 4737 ot
1341 4689 1424 4749 tinem,
1436 4691 1462 4738 ui
1475 4689 1565 4739 dietum
1578 4697 1629 4754 est,
1639 4705 1699 4742 euu-

111 4771 236 4833 prosperis
246 4784 319 4833 quam
333 4771 358 4820 in
368 4772 477 4820 adrmsis
497 4772 603 4822 reddere
622 4773 691 4822 sotita
708 4773 885 4822 contemnentes
929 4772 994 4832 dem,
1005 4772 1107 4834 ideoque
1119 4772 1284 4837 inseparabiles
1293 4789 1353 4836 esse,
1363 4789 1438 4838 quom
1447 4779 1517 4826 homo
1529 4791 1576 4827 una
1585 4779 1699 4842 preditus

108 4857 551 4918 iacit32quauimitatemscieutiam
569 4860 641 4908 enimi
658 4858 810 4908 seiorietum
823 4872 884 4919 prro·
924 4875 1011 4910 omum
1024 4863 1123 4925 habeat,
1137 4853 1426 4916 etuniuscuitoromnes
1438 4868 1509 4917 outet.
1537 4871 1698 4919 Veruntamen

107 4943 210 5003 benum
221 4943 385 5004 sedrrtitatem,
394 4945 516 4994 seientiam
529 4945 653 5007 peragendi
666 4945 794 5007 propositi,
805 4946 885 4996 labore
930 4951 954 4998 et
963 4950 1080 5012 capitibus
1090 4952 1152 5001 inter
1162 4965 1188 5002 ee
1199 4953 1302 5002 ditterre.
1336 4955 1468 5004 Prudentia
1481 4955 1545 5006 enim
1558 4957 1635 5018 capite
1646 4971 1699 5009 esse

106 5043 163 5080 oon
185 5028 330 5080 deterritam.
371 5033 479 5094 maique
504 5033 631 5094 pietatem,
659 5033 780 5082 scientiam
804 5034 885 5082 eutius
930 5039 1032 5098 primum
1062 5051 1099 5086 ree
1129 5038 1243 5096 gerendas
1277 5043 1429 5102 contemplari
1455 5044 1479 5092 et
1505 5057 1587 5105 agere,
1614 5046 1699 5094 deindo

107 5119 231 5175 αεοτυιας
259 5117 427 5178 integritatem,
448 5120 570 5169 scientiam
595 5123 657 5170 recte
687 5119 801 5178 iaciendi;
825 5122 881 5171 atia·
929 5124 1001 5173 otiam
1013 5124 1162 5175 considerare
1182 5127 1373 5187 qutetribuenda
1386 5129 1437 5179 eliis
1455 5131 1541 5179 sinted
1555 5133 1699 5186 otterrsiones

167 5233 173 5242 .
223 5201 289 5245 t’urt.
307 5201 385 5246 Grec
400 5211 423 5246 ιι.
806 5244 812 5257 ,
1577 5227 1590 5264 r
