3959 5925
184 396 186 403 ‘
225 413 260 455 'x
886 390 938 449 DE
959 386 1198 447 rinnauont

239 526 371 605 corporis
396 526 518 601 liguram
545 522 745 601 exprimente,
770 540 835 597 quae
860 538 952 594 usque
984 516 1022 575 ab
1068 518 1322 596 appropinquare,
1338 517 1387 575 sed
1402 537 1418 575 a
1432 507 1529 577 Furiis
1544 520 1707 595 constringi
1721 522 1870 579 vinculis

237 614 365 673 heroicis
389 614 475 671 ducta
501 610 682 689 temporibus
705 610 786 684 vulgi
809 609 908 687 potius
934 626 1021 683 quam
1068 606 1270 664 tenacissimis.
1287 605 1387 682 Neque
1408 619 1502 664 tamen
1522 606 1572 664 hic
1588 608 1769 685 impurarum
1786 612 1870 669 ani·

239 703 418 762 eruditorum
434 713 513 772 erat,
527 700 708 777 Pythagoras
730 698 765 756 ad
782 698 895 773 reliqua
916 695 1024 773 placita
1069 712 1182 751 marum
1201 706 1292 751 status
1310 706 1475 771 permanet,
1492 693 1542 752 sed
1557 695 1739 769 migrandum
1754 698 1797 756 iis
1815 712 1869 757 est

240 808 292 847 sua
320 789 440 866 aptavit.
464 789 504 845 Ac
528 786 655 864 primum
683 783 800 861 quidem
828 782 903 839 hanc
932 779 1023 838 animi
1069 780 1129 858 (56)
1145 800 1198 858 per
1221 784 1306 839 varia
1325 781 1461 859 deinceps
1484 802 1609 861 corpora
1628 785 1676 841 rel
1698 785 1868 844 hominum

239 887 349 953 partem
379 894 395 933 e
428 874 548 932 materia
582 871 699 929 volebat
725 882 875 939 constare,
901 881 933 926 ut
959 868 1023 944 ejus
1068 869 1115 925 rel
1129 868 1288 927 bestiarum
1310 869 1354 925 rel
1367 870 1529 946 plantarum
1544 870 1726 949 aliarumque
1738 890 1867 946 rerum,

241 963 407 1021 interventu
429 981 496 1036 pars
513 960 617 1017 melior
631 978 696 1016 cum
712 976 835 1035 corpore
850 975 933 1029 agere
954 974 1022 1031 pos·
1069 952 1162 1011 donec
1173 969 1239 1033 post
1259 968 1350 1013 certas
1365 976 1509 1014 annorum
1531 960 1738 1019 conversiones
1758 976 1869 1021 muta-

241 1063 293 1109 set.
302 1050 414 1107 Deinde
426 1050 559 1126 haecipsa
570 1046 696 1104 deterior
707 1058 735 1103 et
746 1044 927 1101 irrationalis
937 1055 1024 1119 atque
1069 1042 1181 1100 tionum
1196 1042 1296 1101 orbem
1318 1046 1505 1103 confecerint.
1518 1046 1587 1104 Haec
1599 1060 1644 1104 ‘est
1662 1048 1867 1109 celeberrima

240 1137 311 1195 adeo
343 1150 476 1195 concreta
505 1146 572 1213 p'ars
610 1153 663 1212 ρει·
695 1144 785 1190 totum
820 1150 927 1205 corpus
962 1143 1024 1187 erat
1070 1129 1121 1187 illa
1136 1132 1300 1189 animarum
1320 1132 1456 1207 migratio
1470 1153 1556 1211 quam
1569 1134 1867 1214 etpbilosophurum

240 1226 348 1285 dillusa
360 1226 483 1302 ejusque
497 1224 619 1298 liguram
634 1218 807 1277 assumebat.
824 1220 916 1288 Quam
934 1218 1023 1275 ratio·
1070 1220 1203 1277 acumine
1216 1218 1359 1277 defensam
1374 1233 1402 1277 et
1415 1234 1564 1298 poetarum
1581 1222 1715 1283 versibus
1726 1228 1868 1304 amplifi-

241 1334 306 1372 nem
328 1326 428 1392 postea
442 1311 627 1371 Democritus
649 1307 758 1384 aliique
780 1320 911 1364 veterum
932 1309 1023 1365 secuti
1070 1319 1161 1363 catam
1197 1326 1396 1385 saepenumero
1426 1309 1540 1385 antiqui
1568 1326 1753 1386 exaggerant.
1782 1314 1868 1371 Eam

242 1422 300 1459 rem
324 1402 476 1459 mirificam
492 1400 553 1457 suis
577 1397 657 1455 scitis
682 1396 888 1453 convenienter
903 1393 1024 1453 uberius
1069 1394 1249 1471 Pythagoras
1277 1396 1343 1453 cum
1382 1396 1600 1473 antiquioribus
1643 1397 1755 1473 Graecis
1791 1403 1864 1477 (57)

241 1500 447 1565 exposuerunt.
468 1485 533 1543 Vid.
562 1483 719 1541 Democrit.
748 1482 848 1555 lragm.
870 1500 935 1558 pag.
958 1488 1023 1547 400.
1071 1484 1122 1560 qui
1138 1484 1170 1541 in
1183 1484 1241 1541 ista
1254 1502 1287 1540 re
1301 1482 1338 1540 ab
1354 1483 1556 1561 AEgyptiorum
1569 1485 1702 1544 doctrina
1717 1508 1777 1546 non
1792 1490 1868 1548 dis-

242 1574 297 1633 Sed
315 1575 494 1651 Pythagoras
510 1571 710 1653 (551puiavit,
727 1568 856 1625 animum
872 1587 887 1625 e
901 1574 1025 1644 corpore
1071 1567 1229 1640 cedebant,
1246 1571 1289 1627 sic
1299 1569 1488 1642 informavit,
1500 1583 1533 1628 ut
1544 1574 1780 1646 μετενσωμιίτιοσιν
1793 1579 1871 1634 sive

241 1664 427 1723 exturbatum
449 1662 551 1741 procul
579 1672 695 1717 ater-ra
720 1676 772 1735 per
793 1675 886 1715 aerem
915 1668 1025 1713 retenta
1072 1656 1277 1736 μετεμψύχωσιν
1303 1656 1364 1735 (58)
1391 1659 1513 1735 ρτοριίο
1548 1678 1634 1717 sensu
1664 1662 1864 1737 intelligeret.

241 1753 375 1829 corporis
392 1748 586 1809 similitudine
605 1766 637 1804 ac
658 1746 752 1820 ligura
773 1744 872 1819 vagari
889 1762 897 1801 ι
911 1741 1026 1801 Mercu·
1071 1743 1170 1821 Neque
1190 1743 1275 1801 Plato
1289 1744 1349 1821 (59)
1362 1788 1369 1815 ,
1378 1744 1510 1827 diligens
1526 1747 1632 1805 veteris
1647 1750 1796 1825 sapientiae
1813 1752 1867 1809 in·

243 1839 319 1896 rium
342 1852 436 1896 autem
457 1834 605 1893 custodem
629 1852 692 1901 esse
711 1833 873 1891 animarum
900 1830 1026 1907 ideoque
1072 1843 1201 1909 terpres‚
1225 1832 1457 1910 quotiescunque
1484 1834 1573 1910 hujus
1610 1835 1712 1910 placiti
1742 1850 1799 1895 tam
1831 1839 1868 1896 in

241 1926 340 1983 vocari
356 1926 527 1992 Ductorem,
539 1922 703 1980 ianitorem
716 1934 746 1993 ¹et
767 1919 931 1988 infernum,
946 1918 1027 1995 quod
1071 1919 1323 1996 Pythagoreorum
1340 1919 1448 1979 scholis
1464 1942 1550 1998 quam
1576 1923 1608 1980 in
1632 1924 1769 2002 Orphicis
1796 1928 1865 2003 (60)

240 2013 351 2070 animas
365 2031 381 2069 c
395 2008 570 2087 corporibus
584 2008 672 2066 simul
688 2029 705 2066 a
722 2021 800 2065 terra
814 2006 900 2065 simul
916 2025 932 2062 e
949 2006 1026 2063 mari
1073 2010 1220 2084 mysteriis
1235 2008 1334 2066 traditi
1353 2010 1530 2067 mentionem
1545 2024 1659 2081 movet,
1675 2013 1760 2071 aliter
1773 2014 1812 2071 de
1825 2034 1869 2072 εο

240 2098 404 2159 deduceret.
417 2098 453 2155 Et
466 2116 553 2175 puras
566 2096 684 2174 quidem
697 2096 835 2153 inlocum
852 2094 1026 2151 altissimum
1070 2094 1230 2171 judicavit,
1246 2096 1305 2153 etsi.
1323 2109 1444 2173 excepto
1465 2097 1583 2155 Plotino
1600 2100 1659 2176 (61)
1680 2105 1866 2177 posteriores

246 2188 399 2266 compelli,
413 2188 545 2265 impuras
559 2204 632 2243 vero
653 2204 705 2241 nec
726 2184 809 2261 puris
824 2202 877 2239 nco
898 2180 1025 2239 invicem
1072 2182 1216 2241 Platonici
1237 2198 1265 2241 et
1277 2184 1464 2260 Pythagorei,
1480 2184 1661 2243 Jambliclrus
1672 2185 1744 2265 (6ο),
1754 2188 1866 2266 Olym·

241 2414 441 2474 συνέχονται·
457 2410 512 2475 πρὸς
530 2408 570 2465 οὓς
590 2408 703 2457 ἐπακτέον
722 2408 752 2455 τὰ
774 2411 816 2457 τοῦ
837 2404 964 2461 Πλάτωνος
982 2405 1025 2454 ούκ
1072 2406 1117 2453 alsi
1130 2405 1249 2467 γινόμενον
1259 2406 1378 2454 ἐσδύεται·
1392 2406 1462 2455 ἐπεὰν
1478 2407 1503 2455 δὲ
1514 2410 1621 2469 περιελθη
1632 2410 1707 2458 πάντα
1717 2412 1747 2459 τό
1757 2420 1866 2475 χερσαῖα

240 2484 341 2545 ἐναργῶς
365 2480 484 2544 ςθείροντα
508 2482 555 2527 πᾶν
579 2478 606 2526 τὸ
627 2478 719 2538 ἄλογον,
744 2476 822 2539 Τρίτοι
840 2476 865 2523 δὲ
883 2474 913 2524 αὖ
932 2476 1025 2523 eleuci
1072 2476 1158 2525 καὶτὰ
1176 2476 1294 2525 θαλάσσια
1311 2478 1398 2525 καὶτὰ
1417 2477 1598 2538 πετεινά,αύτις
1614 2480 1637 2536 ἐς
1652 2481 1774 2543 ἀνθρώπου
1786 2490 1867 2545 σῶμα
1936 2495 1940 2503 “

240 2557 319 2601 πᾶσαν
332 2551 422 2613 φθορὰν·
430 2548 545 2605 ἀνελόντες
555 2547 602 2597 όιπό
611 2563 636 2595 τε
647 2550 690 2595 τοῦ
701 2548 820 2609 ὀχήματος
831 2546 871 2593 καὶ
881 2551 921 2602 τής
932 2546 1026 2606 ἀλογίας
1072 2546 1191 2608 γινόμενον
1202 2547 1314 2599 ἐσόύνειν·
1326 2550 1369 2605 τήν
1378 2549 1515 2610 περιήλυσιν
1529 2549 1554 2597 δὲ
1566 2552 1625 2612 αὐτῇ
1635 2550 1738 2611 γίνεσθαι
1755 2554 1780 2602 ἐν
1790 2572 1865 2618 τρισ-

240 2623 280 2670 καὶ
293 2623 325 2677 είς
337 2622 421 2670 ταυτὸν
431 2620 524 2679 ἄγοντες
534 2619 575 2677 τήν
587 2634 612 2666 τε
620 2620 662 2667 τοῦ
673 2618 791 2680 ὀχήματος
804 2617 915 2677 διαμονήν
930 2616 970 2665 καλ
984 2616 1026 2675 τήν
1072 2616 1168 2679 χιλίοισι
1186 2618 1257 2666 έτεσι.
1270 2617 1354 2679 Τούτῳ
1371 2622 1405 2678 τῷ
1416 2618 1481 2681 λόγῳ
1493 2620 1538 2668 εἰσὶ
1551 2620 1573 2668 οἳ
1587 2621 1703 2678 Ἑλλήνων
1713 2624 1848 2686 ἐχρήσαντο
1855 2665 1864 2687 ,

242 2699 284 2741 τοῦ
299 2692 385 2755 ἀλόγου
398 2692 438 2739 καὶ
450 2691 477 2739 τό
489 2690 569 2746 θνητόν
578 2689 615 2737 ἐπ’
627 2689 698 2737 αὐτοῦ
712 2691 739 2736 τό
750 2687 904 2748 σωματοειδὲς
919 2688 958 2735 καὶ
973 2686 1026 2749 περὶ
1073 2690 1095 2735 ol
1115 2687 1156 2749 μὲν
1174 2688 1294 2751 πρότερον,
1306 2690 1328 2736 ol
1348 2688 1373 2736 δὲ
1387 2690 1492 2749 ὕστερον,
1503 2692 1535 2745 ds:
1548 2691 1601 2753 ἰδίῳ
1619 2693 1713 2741 ἑωυτῶν
1727 2694 1785 2743 ἐόντι
1795 2711 1802 2723 ·
1811 2705 1866 2747 τῶι,

239 2764 281 2822 τήν
294 2764 351 2819 ὕλην
363 2761 503 2823 ἐπτοημένον
515 2761 555 2808 καὶ
568 2758 745 2822 ἐπιμελούμενον
761 2763 808 2807 τῶν
823 2759 910 2815 θνητῶν
931 2756 1025 2817 ἐξηγού-
1072 2756 1119 2817 ἐγὼ
1131 2759 1197 2813 albii:
1207 2759 1238 2806 τὰ
1251 2757 1370 2820 οὐνόματα
1385 2759 1413 2806 ού
1428 2760 1515 2821 γροίρω.
1533 2760 1586 2808 Vid.
1598 2761 1659 2809 Plril.
1673 2764 1751 2812 Grac.
1772 2766 1864 2828 fragm,

242 2846 319 2893 μενοι,
332 2833 364 2885 ὡς
378 2828 509 2892 Ἰοίμέλιχος
520 2828 593 2877 οἴεται
604 2828 644 2875 καὶ
654 2828 705 2875 ὅσοι
716 2828 792 2890 τούτῳ
803 2827 910 2889 συνᾴδειν
920 2826 1025 2885 ἀξιοῦσι,
1073 2827 1122 2875 rol.
1133 2829 1145 2875 1
1158 2829 1189 2876 de
1203 2827 1347 2889 Empedocie
1368 2840 1421 2890 pag.
1433 2832 1497 2878 xlx.
1513 2860 1543 2871 -
1558 2831 1608 2893 (59)
1627 2834 1698 2881 Plato
1717 2834 1742 2882 in
1762 2837 1861 2886 Timaeo

242 2903 283 2949 καὶ
295 2901 340 2964 ούχ
358 2899 497 2955 θπλῶς”ἀπό
516 2903 562 2947 τῶν
575 2898 693 2959 σωμάτων
705 2902 752 2945 τῶν
765 2898 831 2946 θείων
848 2896 912 2957 αὐτῷ
926 2886 1026 2950 διδόντές
1072 2910 1097 2959 ρ.
1112 2899 1226 2959 θλ;ίέειιι
1241 2899 1264 2947 in
1277 2898 1397 2948 rtraedoue
1412 2905 1474 2961 μίλί
1490 2900 1571 2957 ιείκός
1590 2902 1668 2963 μέντοι
1679 2938 1725 2953 .....
1738 2906 1778 2953 itai
1795 2908 1825 2954 ού
1838 2910 1864 2956 τί

239 2973 281 3029 τήν
291 2971 430 3030 θττόστασιν,
443 2969 483 3018 ίνα
501 2970 530 3026 δή
545 2969 667 3031 γενόμενον
687 2968 714 3016 ἐκ
730 2969 872 3029 κινουμένων
886 2967 968 3016 αἰτίων
981 2968 1023 3015 καὶ
1071 2985 1098 3028 γε
1111 2969 1153 3025 τὰς
1165 2975 1212 3018 τῶν
1230 2969 1324 3033 ἀγαθῶν
1337 2968 1423 3026 ταύτας
1443 2971 1515 3032 εἶναι,
1528 2972 1587 3020 ἁλλὰ
1598 2973 1639 3029 τὰς
1652 2980 1700 3022 τῶν
1714 2976 1816 3039 φαύλων,
1834 2981 1864 3026 αἳ

241 3041 382 3101 μεταόλητὸν
399 3040 415 3103 ᾖ
433 3039 494 3088 κατὰ
510 3040 552 3097 τήν
571 3042 655 3088 ἑαυτοῦ
669 3039 807 3100 ptumam
826 3039 873 3088 ἀπό
896 3043 943 3086 τῶν
967 3040 1026 3086 θεῶν
1072 3039 1165 3100 περὶτὰ
1180 3045 1277 3089 τοιαῦτα
1291 3039 1458 3100 ἀναγκάζονται
1475 3043 1606 3092 πλανᾶσθαι
1622 3045 1688 3102 δίκην
1701 3046 1805 3096 τίνουσαι
1817 3056 1863 3106 τῆς

241 3115 318 3159 αυτῶν
345 3111 384 3159 τόν
411 3110 502 3170 κόσμον
530 3107 716 3156 κατευθυνόντων
737 3109 776 3156 καὶ
799 3109 875 3156 πάντα
903 3104 1026 3161 διαιωνίως
1072 3111 1182 3172 προτέρας
1202 3116 1299 3172 τρορῆς,
1315 3117 1390 3168 κακῆς
1408 3113 1487 3170 οὔσης.
1503 3114 1548 3162 Καὶ
1568 3114 1635 3176 μέχρι
1653 3131 1681 3174 γε
1697 3117 1782 3166 τούτου
1799 3122 1865 3167 πλα-

241 3179 481 3241 adsumtum-(55)
499 3177 632 3227 Alexander
646 3178 833 3240 Polynistorap.
855 3178 922 3239 Diog.
947 3180 1025 3226 tueri.
1073 3181 1299 3242 νῶνται,έωςᾰντῇ
1312 3186 1354 3229 τοῦ
1365 3182 1614 3238 ξυνεπακολουθοῖιντος
1626 3189 1669 3232 τοῦ
1683 3189 1864 3245 σωματοειδοῦς

241 3249 283 3299 lib.
294 3253 361 3310 viti,
374 3253 402 3300 at
416 3269 422 3299 ι
435 3249 577 3312 ἐκριφθεῖσαν
590 3249 615 3297 όέ
625 3247 696 3306 αὐτὴν
705 3250 742 3297 ini
757 3249 810 3310 (leg.
822 3249 929 3308 ἀπόλγής
944 3243 1025 3303 πλάζει

242 3321 296 3369 σθαι
315 3322 338 3370 ἐν
351 3325 386 3384 τῷ
404 3320 467 3383 ἐιέρι,
479 3318 562 3380 ὁμοίαν
581 3324 615 3378 τῷ
634 3320 735 3381 σώματι.
748 3320 794 3368 Τόν
806 3320 830 3368 it
842 3321 929 3382 Ἑρμῆν
940 3318 1026 3378 ταμίαν

242 3391 356 3440 εἶναιτῶν
367 3394 460 3456 ψυχῶν·
469 3390 509 3437 καί
519 3388 558 3437 διὰ
566 3393 635 3438 τοῦτο
645 3391 747 3449 Πομπέα
756 3391 862 3448 λέγεσθαι
872 3389 912 3436 καὶ
925 3389 1027 3436 [Ιυλαῖον

241 3465 282 3510 καί
294 3461 400 3524 Χθόνιον,
408 3460 530 3522 ἐπειδήπερ
545 3458 612 3513 οὗτος
626 3460 749 3518 εἰσπέμπει
764 3459 818 3520 (leg.
829 3457 969 3519 προπέμπει)
979 3457 1027 3506 ἀπὸ

240 3537 288 3580 τῶν
300 3531 417 3595 σωμάτων
430 3531 471 3587 τὰς
482 3529 573 3593 ψυχάς,
585 3529 632 3579 ἀπό
648 3547 674 3578 τε
690 3535 731 3589 γῆς
747 3531 786 3578 καὶ
805 3530 833 3578 ἐκ
846 3531 966 3588 θαλάττης.
980 3532 1026 3579 Καὶ

241 3603 337 3664 ἄγεσθαι
350 3602 390 3662 μέν
401 3601 442 3657 τὰς
452 3601 553 3664 καθαρὰς
563 3601 600 3648 ἐπὶ
616 3601 657 3648 τόν
670 3593 778 3662 ὕψιστον,
788 3600 829 3656 τὰς
845 3600 869 3648 θέ
886 3599 1027 3662 ἀκαθάρτους

243 3674 299 3736 μήτε
311 3673 407 3728 ἐκείναις
417 3671 521 3726 πελάζειν
531 3672 588 3733 μήτε
598 3671 719 3730 ἀλλήλαις,
731 3673 820 3720 δεῖσθαι
832 3670 853 3720 δ’
863 3672 886 3719 ἐν
902 3671 1026 3735 ἀρρήκτοις

244 3743 338 3804 δεσμοῖς
348 3743 393 3790 luti
402 3740 532 3804 Ἐριννύων.
541 3769 571 3783 -·
580 3741 629 3802 (56)
642 3741 711 3790 Cunl.
721 3742 828 3790 rimans
839 3745 929 3791 Locrus
945 3742 974 3790 de
986 3755 1026 3790 an.

242 3811 325 3860 mundi
343 3815 417 3871 exin,
428 3811 494 3859 Plelo
505 3811 568 3859 Tim.
585 3824 608 3872 p.
626 3815 657 3860 90
675 3825 741 3873 seq.;
760 3811 880 3861 Philolaus
895 3825 935 3873 ap.
949 3813 1025 3866 clem.

243 3884 310 3931 Alex.
328 3884 416 3930 strom.
434 3879 524 3930 libili
540 3888 597 3942 pag.
617 3884 662 3930 43³
679 3886 713 3941 A;
732 3884 797 3930 sert.
825 3885 893 3942 nmp.
912 3883 956 3942 lx,
974 3885 1026 3930 127.

243 3951 293 4013 (57)
310 3950 346 4000 De
364 3949 470 4000 Philoleo
488 3951 541 3999 haec
554 3951 666 3999 Clemens
685 3950 859 4000 Alexandrinus
878 3965 901 4011 p.
919 3955 964 4000 433
982 3956 1001 4000 λ
1020 3971 1026 3998 :

1073 3250 1182 3312 ἐπιθυμία
1202 3250 1271 3299 πάλιν
1288 3251 1410 3299 ἐνδεθῶσιν
1427 3253 1460 3306 είς
1477 3254 1557 3313 σῶμα.
1572 3250 1704 3301 Ἐνδοῦνται
1720 3255 1759 3314 δέ,
1777 3259 1865 3323 ὥσπερ

1073 3321 1148 3379 εἰκός,
1160 3323 1192 3376 είς
1210 3322 1240 3370 τὰ
1253 3325 1350 3369 τοιαῦτα
1362 3321 1421 3382 ἤθη,
1437 3319 1498 3369 ὁποῖ’
1509 3319 1558 3368 ἄττ’
1574 3321 1602 3369 όιν
1615 3324 1657 3370 καί
1678 3327 1863 3384 μεμελετηκυῖαι

1072 3392 1175 3453 τύχωσιν
1188 3390 1211 3438 ἐν
1224 3395 1258 3452 τῷ
1273 3389 1368 3452 βίῳ...
1380 3425 1386 3438 .
1397 3391 1446 3438 οίον
1460 3390 1514 3447 τοὺς
1532 3392 1573 3452 μὲν
1586 3394 1769 3456 γαστριμαργίας
1780 3404 1863 3448 τεκαὶ

1073 3463 1147 3524 ύόρεις
1177 3463 1217 3509 καί
1245 3461 1381 3522 φιλοποσίας
1410 3461 1595 3523 μεμελετηκότας
1612 3463 1653 3512 καλ
1678 3465 1710 3525 μή
1737 3466 1863 3528 θιευλσιὸη-

1074 3533 1154 3591 μένους
1165 3533 1196 3587 εἰς
1207 3534 1237 3578 τὰ
1252 3535 1299 3578 τῶν
1309 3530 1369 3578 όνων
1381 3531 1436 3590 γένη
1450 3531 1552 3579 καὶτῶν
1568 3533 1680 3580 τοιούτων
1694 3533 1778 3594 θηρίων
1795 3539 1862 3596 εέιιὸς

1073 3599 1352 3661 ἐνδύεσθαι-(σωθῶ.
1362 3600 1466 3648 Lobeck.
1476 3601 1590 3661 Aglaopb.
1601 3603 1630 3649 Τ.
1641 3603 1663 3649 11
1675 3614 1698 3663 p.
1710 3607 1796 3652 795.-
1806 3608 1860 3671 (61)

1074 3668 1182 3717 Plolinue
1196 3668 1302 3718 Ennead.
1317 3671 1352 3718 lll
1371 3669 1412 3718 nn.
1422 3670 1457 3717 lv
1467 3683 1490 3730 p.
1500 3673 1544 3718 284
1555 3689 1562 3715 ι
1572 3671 1694 3726 ἐξελθοῦσα
1706 3673 1729 3721 δέ
1744 3674 1767 3734 (ἡ
1781 3677 1859 3741 ψυχὴ)

1073 3739 1102 3798 ό,
1113 3755 1136 3787 τι
1148 3755 1191 3801 περ
1204 3739 1306 3801 μάλιστα
1317 3739 1535 3799 ἐπλεόνασε,τοῦτο
1551 3741 1648 3802 γίνεται.
1662 3743 1705 3791 Διό
1716 3745 1806 3806 φεύγειν
1821 3749 1860 3798 δεῖ

1073 3809 1164 3871 πρὸςτὸ
1174 3811 1238 3871 ἀνω,
1250 3811 1290 3858 ίνα
1303 3811 1335 3868 μὴ
1349 3810 1381 3864 εἰς
1390 3811 1432 3867 τήν
1445 3810 1583 3868 αίσθητικήν
1592 3811 1800 3871 ἐπακολουθοῦντες
1808 3824 1858 3873 τοῖς

1073 3881 1193 3936 αἰσθητοῖς
1215 3881 1331 3939 εἰδώλοις,
1345 3880 1451 3941 μηδὲείς
1475 3882 1516 3938 τήν
1534 3882 1631 3944 φυτικὴν
1648 3883 1860 3946 ἐπακολουθοῦντες

1073 3955 1102 4012 τῇ
1112 3949 1188 4010 ἐρίσει
1202 3953 1242 3996 τοῦ
1257 3955 1339 4009 γεννᾶν
1351 3951 1391 3997 καὶ
1401 3950 1493 3998 {cutm
1505 3950 1627 4011 λιχνείαις,
1638 3950 1687 3999 ἀλλ’
1695 3953 1727 4008 είς
1737 3955 1764 4002 τό
1778 3959 1859 4018 νοερόν

242 4023 304 4080 ἄξιον
318 4022 344 4071 δὲ
359 4023 399 4070 καὶ
417 4026 458 4079 τῆς
473 4020 591 4070 Φιλολάου
603 4021 683 4074 λέξεως
697 4025 870 4081 μνημονεῦσαι·
885 4021 944 4080 λέγει
955 4021 1001 4082 γὰρ
1015 4020 1028 4067 ό
1074 4020 1113 4066 καί
1121 4023 1175 4066 νοῦν
1182 4019 1222 4066 καὶ
1230 4018 1290 4066 θεόν.
1299 4019 1369 4067 Ὀσοι
1381 4018 1422 4079 μὲν
1429 4017 1470 4067 οὖν
1477 4019 1517 4067 τόν
1525 4020 1644 4081 ἄνθρωπον
1656 4015 1778 4084 ἐτήρησαν,
1787 4025 1858 4075 πάλιν

243 4091 398 4156 Πυθαγόρειος
408 4091 468 4140 ὦδε·
480 4090 650 4154 Μαρτυρέονται
663 4091 687 4138 δέ
700 4090 739 4138 καλ
751 4092 774 4138 ei
786 4090 880 4138 παλαιοὶ
890 4089 994 4152 θεολόγοι
1003 4109 1028 4140 τε
1074 4088 1202 4149 ἄνθρωποι·
1222 4087 1274 4136 ὅσοι
1290 4089 1315 4136 δὲ
1331 4089 1437 4146 αἰσθήσει
1453 4087 1522 4150 μόνον
1540 4089 1632 4149 ἔζησαν,
1643 4093 1704 4151 ζῷα·
1715 4090 1765 4140 ἀλλ’
1775 4095 1796 4142 εί
1815 4096 1858 4156 μὲν

243 4165 283 4213 καλ
296 4163 400 4227 μάντιες,
409 4165 441 4217 ὡς
456 4161 495 4211 διά
504 4177 566 4217 τινας
575 4161 689 4224 τιμωρίας
700 4163 716 4208 t
728 4161 794 4223 ψυχὰ
808 4165 841 4222 τῷ
856 4163 949 4222 σώματι
963 4163 1027 4210 συνέ-
1074 4160 1181 4213 «iniisti
1192 4159 1250 4217 μετὰ
1268 4161 1354 4220 limi,
1365 4158 1395 4206 τὰ
1407 4159 1490 4221 filim,
1506 4159 1571 4215 mii
1588 4159 1685 4222 διαφορὰ
1699 4164 1715 4219 ἡ
1727 4163 1750 4210 ἐν
1768 4165 1859 4222 τούτοις

243 4237 350 4293 ζευκται,
365 4233 405 4280 καὶ
418 4230 521 4292 καθάπερ
533 4231 557 4278 ἐν
569 4231 656 4292 σάματι
670 4230 746 4291 τούτῳ
756 4231 875 4278 τέθαπται.
890 4229 927 4278 Cl.
940 4229 1027 4280 Athen.
1073 4228 1220 4290 τὸέιύρορον
1233 4235 1280 4277 τῶν
1294 4229 1406 4277 τοιούτων
1420 4234 1497 4277 ποιεῖ·
1510 4227 1563 4276 ὅσοι
1575 4229 1601 4276 δὲ
1614 4231 1664 4288 μετ’
1674 4231 1795 4294 ἐπιθυμίας
1816 4239 1857 4285 καὶ

244 4305 279 4352 tv
290 4316 343 4366 pag.
358 4307 398 4352 157
410 4302 438 4351 G.
449 4303 512 4350 Cum
522 4299 620 4350 Philolai
634 4300 713 4348 verbis
725 4300 833 4348 conferre
848 4299 901 4348 licet
911 4299 1028 4362 Empedo·
1073 4305 1114 4358 τῆς
1127 4299 1210 4357 ἡδονῆς
1221 4304 1263 4347 τοῦ
1280 4300 1457 4361 ἐπιθυμοῦντος,
1476 4298 1506 4346 τὰ
1522 4299 1660 4348 ἀκολάστων
1676 4303 1742 4365 ζῴων
1762 4307 1801 4353 καὶ
1814 4324 1858 4369 γα.

247 4373 298 4422 cleu
308 4373 373 4436 apud
382 4371 503 4432 Plutarch.
515 4371 623 4420 deexsn.
634 4385 658 4434 p.
671 4373 714 4420 (toi
729 4371 821 4432 (fragm.
835 4383 870 4418 rs.
881 4371 964 4433 3-ίο)ι
977 4369 1029 4421 εὖτέ
1074 4369 1221 4434 στρίμσργα·
1233 4371 1253 4418 εὶ
1268 4371 1292 4418 δὲ
1313 4371 1370 4431 μηδὲ
1388 4369 1495 4425 αἰσθήσει
1518 4369 1576 4429 μετὰ
1590 4371 1688 4431 τούτων,
1706 4373 1764 4421 ἀλλὰ
1780 4377 1859 4425 νοθεία

244 4460 278 4499 τις
289 4441 434 4506 ἐμπλακίησί
446 4441 509 4505 ρόνιρ
519 4442 573 4505 ρίλα
584 4448 639 4502 γυῖα
649 4442 718 4504 μιήνῃ
731 4441 835 4501 Δαίμων,
848 4442 895 4490 ulra
912 4442 974 4504 βίοιο
989 4445 1025 4491 λε·
1075 4439 1130 4502 (leg.
1149 4439 1236 4502 νοθείᾳ)
1255 4441 1385 4497 αἰσθήσεως
1402 4441 1451 4502 μετ’
1467 4440 1553 4501 αὐτῶν,
1572 4442 1612 4488 καὶ
1632 4443 1699 4503 φυτά.
1719 4444 1797 4494 Μόνον
1813 4448 1860 4511 γὰρ

245 4513 346 4574 λόγχασι
368 4511 588 4576 μακραίωνος,τρίς
607 4527 646 4572 μιν
671 4510 751 4573 μυρίας
771 4509 831 4572 ὧρας
849 4511 896 4559 όιπό
917 4513 1028 4576 μακάρων
1074 4517 1143 4560 τοῦτο
1156 4515 1171 4570 ή
1184 4512 1285 4573 μάλιστα
1299 4511 1388 4572 ἐνήργει
1406 4511 1433 4559 τό
1450 4510 1615 4570 ρυτικόν,όιλλ’
1628 4511 1657 4571 ήν
1677 4513 1754 4570 αὐτοῖς
1775 4517 1859 4577 μελέτη

246 4583 388 4642 ἀλάλησθαι,
398 4585 530 4648 γεινόμενον
540 4587 640 4632 παντοῖα
653 4582 692 4630 διὰ
701 4580 786 4644 χρόνου
800 4582 863 4631 είδεα
878 4585 966 4640 θνητῶν
976 4586 1027 4633 κτλ,
1075 4584 1236 4645 δενδρωθῆναι.
1246 4582 1305 4637 Τοὺς
1321 4581 1346 4629 δὲ
1359 4581 1513 4644 ριλομούσονς
1524 4582 1565 4642 μὲν
1579 4583 1701 4643 καθαρίσυς
1712 4583 1776 4632 titt
1785 4585 1857 4644 ἄλλα,

246 4678 277 4692 -
287 4651 336 4710 (σε)
347 4653 533 4713 ΟΙγιιιρίοθοτιιε
543 4650 597 4702 cod.
606 4653 643 4700 lll
655 4665 680 4712 p.
692 4653 720 4700 27
734 4651 797 4713 apud
813 4653 1028 4713 Wytlenbaclrium
1075 4656 1107 4710 είς
1119 4654 1149 4701 τὰ
1165 4651 1252 4715 ᾠδικά·
1270 4652 1324 4705 τοὺς
1338 4653 1362 4698 δὲ
1372 4651 1470 4709 διλόγους
1486 4650 1609 4714 βασιλέας,
1620 4653 1716 4710 ἀετούς,
1726 4655 1746 4700 εἰ
1758 4655 1790 4715 μὴ
1800 4656 1858 4712 ἄλλη

247 4719 278 4769 ad
292 4721 397 4769 Plalunia
408 4723 492 4771 Pircd.
508 4737 530 4784 p.
545 4726 571 4778 tit
586 4720 630 4770 ed.
644 4721 729 4783 Sleplt,
739 4723 869 4771 rectissime
882 4723 915 4772 aii
928 4725 969 4782 τήν
986 4742 1027 4784 με-
1074 4723 1147 4772 κακίιι
1169 4722 1262 4785 παρείη.
1280 4720 1474 4783 Μετεωρολόγους
1496 4720 1521 4768 δέ
1542 4721 1597 4769 ἄνευ
1619 4722 1750 4785 φρονήσεως
1766 4726 1798 4779 είς
1818 4725 1858 4773 τὸν

246 4791 398 4854 τεμψύχωσιν
411 4803 465 4852 quaa
477 4792 565 4841 dicitur
582 4793 692 4854 migratio
710 4793 798 4842 animae
820 4793 844 4841 in
864 4793 911 4841 alia
928 4806 1028 4854 corpora
1076 4794 1171 4856 οὐρανὸν
1188 4793 1225 4841 ιἰεὶ
1235 4792 1383 4854 αἰρομένους,
1393 4792 1425 4847 είς
1441 4792 1513 4855 ὄρνεις
1528 4794 1655 4855 μετεώρους
1668 4799 1718 4848 ταῖς
1736 4799 1856 4853 πτήσεσιν.

247 4860 329 4924 potius
359 4863 568 4924 μετενσωμοίτωσιν
587 4861 712 4912 dicendam
739 4863 826 4924 luisse;
848 4863 1029 4926 μετεμψύχωσιν
1076 4866 1140 4915 ‘Odi
1156 4867 1198 4922 τήν
1214 4863 1334 4920 πολιτικήν
1350 4863 1432 4925 ἀρετήν
1454 4861 1507 4926 [ini.
1530 4864 1708 4928 μεμελετηκώς]
1723 4867 1857 4929 ἄνθρωπος·

247 4930 311 4978 enim
325 4929 1028 4995 gummaiicaetcgttusconvenientcrstgntncareejusmoni
1076 4937 1135 4986 ὁθὲ
1155 4934 1224 4995 ἧττον
1248 4935 1329 4998 ἀρετῆς
1361 4936 1480 4992 πολιτικῆς
1505 4935 1623 4997 μετέχων,
1647 4937 1766 4986 πολιτικόν
1785 4941 1857 4998 ζῷον,

248 4999 380 5048 animarum
393 4999 629 5063 migrationemque
640 5004 694 5052 aliar
707 5003 820 5066 deinceps
831 5006 918 5055 animae
931 5006 955 5053 in
965 5005 1028 5054 idem
1076 5005 1179 5068 μάλιστα
1200 5004 1262 5064 (leg.
1281 5005 1385 5065 μέλιττα)
1405 5005 1464 5062 ῆτὰ
1484 5009 1588 5053 τοιαῦτα.
1608 5004 1715 5055 Eandem
1736 5019 1786 5056 rem
1809 5006 1858 5055 stris

247 5083 335 5130 corpus
355 5071 464 5130 migrent.
488 5071 623 5121 llerodoius
644 5073 686 5121 lib.
707 5075 743 5132 Ii,
761 5079 804 5124 tta
819 5095 825 5125 :
840 5081 928 5138 πρῶτοι
947 5077 971 5124 tt
989 5077 1029 5122 καὶ
1063 5077 1222 5136 ,argumentis
1245 5075 1371 5124 confirmat
1389 5075 1496 5124 Euuead.
1509 5077 1554 5136 lv,
1577 5074 1618 5125 lib.
1638 5078 1682 5134 lli,
1700 5090 1723 5138 p.
1743 5081 1856 5127 att-398.

246 5139 312 5189 τόνθε
320 5140 359 5189 τὸν
369 5138 439 5200 λόγον
449 5140 570 5202 Αἰγύπτιοί
579 5143 626 5190 εἱσι
635 5146 657 5192 οἱ
668 5143 824 5204 εἰπόντες,ὡ;
835 5145 956 5209 ἀνθρώπου
965 5146 1030 5208 ψυχή
1076 5177 1106 5189 -
1127 5147 1176 5209 (οι)
1201 5146 1237 5194 Dc
1260 5145 1306 5194 hoc
1332 5150 1357 5194 ei
1380 5146 1433 5194 aliis
1450 5147 1485 5194 sic
1508 5145 1634 5194 Nemenos
1652 5146 1682 5194 de
1706 5149 1760 5197 ilai.
1792 5148 1858 5194 hom.

247 5209 359 5267 ἀθάνατός
372 5211 436 5259 ἐστι·
449 5214 491 5260 τοῦ
503 5211 613 5272 σώματος
634 5213 659 5262 δὲ
677 5214 854 5278 κατσρθίνοντος
869 5217 891 5272 ἐς
903 5217 958 5265 ἀλλο
970 5220 1030 5278 ζῷον
1077 5229 1129 5279 ουρ.
1143 5221 1222 5279 lptg.
1240 5221 1270 5266 θλ
1285 5215 1489 5278 etl.01ton.(peg.
1503 5215 1723 5278 mentimini:
1736 5223 1803 5280 κοινῇ
1818 5217 1859 5279 μὲν
