3959 5925
471 439 640 514 utusQuu
659 440 875 505 DISCIPULIS
893 444 942 503 ET
962 445 1275 508 succussotuaus
1581 468 1671 511 xxrtr

61 560 841 652 (191).Nosrecognitumscriptoremaccuratiusquam
893 576 1002 636 Verum
1023 578 1076 635 illa
1095 598 1158 651 res,
1174 580 1232 637 nisi
1247 598 1293 637 me
1314 579 1388 637 lallit
1406 582 1534 658 animus,
1557 582 1668 639 nullum

59 662 134 719 olim
162 660 252 718 latine
277 659 407 717 redditus
440 672 502 717 erat
525 660 707 739 interpretati
733 682 843 723 sumus.
892 662 997 722 habuit
1017 678 1193 723 momentum
1214 666 1251 723 ad
1271 664 1510 725 benevolentiam·
1534 681 1563 726 et
1593 670 1668 727 cari·

59 746 713 826 Secundusirpa)sophistahtheniensisquem
721 753 845 827 aequales
893 764 979 810 tatem
1006 752 1088 811 illius
1110 753 1333 812 necessitudinis
1353 754 1544 814 adimendam.
1555 755 1669 814 Etenim

60 841 173 893 clavum
201 840 322 913 ligneum
346 834 553 907 nominabant,
575 837 645 912 quia
668 836 742 895 labri
767 838 845 897 iilius
894 838 1025 897 Herodes
1047 840 1209 898 Secundum
1234 832 1333 898 exacta
1346 854 1427 900 aetate
1446 857 1591 901 mortuum
1610 836 1690 901 non‘

61 938 159 996 esset,
175 922 290 981 Tiberii
304 922 419 980 Claudii
433 922 558 981 llerodis
570 924 660 981 Attici
674 937 844 1003 praeceptor,
894 927 981 985 modo
995 927 1125 986 lacrimis
1139 942 1309 1005 prosecutus
1322 942 1381 1002 est,
1392 929 1443 987 sed
1454 930 1539 988 etiam
1554 930 1670 989 funebri

63 1012 123 1071 sub
147 1012 293 1073 hadriano
306 1010 485 1089 Imperatore
498 1010 605 1069 floruit.
620 1011 726 1072 Multas
746 1032 779 1071 ac
801 1033 846 1071 re·
893 1013 1061 1072 laudatione
1074 1015 1248 1074 honestavit.
1266 1017 1401 1093 Sepultus
1422 1029 1466 1075 est
1486 1018 1565 1092 (197)
1581 1012 1673 1094 pru'pe

64 1101 203 1159 conditas
213 1101 245 1158 in
263 1119 297 1158 eo
312 1099 401 1158 fuisse
413 1100 524 1157 litteras
537 1119 574 1157 ex
590 1099 646 1157 hoc
660 1100 769 1178 conjici
781 1101 848 1161 licet
895 1098 1060 1162 Eleusinem
1083 1103 1114 1160 in
1133 1104 1183 1160 via
1203 1123 1268 1179 quae
1287 1104 1402 1179 Megara
1419 1104 1509 1163 ducit.
1524 1104 1605 1162 Talis
1619 1104 1672 1163 fuit

65 1187 357 1267 quudSuidas(1931
372 1205 437 1244 eum
456 1207 520 1245 cum
535 1186 566 1244 C.
579 1186 678 1245 Plinio
691 1186 842 1259 Secundo,
894 1192 954 1249 viri
966 1191 1044 1263 vita,
1059 1191 1085 1248 si
1098 1191 1176 1249 solos
1196 1191 1332 1267 antiquos
1346 1204 1374 1248 et
1387 1192 1573 1269 incorruptos
1587 1206 1673 1251 testes

66 1268 253 1335 nobilissimo
263 1274 849 1352 Romanaesapientiaeantistiteeodemque
895 1277 1076 1336 adhibendos
1099 1296 1259 1336 censemus.
1277 1279 1538 1337 verumenimvero
1550 1278 1674 1336 inferior
1761 1281 1767 1293 ’

68 1365 209 1423 naturalis
223 1363 353 1422 historiae
367 1362 705 1433 conditore,coniundit.
718 1362 750 1420 si
762 1362 846 1420 fidem
896 1378 964 1424 aetas
993 1366 1070 1424 fictis
1095 1366 1202 1423 sabulis
1225 1365 1355 1423 narravit
1369 1366 1533 1424 &cundum
1555 1368 1674 1425 virtutis

69 1452 227 1511 uibuimus
241 1449 381 1526 anonymi
403 1449 556 1527 scriptoris
569 1449 648 1527 (τμη)
660 1450 843 1520 testimonio,
896 1454 1066 1528 magistrum
1090 1453 1312 1530 Pythagoricum
1340 1455 1429 1509 vitam
1453 1454 1564 1511 vixisse
1589 1467 1675 1530 atque

69 1538 220 1597 Secundus
248 1536 479 1611 grammaticam,
506 1535 679 1595 rhetoricam
702 1548 731 1594 et
752 1537 850 1614 philo·
897 1540 976 1598 omni
1007 1554 1138 1618 tempore
1166 1540 1313 1597 silentium
1334 1540 1460 1597 tenuisse
1486 1541 1575 1615 (198).
1596 1541 1673 1609 Quid

70 1628 207 1707 sophiam
235 1626 380 1703 professus
406 1643 423 1681 e
447 1636 616 1703 paupertate
643 1626 774 1698 emersit,
801 1625 851 1684 sed
897 1627 1023 1704 quaeris?
1038 1628 1175 1686 Referunt
1191 1628 1310 1703 quidam
1324 1626 1403 1702 (199)
1417 1625 1580 1708 Secundum
1606 1628 1673 1703 phi·
1698 1661 1702 1668 -

72 1734 197 1774 uxorem
219 1715 314 1772 minus
328 1710 450 1790 probam
464 1726 491 1771 et
506 1712 664 1771 modestam
686 1712 778 1771 duxit.
795 1713 851 1772 Ne·
897 1716 1066 1793 losophum,
1102 1714 1219 1792 quando
1256 1733 1320 1772 cum
1336 1744 1339 1752 ·
1354 1726 1445 1772 matre
1480 1712 1675 1772 concubinum

74 1821 133 1877 que
162 1820 233 1858 vero
262 1801 353 1857 solum
379 1799 607 1877 disputationum
640 1799 797 1859 subtilitate
824 1813 853 1859 ct
897 1802 1050 1881 ignorante
1073 1803 1176 1860 coierit
1190 1815 1219 1860 et
1232 1801 1283 1858 illa
1305 1800 1487 1878 postmodum
1502 1801 1601 1876 agnito
1626 1801 1675 1858 de·

73 1890 264 1948 consiliorum
277 1887 408 1945 bonitate
425 1886 609 1946 auditoribus
629 1887 766 1964 prodesse
789 1902 852 1946 stu·
898 1888 1002 1948 decore
1028 1896 1150 1947 mortem
1175 1888 1232 1947 sibi
1259 1888 1450 1959 consciverit,
1467 1888 1564 1965 ipsum
1589 1887 1676 1945 simul

74 1977 157 2053 duit,
169 1976 220 2035 sed
233 1975 458 2033 declamationes
471 1994 589 2051 quoque
608 1976 640 2031 in
662 1992 763 2033 eorum
789 1996 853 2051 gra·
898 1976 1221 2056 incestirspoenitentia,
1232 1977 1318 2033 simul
1329 1975 1430 2033 dolore
1443 1994 1479 2032 ex
1492 1975 1574 2033 illius
1585 1988 1677 2033 morte

75 2066 142 2122 tiam
158 2065 281 2141 scriptas
296 2062 400 2122 edidit.
416 2060 472 2119 Sed
486 2081 552 2121 cum
574 2062 631 2120 alia
653 2062 770 2120 luerunt
788 2064 854 2140 ejus
898 2079 1036 2144 percepto
1060 2066 1219 2123 cruciatum
1241 2064 1274 2121 in
1291 2075 1462 2142 perpetuum
1483 2062 1677 2133 conticuisse,

76 2154 131 2210 viri
155 2152 234 2210 dicta
255 2149 336 2228 (195)
353 2149 567 2220 memorabilia,
590 2162 650 2207 tum
678 2149 751 2206 illud
775 2149 854 2226 quod
899 2164 932 2210 ut
955 2154 1144 2211 ulcisceretur
1158 2171 1259 2210 rocem
1286 2170 1344 2228 qua
1364 2148 1397 2207 in
1418 2147 1575 2207 concubitu
1597 2151 1679 2223 geni-

77 2238 224 2297 sodalihus
237 2237 419 2296 tractandum
433 2237 586 2315 proposuit
600 2249 798 2314 argumentum
817 2238 854 2295 ad
901 2241 968 2297 trici
1000 2242 1186 2298 innotuisset.
1221 2236 1322 2295 Exstat
1358 2252 1431 2293 vero
1463 2235 1679 2293 narratiuncula

80 2345 174 2383 rerum
196 2323 384 2401 publicarum
405 2324 595 2383 mutationum
622 2336 761 2402 spectans.
774 2326 854 2381 Sedi·
901 2347 994 2403 graeca
1012 2329 1045 2386 in
1064 2326 1184 2386 eandem
1206 2323 1448 2384 ieresententiam
1462 2323 1580 2401 scripta,
1594 2323 1678 2399 cujus

79 2418 429 2482 tionisuuctormoriutur3
444 2416 856 2489 otquicompresseritseditio·
901 2417 1039 2474 inventor
1057 2415 1153 2473 addit
1181 2412 1346 2472 Secundum
1379 2430 1417 2470 ne
1450 2411 1576 2469 instante
1613 2412 1679 2487 qui-

80 2522 152 2569 nem,
163 2506 312 2575 preamium
322 2506 453 2575 accipiat.
466 2502 571 2573 Quodsi
581 2503 652 2557 idem
662 2513 691 2557 et
698 2506 859 2556 multaverit
902 2502 966 2561 dem
985 2505 1087 2562 mortis
1101 2501 1232 2581 periculo
1254 2501 1400 2559 silentium
1416 2500 1547 2576 rupisse,
1564 2517 1597 2555 ac
1619 2511 1680 2554 tan·

79 2592 238 2645 seditionem
260 2601 289 2645 et
306 2593 485 2655 exstinxerit,
505 2594 652 2662 proenrium
668 2592 797 2664 postulet.
814 2587 856 2645 ls-

81 2690 135 2734 tam
157 2694 227 2734 vero
252 2675 402 2734 materiam
422 2675 523 2752 paucis
545 2674 645 2734 verbis
665 2674 857 2735 adumbravit.

83 2769 194 2835 Utrum,
221 2764 341 2840 inquit,
369 2771 447 2840 prius
474 2767 537 2820 est?
561 2765 857 2822 Commooereseditio·

82 2874 155 2910 nem.
184 2854 282 2909 Utrum
308 2854 470 2927 posterius?
496 2872 658 2927 componere
682 2856 853 2913 seditionem.

80 2946 232 3016 Postquam
262 2946 349 3014 igitur
373 2961 491 3017 poenom
520 2944 630 2998 sceleris
662 2948 701 2998 tui
725 2944 852 3011 subieris,

83 3028 154 3084 bene
167 3027 312 3099 sactorum
331 3019 495 3101 praemium',
518 3035 544 3084 si
565 3035 686 3103 poteris,
711 3034 856 3103 pereiprito.

83 3113 178 3191 Ajunt
193 3113 272 3195 (196)
289 3132 352 3171 eum
376 3135 437 3174 cum
461 3115 575 3173 Herode
602 3105 719 3174 laudum
740 3135 858 3175 suarum

82 3203 189 3261 aemulo
213 3200 384 3259 simultatem
407 3203 585 3276 exercuisse,
602 3204 653 3280 qui
685 3204 853 3280 magistrum

84 3311 169 3350 versu
181 3291 326 3350 Hesiodea
341 3292 492 3350 cavillatus
503 3304 547 3349 est
560 3313 567 3348 ι

129 3425 259 3474 succenset
272 3421 359 3483 figulus
371 3421 458 3485 figulo,
469 3423 536 3471 labro
545 3419 642 3485 quoque
655 3423 731 3473 taber.

88 3559 175 3676 Lipsiae}
194 3557 376 3678 walp-(lat)
393 3559 418 3608 in
437 3561 553 3622 opuscul.
570 3562 618 3610 ret.
635 3563 712 3614 Graec.
727 3563 864 3611 sustentet

88 3643 149 3680 mor.
176 3642 225 3678 om.
255 3667 261 3678 .

119 3701 185 3759 (192)
196 3699 351 3748 Philostratus
360 3699 403 3749 vit.
410 3700 515 3761 soptttst.
525 3699 567 3747 lib.
577 3701 587 3748 l
597 3712 649 3760 pag.
662 3703 705 3748 tlt
716 3699 754 3748 ed.
764 3701 843 3750 Olear.
855 3719 861 3749 ι

87 3769 153 3827 Μηδέ
165 3769 292 3818 Σεκούνδου
301 3775 342 3818 τοῦ
353 3769 471 3836 Ἀθηναίου
483 3770 660 3831 ἅμνημονῶμεν,
672 3771 697 3817 θν
710 3770 806 3818 ἐκάλουν
815 3771 865 3819 ἐπί·

902 2592 967 2649 dem
996 2592 1032 2649 ad
1062 2590 1201 2649 Hadriani
1227 2588 1468 2662 interrogationes
1494 2605 1548 2663 per
1571 2585 1681 2643 litteras

902 2678 1100 2756 respondisse.
1126 2678 1183 2735 llas
1207 2695 1296 2750 nugas
1310 2694 1326 2732 a
1340 2674 1438 2731 Gudio
1463 2692 1479 2730 e
1500 2672 1600 2730 codice
1622 2672 1680 2729 lle·

904 2768 988 2826 diceo
1006 2768 1111 2846 petitas
1124 2778 1210 2842 atque
1226 2762 1262 2820 ab
1285 2761 1398 2819 Adamo
1421 2758 1552 2817 Schierio
1569 2757 1681 2835 publici

902 2856 978 2933 juris
994 2856 1081 2913 iactas
1094 2853 1169 2933 (ooo)
1183 2854 1309 2908 inserere
1322 2848 1377 2906 hoc
1399 2847 1465 2904 loco
1488 2846 1634 2904 constitui.
1648 2844 1682 2901 ln

905 2944 1013 3023 quibus
1035 2940 1222 3017 divulgandis
1244 2950 1273 2996 et
1289 2934 1487 3012 corrigendis,
1506 2948 1681 3013 quamquam

905 3034 1016 3091 nemini
1037 3051 1086 3090 eas
1104 3030 1260 3108 placituras
1278 3045 1340 3085 esse
1363 3025 1517 3097 existimo,
1542 3023 1572 3081 id
1593 3025 1683 3102 potis·

906 3121 1012 3178 simum
1041 3120 1103 3194 egi,
1134 3136 1170 3174 ne
1195 3115 1340 3173 honarum
1367 3112 1529 3169 litterarum
1560 3110 1683 3169 studiosi

907 3231 1022 3270 necesse
1046 3209 1187 3268 haberent
1207 3208 1243 3266 ad
1266 3225 1327 3266 rem
1348 3223 1413 3281 quar
1434 3203 1593 3280 exponitur
1618 3222 1684 3277 cog-

907 3299 1080 3358 noscendam
1107 3301 1219 3376 priores
1244 3293 1386 3353 editiones
1409 3293 1567 3349 consulere.
1598 3291 1686 3349 ΒΙΟΣ

908 3388 1138 3447 ΣΕΚΟΥΝΔΟΥ
1160 3382 1396 3445 ΦΙΛΟΣΟΦΟΥ.
1421 3379 1563 3440 Σεκοῦνδος
1585 3377 1686 3455 ἐγένετο

908 3474 1056 3556 φιλόσοφος.
1080 3465 1163 3540 Obrue
1185 3471 1356 3552 ἐφιλοσόφησε
1368 3475 1380 3502 ⁴¹
1391 3467 1435 3525 τδν
1456 3465 1562 3524 ἅπαντα
1581 3466 1684 3544 χρόνον,

909 3559 1012 3632 σιωπὴν
1030 3560 1156 3633 ἀσκήσας,
1173 3556 1352 3636 Πυθαγορικὸν
1376 3550 1538 3623 έζηλωκὼςθ
1559 3549 1632 3628 βίον(
1647 3553 1686 3612 Ti

910 3648 937 3706 δέ
961 3649 1044 3720 αἴτιον
1066 3652 1114 3718 τῆς
1136 3649 1236 3715 σιωπῆς
1256 3649 1345 3702 τοῦτο·
1358 3640 1477 3720 ἐπέμφθη
1491 3637 1563 3720 παρὰ
1577 3642 1629 3696 τῶν
1642 3662 1686 3715 γο·
1716 3667 1720 3672 ·

909 3736 973 3795 νέων
987 3745 999 3772 ⁰
1014 3736 1103 3814 μικρὸς
1116 3734 1151 3793 ὢν
1164 3736 1342 3803 παιδευθῆναι.
1357 3727 1452 3792 'Oaros
1467 3725 1495 3784 δέ
1509 3727 1589 3783 αὐτοῦ
1610 3728 1636 3784 ἐν
1652 3729 1686 3804 τῇ

909 3824 1045 3883 παιδεύσει
1064 3821 1089 3896 ⁶,
1114 3822 1227 3898 ἐγένετο,
1239 3818 1282 3884 τὸν
1307 3815 1408 3898 πατέρα
1425 3815 1502 3873 αὐτοῦ
1520 3815 1686 3884 τελευτῆσαι.

908 3903 964 3970 Ἦν
979 3911 1006 3970 δέ
1021 3909 1121 3968 ἀκούων
1136 3908 1255 3987 περὶτῆς
1271 3903 1424 3985 παραθυλῆς
1438 3901 1549 3976 ταύτης,
1562 3899 1602 3958 ὅτι
1613 3910 1687 3959 πᾶσα

88 3996 169 4044 ριττος,
179 4005 210 4015 -
222 3979 288 4041 (193)
301 3978 387 4026 Stridet
400 3997 406 4028 ι
426 3979 549 4034 Σεκοῦνδος
568 3979 683 4034 Ἀθηναῖος
699 3979 809 4037 σοφιστής
818 3978 866 4038 ,·θς

88 4049 229 4112 ἐχρημάτισε
244 4047 348 4105 Μίνως,
363 4048 524 4110 ἐπωνομάζετο
536 4047 697 4110 mmm
723 4051 754 4102 ὡς
767 4048 816 4102 υίὸς
829 4051 865 4098 τέ·
909 3999 974 4078 γυνὴ
996 3997 1122 4076 πόρνηέ,
1146 3994 1176 4101 δὲ
1198 3995 1314 4051 λαθοῦσα
1343 3991 1453 4100 σώφρων
1464 3995 1487 4052 ἦ
1513 3987 1620 4055 Τέλειος
1643 3980 1687 4094 οὖν

88 4136 181 4179 πως,
196 4119 327 4178 καθηγητὴς
343 4117 368 4167 δὲ
383 4119 465 4180 γέγονε
476 4121 520 4166 ,καὶ
530 4117 657 4182 Ἡροδότου
674 4083 728 4178 (leb
748 4117 863 4180 Ἡρώδου)
909 4084 1045 4163 γενόμενος
1057 4082 1067 4119 ¹
1081 4083 1222 4152 ἐπανηλθεν
1237 4083 1273 4146 εἰς
1295 4079 1342 4150 τὴν
1363 4081 1431 4136 ἐδιαν
1445 4077 1558 4156 πατρίδα
1579 4075 1627 4145 τὴν
1641 4097 1686 4131 του

86 4195 129 4238 τοῦ
143 4193 264 4248 σοφιστοῦ·
278 4183 363 4251 ἔγραψε
377 4190 471 4250 μελέτω
488 4189 616 4252 ῥητορικάς.
627 4217 658 4231 -
669 4187 732 4250 (lul)
747 4190 865 4251 Anonymi
910 4173 1009 4240 κυνδςθ
1022 4170 1165 4251 περιφέρων
1179 4169 1299 4241 ἄσκησιν,
1313 4167 1409 4246 βάκλον
1422 4163 1437 4200 ¹²
1450 4164 1495 4222 καὶ
1512 4163 1599 4243 πήραν
1614 4185 1687 4240 περι-

88 4256 239 4314 Florilegium
268 4256 455 4318 manuscriptum
487 4257 641 4306 Bibliothecae
665 4257 800 4306 Barbaricas
815 4273 821 4306 ι
836 4259 866 4308 ‘0
911 4261 1005 4342 φέρων,
1032 4257 1079 4330 τὴν
1102 4256 1218 4338 κεφαλὴν
1243 4245 1294 4314 isui
1315 4254 1359 4312 τὸν
1391 4251 1505 4329 πώγωνα
1532 4250 1686 4328 ἀναθρέψαι.

90 4328 216 4382 Σεκοῦνδος
224 4325 278 4387 ἔφη·
287 4331 357 4390 τριῶν
368 4331 447 4375 κακῶν
460 4327 582 4389 τέτευγμαι
591 4361 598 4386 ,
607 4332 779 4390 γραμματικῆς,
787 4329 866 4385 πενίης

86 4398 128 4446 καὶ
140 4397 265 4458 οὐλομένης
274 4395 382 4456 γυναικδς
389 4410 396 4422 ·
403 4401 450 4445 τῶν
457 4396 498 4446 δύο
506 4397 620 4460 ἐξέφυγον,
628 4397 750 4456 οὐλομένης
758 4398 866 4458 γυναικὸς

89 4465 196 4526 ἐκφυγεῖν
215 4463 481 4528 sistuanus-(tui)
498 4465 653 4513 Philostratus
666 4465 715 4512 Ι.σ.
731 4466 828 4527 Μνήμης
842 4467 867 4516 ct
912 4472 977 4532 (197)
997 4467 1155 4518 Philostratus
1169 4468 1186 4516 l.
1202 4480 1223 4514 c.
1234 4467 1345 4514 τέθαπται
1362 4463 1459 4526 δὲπρὸς
1476 4465 1504 4522 τῇ
1517 4460 1630 4506 Ἐλευσῖνι
1648 4463 1689 4515 τῆς
1720 4523 1724 4532 Ι

90 4535 143 4590 ἄξια
162 4538 203 4582 τοῦ
227 4534 307 4596 ἀνδρὸς
324 4534 408 4583 τούτου
426 4537 466 4583 καὶ
480 4534 554 4584 πλείω
575 4535 625 4595 μέν,
642 4533 744 4595 μάλιστα
757 4535 781 4584 u
795 4537 866 4595 ἥδιή
912 4538 1034 4601 Μεγαρίδι
1044 4538 1209 4595 utcu-(tas)
1218 4536 1356 4584 Vincentius
1366 4530 1538 4582 Bellovaceusis
1547 4531 1615 4589 Spec.
1625 4529 1688 4579 llisl.

87 4603 207 4658 θπθθεσις.
226 4602 256 4651 ‘0
276 4603 345 4664 ἄρξας
366 4603 470 4658 στάσεως
490 4603 670 4662 ἀποθνησκέτω,
684 4604 723 4651 καὶ
744 4603 757 4650 θ
776 4606 867 4661 παύσας
913 4598 1608 4669 tiu.111,cap.to.-(tss)uarisiusuextorinotticiusp.
1620 4601 1687 4657 tuto,

89 4671 172 4719 arcion
185 4672 260 4732 ἐχέτω
272 4673 369 4734 δωρεάν·
381 4673 472 4728 θαύτθς
481 4675 520 4720 καὶ
529 4672 596 4736 ἄρξας
605 4673 645 4720 καλ
655 4673 747 4727 παύσας
758 4675 818 4722 αἰτεῖ
826 4677 867 4733 την
914 4677 954 4726 uhi
973 4678 1097 4726 auctorem
1119 4677 1289 4737 nescioquem
1308 4673 1437 4732 Diogenem
1456 4668 1495 4717 rel
1515 4667 1688 4728 Diogenianuru

89 4741 185 4804 δωρεάν.
198 4742 246 4798 Τὴν
263 4742 288 4789 δὲ
306 4741 415 4790 ὑπόθεσιν
431 4742 478 4790 ὧδε
491 4742 684 4804 ἐθραχνλὸγησεν.
698 4743 798 4802 Οὐκοῦν,
809 4743 866 4807 ἔφη,
914 4744 1231 4809 laudat.-(200)llepetiit
1246 4744 1308 4792 hauc
1320 4737 1523 4790 narratiunculam
1543 4737 1646 4786 Orellius
1663 4737 1689 4784 iu

88 4812 110 4858 τί
129 4811 255 4872 apiastrum
272 4813 300 4858 τὸ
320 4815 413 4869 κινῆσαι
434 4812 525 4860 στάσιν.
546 4811 575 4861 Ti
596 4813 713 4874 δεύτερονς
727 4814 753 4861 τὸ
768 4819 866 4863 παῦσαι.
913 4819 1002 4878 opusc.
1012 4818 1067 4864 aet.
1085 4819 1127 4865 Gr.
1144 4818 1205 4864 senl.
1219 4816 1243 4862 et
1254 4811 1337 4860 moral.
1352 4813 1410 4858 tom.
1426 4809 1445 4869 l,
1457 4807 1513 4869 pag.
1529 4809 1644 4855 totali.
1655 4831 1686 4842 -

90 4881 151 4936 Δοδς
166 4879 207 4927 σύν
217 4881 252 4940 ἐφ’
265 4881 299 4932 al<
309 4881 394 4938 ἠδίκεις
411 4881 532 4943 τιμωρίαν,
540 4883 581 4940 τὴν
597 4882 674 4944 ἐφόῑς
688 4881 714 4931 εδ
725 4882 867 4946 πεποίηκας,
943 4886 1039 4934 Codicis
1058 4885 1156 4935 Medital
1175 4884 1287 4932 lectiones
1307 4900 1313 4931 ι
1332 4881 1362 4943 (ε)
1383 4879 1536 4941 isthmum·
1548 4904 1579 4917 -
1593 4875 1623 4937 θ’)
1640 4877 1689 4935 δέη·

90 4953 109 4999 sl
122 4950 223 4998 δύνασαι
232 4950 338 5013 (δωρεὰν)
349 4951 413 5000 λάθε.
424 4979 452 4990 -
460 4952 526 5012 (λθθ)
535 4952 692 5002 Philostratus
702 4953 717 5001 l.
729 4965 751 5001 c.
762 4953 867 5015 Ἡρώδην
913 4957 996 5018 λειφῶς
1011 4956 1028 5004 i.
1039 4969 1061 5004 e·
1072 4955 1193 5018 ἐξειληφώς
1205 4953 1241 5001 vel
1257 4951 1322 5012 quod
1336 4951 1410 5013 mugit
1424 4949 1499 5011 pidet!
1510 4948 1637 5005 ἐζηλωκώς·
1652 4946 1689 4994 Cf·

89 5019 110 5068 θ’
119 5021 276 5076 infidelita:
286 5021 308 5075 ἐς
317 5021 425 5084 διαφορὰν
435 5021 499 5084 αὐτῷ
507 5021 602 5084 ἀφίκετο
613 5023 745 5072 παιδεύουσι
754 5023 807 5082 ἤδη·
817 5025 868 5072 ὅθεν
913 5025 1008 5075 cebetis
1019 5023 1121 5082 Tabula,
1130 5038 1153 5084 p.
1166 5030 1180 5071 5
1194 5022 1233 5070 ed.
1247 5022 1346 5071 salmas.
1355 5046 1386 5056 -
1397 5019 1427 5082 (θ)
1440 5017 1496 5080 παρ’
1506 5018 1582 5065 Mitt
1593 5015 1688 5076 γονέων·

89 5089 196 5152 Ἡρώδης
205 5089 339 5146 διετώθαζεν
347 5091 416 5139 αὐτὸν
426 5092 501 5140 έκεῖνο
508 5093 589 5153 λέγων
602 5095 642 5141 καὶ
652 5096 764 5157 κεραμεὺς
773 5101 870 5160 κεραμεῖ
914 5123 944 5132 -·
955 5097 987 5158 (d)
997 5092 1191 5155 ratherium-(⁰)
1202 5090 1365 5154 σύρροον-(ἐ)
1375 5090 1507 5152 γεινάμενοι.
1515 5088 1689 5147 -(έ)κοενθῦἔι

88 5159 165 5208 κοτέει
180 5163 219 5208 καὶ
232 5163 321 5210 τέκτονι
337 5164 434 5212 τέκτων.
455 5162 513 5212 Ἀλλ’
524 5163 662 5213 ἀποθανόντι
679 5167 719 5214 καὶ
734 5167 802 5228 λόγον
815 5168 868 5216 ἐπε·
914 5166 955 5214 sed
971 5167 996 5212 lu
1011 5163 1117 5225 nurgiue
1126 5161 1201 5219 κυνός.
1212 5161 1276 5222 ·-·(¹¹)
1286 5162 1363 5210 Voces
1381 5160 1468 5223 βάκλον
1485 5160 1510 5208 el
1528 5157 1625 5221 μετάτον
1645 5167 1691 5203 εἴθ·

90 5231 255 5293 patrissaret
267 5233 468 5298 θάκρυαὲπέόοικε
479 5235 556 5284 καίτοι
566 5240 655 5299 γηραιῷ
664 5237 830 5294 τελευτήσαντι.
839 5263 870 5272 -
915 5237 969 5298 pius
981 5234 1044 5297 apud
1056 5236 1183 5297 scriptores
1196 5223 1267 5282 me'dii
1281 5233 1328 5282 aeri
1342 5233 1425 5282 obvias
1437 5230 1536 5295 exponit
1551 5228 1655 5290 cangius
1668 5227 1691 5274 in

87 3840 153 3902 θορόν
172 3839 229 3900 (leg.
251 3839 364 3902 inloapds)
381 3857 453 3901 state,
472 3843 503 3895 ὡς
519 3841 623 3896 τέκτονος
641 3841 723 3888 παῖδα.
740 3841 865 3896 Σεκοῦνδος

86 3911 161 3958 τοίνυν
172 3901 320 3970 decoraris,
329 3915 416 3970 γνῶναι
431 3910 472 3971 μὲν
487 3909 604 3970 περιττός,
619 3911 755 3972 ἐρμηνιῦσαι
768 3909 793 3958 st
806 3909 864 3958 ἀπέ-
