3959 5925
335 444 395 493 436
846 438 1157 500 CYRENAICORUM
1178 440 1424 501 FRAGMENTA.

336 571 396 624 σοῦν
411 568 440 624 ού
455 565 531 642 μόνον
546 570 573 624 αῖ
587 576 708 644 γυναῖκες
725 566 794 627 ἀλλὰ
810 570 855 626 καί
877 573 900 627 οῖ
923 571 1030 650 ἀνδρες,
1047 572 1110 651 περὶ
1157 572 1365 651 παραδιδομένης
1379 572 1429 631 ἀεί.
1445 568 1593 631 Ἐδείκνυον
1608 569 1690 628 δὲκαὶ
1704 572 1878 652 ἀναγραφθςτνί·

334 654 383 729 μὲν
397 654 456 721 εοθς
469 654 618 735 τραχήλους
632 654 737 734 ἔχοντες
752 656 894 737 στρεπτούς
908 658 1034 733 κύκλους,
1050 659 1109 739 περὶ
1156 684 1224 733 των,
1249 661 1279 727 θς
1294 662 1392 741 ἔφασαν
1407 659 1451 718 τδν
1465 659 1514 719 Δία
1534 662 1691 731 πεποιῆσθαι
1712 662 1763 719 καθ’
1778 659 1802 719 δν
1815 664 1875 741 καιρδν

333 742 362 799 δέ
375 740 423 808 τθς
439 750 532 827 χεῖρας
545 743 657 823 Ιθέλλια,
676 746 706 802 ἐκ
723 744 751 801 δὲ
765 749 816 802 τῶν
827 744 903 803 ώτων
918 747 1111 828 παραπλησίαις
1156 748 1195 807 ἔτι
1209 752 1267 807 κατ’
1285 748 1434 828 ἀνθρώπους
1449 745 1486 805 ὧν
1499 748 1624 828 ἱδρύσατο
1637 746 1665 805 τδ
1678 748 1753 826 ἱερόν.
1763 748 1827 827 Ἔχει
1842 752 1857 807 δ
1866 756 1876 820 ἡ

331 837 386 895 τοῖς
406 832 524 909 Πέρσαις
537 831 734 911 ἐξηρτημένους
765 834 881 912 κρίκους.
901 833 1058 895 Ὑποδέσεσι
1083 836 1110 893 δέ
1155 836 1231 916 χώρα
1252 836 1372 913 μέταλλα
1393 838 1492 916 δαψιλῆ
1517 841 1617 915 χρυσοῦ
1638 835 1730 893 τεκαὶ
1752 836 1877 914 ἀργύρωκεῖ

332 926 430 985 κοιναῖς
452 922 569 998 χρῶνται
592 920 638 978 καλ
663 929 717 986 τοῖς
742 922 870 1000 χρώμασι
894 922 1111 998 πεποικιλμέναις
1155 929 1256 1002 χαλκοῦ
1269 926 1313 983 καλ
1328 918 1483 1003 κασσιτέρου
1500 925 1547 982 καλ
1562 926 1676 1003 σιδήρου·
1689 923 1731 981 καὶ
1741 923 1822 982 τούτων
1831 924 1877 983 υῖδίν

331 1006 524 1087 περιττότέρον.
557 1011 596 1068 οί
622 1009 650 1066 δὲ
675 1014 836 1087 στρατιῶται
861 1008 1040 1086 λαμθάνοντες
1065 1012 1111 1077 τάς
1155 1012 1252 1078 ἔξεστιν
1264 1012 1405 1091 ἐξινιγκεῑν
1418 1016 1448 1071 ἐκ
1461 1015 1508 1081 τῆς
1525 1010 1622 1083 νήσου,
1640 1020 1691 1077 τοῖς
1706 1012 1727 1069 δ’
1739 1013 1829 1090 ἱερεῦσιν
1844 1013 1877 1071 ἀθ

331 1098 528 1175 μεμερισμένας
545 1096 678 1165 συντάξεις
700 1095 858 1175 φυλάττουσι
869 1097 918 1167 τλν
928 1097 1030 1177 χώραν,
1045 1100 1109 1156 διει·
1156 1099 1266 1166 ἐξελθεῖν
1279 1100 1309 1158 τδ
1322 1099 1448 1178 παράπαν
1462 1102 1492 1159 ἐκ
1509 1102 1557 1170 τῆς
1569 1097 1753 1177 καθιερωμένης
1765 1098 1842 1176 χώρας
1851 1102 1878 1156 ιθν

330 1184 441 1265 ληφότες
454 1186 609 1265 ὀχυρώμασι
624 1192 669 1245 καὶ
682 1186 873 1265 παρεμθολαῖς·
892 1186 949 1246 ἐστι
959 1188 1010 1265 γάρ
1023 1210 1048 1244 τι
1063 1188 1107 1263 μέ·
1155 1186 1181 1243 δ’
1195 1186 1328 1255 ἐξελθόντα
1351 1186 1470 1254 ἐξουσίαν
1489 1186 1546 1265 ἐχει
1568 1190 1583 1245 ὁ
1602 1184 1742 1265 περιτυχὼν
1757 1189 1876 1246 ἀποκτεῖναι.

331 1296 375 1352 ρος
387 1278 434 1346 τῆς
447 1275 537 1354 χώρας
545 1274 606 1353 ἐχον
620 1274 749 1354 λῃστήρια
762 1273 879 1353 θρασέων
891 1275 935 1333 καῖ
949 1275 1109 1353 παρανόμων
1155 1273 1321 1345 ’ἀναθήματα
1343 1273 1369 1331 δέ
1381 1282 1468 1353 χρυσᾶ
1482 1275 1528 1330 καῖ
1543 1274 1644 1351 ἀργυρᾶ
1658 1271 1740 1331 πολλά
1752 1274 1790 1331 καί
1807 1274 1878 1349 μεγαλα

331 1361 491 1441 ἀνθρώπων,
511 1362 538 1423 οῖ
557 1361 616 1428 τοῖς
632 1361 760 1441 γεωργοὺς
778 1362 949 1440 ἐνεδρεύοντες
965 1364 1110 1437 πολεμοῦσι
1154 1368 1207 1427 τοῖς
1231 1366 1297 1428 θεοῖς
1325 1361 1478 1433 ἀνάκειται,
1500 1359 1690 1440 σεσωρευκότος
1712 1364 1753 1418 τοῦ
1776 1360 1877 1440 χρόνοντὸ

330 1449 447 1517 τούτους.
467 1450 547 1509 Αὐτοὶ
563 1450 592 1509 δὲ
604 1452 629 1508 οῖ
644 1453 721 1525 ἱερεῖς
733 1449 800 1507 πολὺ
823 1454 875 1508 τῶν
899 1450 985 1508 ἀλλων
1009 1450 1108 1528 ῦπερέ-
1154 1453 1252 1521 πλῆθος
1263 1450 1315 1507 τῶν
1329 1447 1525 1527 καθιερωμένων
1546 1448 1727 1525 ἀναθημάτων.
1740 1448 1777 1508 Τό
1787 1447 1876 1525 τεθνρθ·

330 1558 407 1613 χουσι
421 1542 505 1615 τρυφῇ
522 1536 568 1595 καλ
582 1541 640 1603 ταῖς
655 1537 747 1603 ἀλλαις
753 1546 812 1603 ταῖς
823 1539 850 1595 ἐν
868 1562 906 1615 τῳ
918 1536 966 1615 βίῳ
980 1535 1108 1613 καθαριό-
1157 1559 1228 1612 ματα
1241 1542 1286 1594 τοῦ
1302 1542 1364 1593 ναοῦ
1379 1535 1530 1609 θαυμαστδις
1540 1534 1597 1614 ἔχει
1608 1534 1653 1601 τάς
1662 1534 1805 1601 κατασκευάς
1815 1533 1835 1601 ἐξ
1844 1536 1875 1612 ἀρ-
1921 1548 1922 1619 γ

330 1646 392 1693 τησι
406 1624 451 1682 καὶ
465 1626 652 1691 πολυτελείαις·
674 1626 768 1691 στολὰς
791 1624 837 1701 μὲν
858 1625 909 1704 γὰρ
924 1624 1014 1702 έχουσι
1036 1627 1109 1692 λινᾶς
1154 1622 1285 1701 γύρουμαλ
1292 1626 1392 1703 χρυσοῦ
1401 1622 1445 1681 καὶ
1456 1622 1604 1703 ἐλέφαντος,
1616 1622 1654 1681 ἐτι
1668 1621 1693 1681 δέ
1704 1622 1758 1689 θύας
1767 1622 1875 1698 δεδημιωρ·

329 1715 363 1788 τῇ
377 1712 518 1786 λεπτότητι
531 1714 576 1773 καῖ
591 1714 756 1791 μαλακότητι
772 1713 922 1793 διαφόρους,
939 1712 1003 1772 ποτέ
1017 1714 1044 1773 δὲ
1065 1714 1109 1773 καλ
1153 1709 1333 1789 γημένας.,Ἤ
1346 1710 1373 1769 δὲ
1385 1710 1459 1783 κλίνη
1473 1716 1519 1771 τοῦ
1536 1716 1597 1769 θεοῦ
1609 1710 1639 1770 τδ
1653 1708 1699 1789 μίν
1714 1712 1785 1786 μῆκος
1799 1709 1875 1786 ὑπάρχει

330 1798 377 1865 τδς
387 1800 418 1857 ἐκ
426 1805 478 1859 τῶν
490 1802 688 1876 μαλακωτάτων
696 1800 770 1879 ἐρίων
784 1801 1109 1877 κατεσκευασμέναςέσθῆ·
1154 1802 1247 1876 πηχῶν
1262 1797 1305 1871 ἐξ,
1319 1799 1350 1857 τθ
1372 1796 1399 1855 δέ
1414 1796 1510 1865 πλάτος
1524 1796 1670 1877 τεττάρων,
1683 1800 1761 1879 χρυσῆ
1773 1794 1794 1854 δὲ
1805 1796 1840 1865 ὅλη
1847 1796 1874 1852 ιεῖ

329 1908 378 1952 τας
399 1894 515 1967 φοροῦσι·
531 1888 596 1967 πρὸς
609 1887 636 1945 δὲ
651 1887 751 1954 τούτοις
771 1887 863 1966 μίτρας
879 1886 970 1967 έχουσι
990 1896 1106 1966 χρυσοῦ·
1154 1891 1186 1963 τῇ
1204 1883 1274 1943 κατθι
1293 1884 1370 1964 μίρος
1382 1884 1492 1965 ἐργασίᾳ
1510 1886 1671 1965 φιλοτέχνως
1683 1882 1873 1959 κατεσκευασμένη.

330 1978 398 2052 φεῖς.
410 1976 468 2047 ’θήν
482 1975 517 2055 δί’
527 1976 647 2034 ὑπόδεσιν
660 1976 749 2055 ἔχουσι
765 1976 894 2035 σανδάλια
911 1975 1018 2034 ποικίλα
1033 1978 1108 2056 φιλο·
1155 1971 1391 2053 Παραπλήσιοςιδέ
1404 1974 1447 2035 καὶ
1462 1978 1479 2045 ἡ
1491 1973 1611 2054 τράπεζα
1625 1979 1667 2033 τοῦ
1681 1977 1735 2031 θεοῦ
1751 1971 1788 2031 καὶ
1801 1974 1828 2048 τῷ
1843 1990 1873 2045 με·

329 2060 428 2139 τέχνως
459 2063 630 2141 εἰργασμένα·
649 2057 847 2143 Ιχρυσοφοροῦσι
874 2062 902 2121 δέ
928 2066 1024 2140 ὁμοίως
1052 2068 1108 2133 ταῖς
1154 2065 1223 2143 γέθει
1233 2064 1278 2123 καῖ
1292 2068 1325 2143 τῆ
1338 2062 1416 2140 λοιπῆ
1428 2061 1585 2140 πολυτελείᾳ
1599 2060 1748 2140 παράκειται
1756 2058 1873 2130 πληοίοιτῖς

329 2150 573 2225 γυναιξλπλὴντῶν
589 2152 711 2211 ἐνωτίων.
730 2152 938 2230 ΙΙροσεδρεύουσι
951 2154 979 2211 δέ
992 2154 1107 2229 μάλιστα
1153 2152 1253 2223 κλίνης.
1282 2150 1360 2212 Κατά
1383 2151 1410 2209 δέ
1437 2150 1520 2225 μέσην
1544 2156 1593 2221 τήν
1613 2148 1700 2221 κλίνην
1723 2147 1800 2219 ἔστηκε
1819 2142 1870 2213 στήλη

209 2239 212 2248 ’
329 2245 387 2303 ταῖς
400 2240 452 2294 τῶν
466 2242 529 2295 θεῶν
545 2238 693 2318 θεραπείαις
707 2238 815 2306 καὶτοῖς
826 2241 890 2317 περὶ
903 2241 1003 2300 τούτοιν
1019 2242 1108 2318 θμνοις
1153 2244 1239 2319 χρυσῆ
1263 2238 1380 2317 μεγάλη,
1402 2238 1551 2319 γράμματα
1576 2237 1674 2317 ἔχοισα
1694 2236 1725 2294 τθ
1748 2238 1801 2313 παρ’
1815 2236 1871 2309 λίμ·

328 2347 359 2382 τε
373 2325 418 2383 καλ
441 2324 593 2403 ἐγκωμίοις,
615 2327 673 2403 μετ’
686 2327 755 2407 ᾠδῆς
771 2324 818 2393 τδις
832 2326 937 2404 πράξεις
956 2330 1042 2387 αὐτῶν
1061 2330 1106 2388 καλ
1153 2326 1301 2407 πτίοιςῖερθι
1312 2326 1474 2404 καλούμενα,
1487 2326 1521 2381 δι’
1531 2318 1569 2384 ών
1582 2318 1648 2397 ἦσαν
1660 2321 1870 2403 αῖπράξειιθύριιιθ

328 2411 376 2480 τός
390 2413 424 2479 εἷς
441 2412 590 2492 ἀνθρώπους
604 2414 751 2492 εὐεργεσίας
769 2414 994 2495 διαπορευόμενοι.
1012 2420 1104 2477 Μυθο-
1153 2415 1243 2475 τεκαὶ
1269 2414 1328 2481 Διδς
1352 2414 1603 2492 ἀναγεγραμμέναι,
1624 2412 1669 2472 καῖ
1696 2405 1871 2498 μετθιτιύταιῑί

329 2503 435 2578 λογοῦσι
447 2500 471 2557 δ’
486 2503 510 2558 οί
525 2505 602 2580 ίερεῖς
615 2501 644 2559 τδ
660 2504 733 2580 γένος
745 2502 831 2568 αὑτοῖς
848 2506 877 2560 ἐκ
896 2502 1004 2580 Κρήτης
1018 2504 1108 2583 θπάρ-
1155 2502 1303 2583 Ἀρτέμιδος
1326 2502 1371 2559 καὶ
1393 2500 1556 2569 Ἀπολλωνος
1577 2500 1620 2589 ἕρφ’
1641 2500 1735 2580 Ἑρμοῦ
1755 2512 1870 2577 προσαναγε-

190 2675 195 2684 1
226 2588 232 2601 “
328 2611 404 2667 χειν,
419 2587 469 2647 ὑπὸ
483 2588 543 2654 Διὸς
559 2588 680 2665 ἠγμένοις
703 2592 738 2655 εθς
755 2589 802 2661 τήν
817 2592 972 2667 Παγχαίαν,
987 2588 1029 2647 ὅτε
1048 2592 1107 2649 κατ’
1152 2589 1314 2673 γραμμέναι.
1924 2588 1925 2611 ί

331 2673 480 2753 ἀνθρώπους
493 2676 530 2733 ὢν
545 2676 680 2735 ἐθασίλευε
701 2680 748 2746 τῆς
765 2676 925 2753 οἰκουμένης·
943 2677 988 2735 καὶ
1004 2676 1102 2735 τούτων
1192 2677 1248 2734 Sed
1261 2676 1321 2734 haec
1334 2676 1484 2736 hactenus.
1502 2674 1622 2751 Restat,
1637 2688 1668 2733 ut
1680 2675 1726 2733 illa
1745 2673 1869 2747 fragfflessll·

328 2772 428 2839 σημεῖα
450 2762 557 2843 φέρουσι
570 2769 617 2835 τῆς
637 2766 789 2837 διαλέκτου,
808 2766 950 2849 δεικνύντες
971 2763 1006 2822 τθ
1022 2765 1109 2825 πολλά
1153 2787 1218 2845 quae
1232 2764 1395 2837 Eusebim,
1410 2764 1515 2823 Sextus
1537 2764 1702 2843 Empiricus
1720 2774 1745 2819 et
1764 2758 1869 2817 Athenaeus

329 2850 461 2927 διαμένειν
476 2850 538 2929 παρ’
555 2855 640 2917 αὑτοῖς
654 2855 793 2931 Κρητικῶς
812 2853 1002 2929 ὀνομαζόμενα·
1017 2852 1064 2923 τήν
1078 2876 1107 2911 τε
1154 2856 1190 2911 οδ
1204 2854 1376 2911 Evemerum
1391 2867 1539 2912 auctorem
1564 2854 1707 2926 referunt,
1729 2845 1869 2919 castigata*

328 2940 393 3018 πρὸς
407 2939 500 3006 αὐτούς
518 2939 665 3013 οἰκειότητα
686 2941 731 2999 καί
747 2942 944 3020 φιλανθρωπίαν
965 2943 994 2999 ἐκ
1010 2940 1107 3020 προγό-
1155 2961 1346 3019 queegraeco
1359 2944 1391 3001 in
1405 2942 1529 3004 latinum
1550 2940 1666 3002 anobis
1679 2953 1797 2998 conversa
1810 2925 1870 3004 subji·

329 3051 380 3086 νων
404 3027 608 3107 παρειληφέναι,
632 3033 677 3100 τῆς
695 3028 784 3107 φήμης
802 3031 898 3102 ταύτης
918 3033 972 3096 τοῖς
994 3030 1106 3107 ἐκγόνοις
1154 3049 1272 3088 ειαιιιιιο.
