3959 5925
193 452 248 503 ido
887 442 1084 505 cultellus

219 577 267 626 so.
285 576 316 623 nt
329 584 385 621 sero
398 572 443 621 bac
458 570 599 621 educatione
618 570 685 634 altis,
701 571 753 620 auri
770 571 922 635 argentique,
938 577 963 623 et
1005 574 1155 636 nubentium,
1168 575 1306 625 melioribus
1318 575 1396 639 procis
1407 576 1492 627 melius
1501 581 1601 626 moratae
1615 578 1717 640 virgines
1727 592 1779 628 sor·

189 664 283 713 ceurae
311 657 479 722 supellectilis,
502 657 675 720 possessionem
698 658 815 721 cujusqna
840 660 961 731 propriam
1005 662 1049 711 tito
1064 662 1348 724 obveniant;inleriores
1361 676 1434 725 porro
1448 662 1676 725 interioribus,non
1693 668 1781 717 tenetis

188 749 278 798 nuttam
290 758 355 805 esse,
368 746 411 793 aut
418 742 550 793 existimari
564 744 646 805 licere,
661 744 817 806 prediximus
834 763 840 793 :
854 745 896 795 sed
912 745 962 794 sola
1006 748 1189 797 saluberrimam
1202 750 1273 800 sortis
1286 752 1409 813 trondem,
1419 752 1561 802 curantibus
1571 754 1596 801 in
1610 755 1714 816 utroque
1722 766 1781 804 sexu

189 833 297 885 mercede
308 834 444 891 contentos,
457 831 625 881 estribentibus
636 844 738 893 quorum
752 833 853 881 salutern
865 837 961 882 tueren·
1006 836 1125 897 praelectis
1142 840 1296 900 nuptiarum:
1311 852 1359 901 quo
1371 852 1441 889 suam
1455 840 1557 903 quisque
1571 840 1690 890 torinnam
1709 840 1782 892 sortis

188 927 237 984 tur,
251 922 285 971 uti
299 920 456 970 communiter
465 920 531 969 buta
542 921 632 981 quanta
643 918 674 967 sit
685 918 742 968 salis
754 932 761 967 ι
773 918 895 981 occupatis
907 932 962 981 erga
1006 923 1177 987 improsperam
1189 928 1336 988 culpet,nec
1347 928 1511 989 praelationem
1520 928 1599 978 doleat
1607 928 1720 980 alterius?

189 1010 321 1059 custodiam
334 1006 469 1057 communis
480 1005 579 1067 salutis,
590 1012 638 1055 eta
654 1008 741 1055 caetera
753 1005 873 1055 iunctione
884 1007 962 1069 operis
1036 1013 1076 1061 Τι.
1094 1013 1147 1061 une
1157 1026 1253 1075 qunque
1264 1015 1379 1064 memoria
1390 1018 1507 1065 tenemur.

188 1097 344 1149 cessantibus.
1036 1099 1254 1149 submistum
1277 1103 1452 1163 promulgatum
1473 1106 1545 1165 puto,
1569 1102 1685 1152 lectorum
1708 1104 1781 1153 lectus

219 1186 260 1236 Ti.
275 1183 341 1233 Dicta
354 1184 406 1233 lrtcc
419 1181 499 1231 omnin
512 1182 536 1230 in
549 1180 613 1229 trunc
629 1180 727 1229 modum
742 1182 806 1229 sunt.
1006 1189 1145 1248 parentum,
1155 1200 1250 1236 somma
1261 1200 1334 1249 cura,
1343 1192 1425 1251 utpote
1434 1190 1541 1240 naturale
1551 1190 1700 1252 privilegium
1710 1191 1780 1240 boni·

218 1274 232 1338 §
248 1281 271 1324 2.
287 1276 333 1323 SO.
349 1274 384 1323 De
400 1269 504 1320 terminis
517 1282 614 1331 quoque
634 1268 718 1330 opinor
737 1267 842 1317 babilam
860 1267 961 1317 mentio-
1006 1274 1062 1323 tatis
1073 1274 1240 1335 prmlerentes,
1251 1275 1277 1325 in
1293 1277 1369 1337 patris
1381 1278 1488 1327 alendos.
1707 1262 1714 1269 ’

187 1375 263 1412 nem:
285 1371 346 1422 ques
362 1358 452 1409 similes
464 1357 618 1419 ejusdemque
635 1358 728 1405 naturae
744 1354 853 1404 maribus
874 1368 962 1405 conre-
1036 1360 1077 1407 Τί.
1092 1360 1220 1421 idipsum.

188 1451 238 1500 niet
259 1448 355 1510 silingi,
370 1447 421 1497 sine
441 1446 489 1510 ulta
507 1458 604 1495 morum
623 1443 756 1494 dilierentia
771 1460 777 1492 :
792 1457 841 1507 quo
862 1450 963 1507 uterque
1035 1446 1085 1494 80.
1100 1448 1207 1496 caeteros
1221 1436 1378 1509 ablegandos,
1392 1449 1433 1498 sed
1446 1449 1542 1499 cuidam
1556 1448 1611 1499 usui
1627 1450 1721 1499 tuturos
1737 1464 1780 1513 pa·

187 1552 260 1588 sexus
273 1536 357 1587 iisdem
370 1538 394 1585 ct
408 1534 578 1584 communibus
592 1532 706 1582 institutis
716 1534 824 1593 regetur.
856 1534 920 1591 Quid
932 1532 963 1583 de
1006 1532 1058 1581 ote
1076 1546 1186 1593 processu
1205 1535 1298 1596 aetafis,
1319 1533 1394 1584 nibilo
1414 1534 1548 1583 remissiore
1569 1547 1626 1584 curs
1647 1535 1780 1585 bibendos.

189 1624 338 1689 procreandis
358 1622 565 1685 suscipiendisqua
578 1620 675 1671 tiberis?
694 1622 729 1668 λιι
745 1632 803 1669 νοω
817 1620 863 1668 lroc
875 1620 920 1682 ita,
936 1622 964 1669 ut
1006 1620 1114 1669 Notandn
1126 1622 1246 1684 pueritiae,
1259 1625 1284 1673 et
1295 1623 1353 1671 item
1365 1621 1545 1683 adolescentiae,
1554 1622 1639 1672 merita
1654 1625 1780 1685 :quotam

188 1717 287 1774 caetera,
298 1724 353 1773 quae
364 1713 450 1771 praeter
462 1708 598 1772 opinionem
610 1706 746 1767 bominum,
757 1706 964 1767 consuetudinem·
1006 1722 1036 1759 es
1051 1708 1148 1758 usundi
1164 1712 1254 1760 ordinis
1273 1711 1362 1773 populo
1374 1710 1535 1770 prorelrantur
1545 1709 1576 1758 ad
1592 1710 1697 1771 primum
1715 1711 1781 1761 ordi·

105 1828 107 1831 ·
188 1816 237 1865 que
246 1801 319 1857 vitre,
336 1800 383 1850 dici
396 1799 516 1857 ridentur,
527 1796 696 1857 memorabile,
710 1794 885 1857 vivaciorisque
896 1798 961 1845 tena-
1006 1809 1061 1847 nem
1075 1800 1293 1860 propugnatorum,
1308 1799 1350 1859 qni
1361 1796 1532 1856 merebuntur;
1549 1811 1622 1859 quam
1634 1812 1664 1848 ex
1681 1799 1724 1862 iis,
1739 1800 1782 1862 qui

188 1882 962 1945 citatis,dcexisdmandiscommunibusnuptiis,communique
1006 1890 1163 1945 aparentum
1178 1886 1268 1935 virtute
1289 1884 1466 1947 degenerarint,
1487 1885 1517 1933 ad
1539 1885 1647 1936 ordinem
1668 1888 1783 1937 secundae

189 1973 269 2034 prole;
286 1970 306 2020 si
322 1968 492 2031 enusquisque
508 1968 606 2018 minime
620 1969 764 2019 internoscat
778 1970 891 2023 allectus,
906 1984 961 2031 pro·
1007 1972 1129 2034 dignitatis
1144 1973 1285 2033 relegentur.
1330 1972 1422 2035 Ecquid
1437 1985 1508 2034 ergo,
1520 1973 1623 2035 Timase,
1641 1974 1700 2023 salis
1714 1974 1780 2024 uidc-

190 2065 318 2120 pleresque
328 2056 440 2106 omuibus
451 2069 534 2107 omnes
546 2056 756 2117 consanguinitatis
766 2057 895 2107 exhibeant
906 2058 962 2106 reli·
1007 2062 1047 2108 tur
1060 2061 1149 2109 lactum
1167 2064 1277 2124 recepto,
1287 2060 1381 2109 cunctis
1401 2060 1507 2123 partibus
1518 2061 1631 2111 orationis
1645 2062 1780 2125 besternae,

189 2147 306 2209 gionem:
326 2146 383 2195 dnm
406 2144 511 2207 aequales
525 2143 622 2207 qnidcrn
641 2145 740 2194 iratrum
755 2146 780 2194 et
790 2145 909 2193 sociorum
922 2158 963 2193 ca·
1007 2148 1062 2197 licet
1081 2147 1184 2197 strictim
1199 2147 1390 2210 compendioque
1405 2148 1528 2210 decursis,
1548 2161 1578 2198 an
1597 2149 1686 2211 atiqold
1707 2150 1780 2199 etiarn

116 2268 126 2289 ι
191 2236 262 2284 ritate
276 2233 484 2295 benivolentiaque
499 2232 619 2282 ducuntur
637 2251 643 2281 ι
658 2231 789 2293 majoribus
806 2244 862 2281 vero
878 2246 963 2293 peren·
1007 2233 1080 2283 vultis
1094 2232 1166 2282 addi?

189 2327 243 2372 tum
255 2322 354 2383 religio;
368 2334 499 2381 eorumque
512 2319 701 2383 antiquioribus,
712 2318 963 2370 avommexltibcatur
1037 2322 1078 2370 Ti.
1096 2320 1158 2370 tlibil
1172 2332 1237 2369 sane.

189 2414 261 2473 atque
277 2411 418 2470 atavorum,
433 2408 585 2458 reverentia:
601 2407 709 2469 intraque
726 2406 783 2457 bliis
796 2413 821 2457 et
836 2408 961 2469 nepotibus
1038 2406 1093 2469 §ic
1109 2410 1156 2456 50.
1172 2407 1255 2457 scisne
1266 2406 1339 2469 igitur
1349 2406 1407 2468 quid
1426 2420 1470 2468 ego
1483 2407 1515 2456 de
1531 2407 1578 2455 ista
1594 2406 1715 2469 republica
1725 2421 1781 2456 sen·

189 2496 268 2547 debita
285 2496 469 2557 caritas,etque
482 2494 642 2557 indulgentia,
656 2493 822 2543 convalescat?
1008 2495 1082 2563 tiarn3
1101 2493 1195 2555 quodue
1215 2496 1240 2543 et
1270 2497 1387 2556 quantum
1414 2493 1488 2543 animi
1515 2492 1663 2543 desiderium
1689 2494 1783 2545 terami

219 2586 258 2633 Ti.
276 2586 334 2633 llaec
345 2596 440 2647 quoque
454 2582 532 2633 lucilia
546 2586 696 2643 memoratu;
709 2584 758 2630 eta
775 2580 844 2630 nobis
856 2582 963 2631 retinen·
1038 2583 1078 2631 ΤΙ.
1093 2581 1157 2638 Quid
1172 2580 1247 2630 illud?

189 2674 228 2721 tur
239 2672 338 2734 optime¹
808 2660 810 2664 ’
1039 2669 1086 2717 So.
1102 2670 1135 2717 Ut
1152 2669 1173 2717 si
1190 2668 1244 2730 quis
1259 2668 1317 2717 risis
1331 2668 1474 2717 animalibus
1487 2670 1581 2718 eximiae
1597 2668 1782 2731 pulchritudinis

220 2763 266 2811 80.
284 2760 347 2817 Quid
368 2758 439 2820 illud,
454 2757 519 2819 quod
540 2757 591 2805 sine
604 2756 672 2817 odio,
694 2759 718 2805 et
733 2756 784 2806 siue
798 2757 961 2817 aemulatione,
1009 2769 1038 2805 ac
1049 2757 1199 2817 venustatis,
1217 2756 1299 2817 pictis,
1316 2756 1352 2805 ret
1366 2756 1439 2804 ctiam
1457 2756 1592 2805 virentibus
1609 2756 1722 2816 quidem,
1740 2756 1782 2805 scd

229 2915 290 2974 ΣΩ.
314 2911 347 2972 Τί
363 2910 406 2970 δαί
421 2908 531 2988 τροφήνς
548 2900 587 2986 ἆρ’
606 2910 633 2964 οὗ
649 2911 813 2987 γυμναστικῇ
835 2906 880 2965 καί
896 2930 962 2982 μου·
1008 2906 1104 2986 γονέων
1128 2907 1283 2986 προγόνους,
1299 2907 1357 2976 τοὺς
1376 2909 1404 2967 δὲ
1426 2911 1462 2974 εἰς
1481 2909 1511 2967 τὸ
1530 2910 1645 2968 κάτωθεν
1665 2908 1783 2987 ἐκγόνους

191 3007 252 3074 σικῆ
273 2998 412 3077 μαθήμασί
425 3020 469 3071 τε,
484 2997 533 3056 dua
556 2994 682 3074 προσήκει
699 2993 815 3070 τούτοις,
836 2997 862 3053 έν
880 2995 963 3054 ἅπασι
1010 2995 1105 3062 παῖδάς
1118 2997 1142 3052 τ’
1161 2997 1288 3073 ἐκγόνωνς

190 3089 348 3167 τεθράφθαι,
437 3079 443 3099 “
1048 3085 1099 3142 Tl.
1121 3082 1194 3155 Ναί,
1210 3083 1352 3141 καὶταῦτα
1366 3075 1595 3161 εὐμνημόνευταῇ
1608 3084 1702 3160 λέγεις.

229 3177 279 3235 TI.
302 3174 377 3232 Πάνυ
393 3169 439 3248 μὲν
454 3161 509 3228 σύν.
1049 3171 1109 3228 ΣΩ.
1131 3168 1226 3236 Ὅπως
1240 3169 1268 3227 δὲ
1281 3169 1311 3239 δὴ
1323 3171 1392 3228 κατὰ
1404 3171 1513 3243 δύναμιν
1525 3170 1597 3237 εὐθὺς
1609 3171 1735 3248 γίγνοιντο
1748 3175 1784 3238 ὥς

230 3263 289 3321 ΣΩ.
313 3258 381 3326 Τοθς
394 3255 421 3316 δέ
437 3279 467 3334 γε
483 3255 551 3314 circ>
566 3255 711 3334 τραφέντας
724 3255 818 3333 ἐλέχθη
831 3279 880 3314 που
896 3257 963 3332 μήτε
1010 3251 1170 3334 άριστοότδς
1183 3256 1286 3336 φύσεις,
1304 3249 1345 3334 ἆρ’
1356 3257 1384 3313 ού
1401 3255 1556 3331 μεμνήμεθα
1570 3260 1604 3322 ὡς
1617 3256 1674 3320 τοὺς
1689 3258 1782 3335 άρχον.

191 3350 285 3430 χρυσὸν
308 3348 374 3426 μήτε
394 3345 502 3426 ἄργυρον
526 3342 592 3419 μήτε
606 3343 670 3401 ἄλλο
690 3343 752 3401 ποτὲ
771 3341 851 3418 μηδὲν
873 3347 963 3420 κτῆμα
1009 3367 1056 3409 τας
1069 3341 1168 3420 ἔφαμεν
1185 3341 1285 3409 καίτθις
1299 3341 1430 3421 ἀρχούσας
1444 3344 1496 3399 δεῖν
1512 3345 1548 3409 είς
1561 3342 1608 3414 τὴν
1623 3346 1673 3399 τῶν
1684 3343 1776 3419 γάμων

192 3441 290 3498 ίαυτῶι
304 3437 368 3495 ἴδιοι
381 3433 495 3509 νομίζειν
509 3433 578 3504 δεῖν,
591 3432 649 3488 ἀλλ’
662 3432 697 3496 ὡς
712 3430 860 3507 ἐπικούρους
875 3433 964 3506 μισθὸν
1009 3428 1122 3509 σύνερξιν
1133 3431 1219 3510 λάθρᾳ
1234 3436 1403 3509 μηχανᾶσθαι
1417 3428 1522 3507 κλήροις
1532 3429 1600 3488 τισίν
1614 3427 1684 3496 ὅπως
1697 3433 1721 3488 οἱ
1735 3455 1782 3490 κα-

190 3525 374 3602 λαμόάιοντας
395 3525 441 3592 τῆς
457 3519 573 3599 φυλακῆς
593 3517 666 3596 παρὰ
680 3520 731 3575 τῶν
751 3516 903 3592 σωζομένων
920 3519 965 3576 ὑπ’
1009 3518 1050 3575 κοί
1064 3518 1143 3601 χωρὶς
1159 3515 1185 3574 οἵ
1197 3519 1220 3574 τ’
1238 3516 1330 3594 ἀγαθοί
1345 3525 1403 3582 ταῖς
1422 3516 1523 3592 ὁμοίαις
1545 3515 1661 3595 ἑκάτεροι
1684 3517 1782 3588 ξυλλή-

192 3617 293 3684 αύτῶν,
310 3612 368 3678 όσος
382 3609 496 3691 σώφροσι
512 3606 788 3687 μέτριος,άναλίσκειν
806 3631 834 3665 τε
847 3604 879 3677 δὴ
890 3611 963 3686 κοινῇ
1010 3607 1114 3676 ξονται,
1131 3606 1176 3664 καί
1200 3606 1239 3682 μή
1261 3630 1300 3673 τις
1327 3607 1414 3671 αὐτοῖς
1438 3604 1520 3685 ἔχθρα
1535 3603 1578 3663 tut
1593 3610 1674 3662 ταῦτα
1690 3605 1782 3683 γίγνη-

191 3701 235 3760 καί
257 3698 496 3772 ξυνδιαιτωμένους
507 3695 563 3770 μετ’
579 3693 701 3764 ἀλλήλων
724 3698 786 3775 ζῇν,
813 3694 964 3770 ἐπιμέλειαι
1010 3709 1069 3756 ται,
1084 3687 1166 3764 τύχην
1178 3685 1328 3761 ἡγουμένοις
1344 3683 1427 3742 αἰτίαν
1440 3689 1485 3755 τῆς
1506 3682 1661 3760 Ευλλῆξεωςῑ

191 3789 298 3868 ’ἔχοντας
313 3790 406 3867 ἀρετῆς
423 3783 466 3842 διὰ
487 3781 599 3854 παντός,
617 3786 667 3840 τῶν
683 3783 769 3842 άλλωι
790 3780 962 3858 ἐπιτηδευμά·
1050 3774 1100 3831 Τί.
1123 3771 1298 3847 Μεμνήμεθα.

192 3899 243 3933 coru
258 3873 367 3950 ἄγοντας
379 3870 487 3951 σχολήν.
1050 3860 1111 3919 ΣΩ.
1138 3860 1190 3917 Καὶ
1206 3859 1257 3934 μὴν
1270 3857 1310 3916 ότι
1323 3882 1352 3937 γε
1367 3857 1400 3915 τδι
1412 3857 1460 3933 μὲν
1473 3863 1525 3917 τῶν
1540 3859 1642 3934 ἀγαθῶν
1658 3855 1781 3936 θρεπτέοι

232 3963 283 4022 Tl.
307 3958 419 4036 Ἐλέγθη
438 3959 482 4016 καί
498 3961 579 4012 ταῦτα
594 3952 688 4032 ταύτῃ.
1009 3944 1107 4024 ἔφαμεν
1123 3939 1206 4023 εἶναι,
1219 3947 1251 4003 τά
1267 3947 1525 4025 &tamugaudensis
1540 3949 1587 4014 τὴν
1604 3945 1684 4014 άλλην
1698 3944 1783 4024 λάθρᾳ

230 4051 247 4125 S
268 4069 290 4104 a.
315 4026 450 4106 Etlfllet
464 4043 510 4120 μὲν
526 4041 557 4113 δὴ
574 4041 619 4100 καί
632 4040 691 4118 περὶ
705 4042 833 4116 γυναικῶν
849 4038 964 4114 ἐπεμνή-
1010 4033 1141 4092 διαδοτέον
1162 4033 1254 4106 πόλιν,
1274 4033 1488 4109 ἐπαυξανομένων
1511 4033 1538 4091 δὲ
1560 4037 1720 4104 σκοποῦντας
1742 4032 1782 4088 ἀεὶ

192 4141 305 4213 σθημεν,
322 4138 354 4199 ῶς
368 4133 414 4198 cd<
429 4131 517 4212 φύσεις
532 4136 583 4194 τοῖς
598 4127 706 4206 άνδράσι
720 4123 908 4203 παραπλησίας
924 4123 964 4193 εἴη
1009 4120 1069 4187 τοὺς
1082 4120 1165 4189 ἀξίους
1185 4121 1263 4179 πάλιν
1279 4121 1382 4198 ἀνάγειν
1399 4118 1465 4191 δεῖν,
1481 4119 1540 4184 τοθς
1561 4118 1674 4198 δὲπαρά
1693 4119 1780 4198 σφίσιν

151 4258 156 4270 1
193 4219 377 4299 ἱυναρμοστίον
395 4220 438 4276 καὶ
453 4217 485 4274 τά
500 4214 694 4286 ἐπιτηδεύματα
709 4213 794 4271 πάντα
809 4211 882 4270 κοινθι
896 4210 964 4268 κατά
1011 4205 1127 4276 ἀναξίους
1140 4213 1176 4275 εἰς
1187 4207 1233 4279 τὴν
1244 4212 1296 4266 τῶν
1311 4207 1467 4273 ἐπανιόντων
1477 4209 1566 4287 ι,γίιραν
1578 4207 1781 4284 μεταλλάττειν;

193 4333 221 4368 τε
239 4310 351 4386 πόλεμον
372 4306 417 4363 καί
435 4301 503 4362 κατὰ
521 4301 568 4370 τὴν
588 4297 672 4371 ἄλλην
690 4299 791 4358 δίαιταν
811 4300 896 4359 δοτέον
911 4298 964 4357 πά·
1049 4299 1101 4357 ΤΙ.
1122 4296 1224 4362 Οίίτως,

192 4420 257 4463 σαις.
849 4387 852 4392 ’
1050 4385 1110 4444 Σίλ.
1132 4373 1190 4462 Ἆρ’
1222 4377 1266 4441 οὖν
1301 4383 1332 4452 δὴ
1358 4381 1545 4456 διεληλύθαμεν
1568 4381 1638 4452 ἤδη,
1664 4380 1781 4459 καθάπερ

230 4487 255 4545 Τ
257 4488 281 4545 Ι.
304 4485 329 4542 Τ
331 4480 397 4552 αύτη
413 4479 458 4538 καί
474 4482 557 4534 ταῦτα
572 4463 684 4555 ἐλέγετο.
1010 4470 1084 4551 ιγθές,
1099 4474 1134 4536 ῶς
1147 4473 1172 4528 έν
1191 4470 1339 4549 κεφαλαίοις
1350 4471 1429 4527 πάλιν
1443 4465 1638 4545 ἐπανελθεῖν;ἥ
1655 4472 1782 4541 ποθοῦμεν

232 4571 295 4631 ΣΩ.
319 4569 354 4630 Τί
373 4545 399 4625 δὲ
415 4566 446 4638 δὴ
465 4565 494 4624 τδ
514 4567 574 4643 περὶ
587 4568 634 4634 τῆς
648 4561 832 4637 παιδοποιίας,
853 4561 870 4632 ἢ
891 4567 965 4620 τοῦτο
1011 4559 1048 4617 ἔτι
1062 4583 1088 4616 τι
1102 4562 1153 4617 τῶν
1170 4558 1315 4638 ῥηθέντων,
1330 4548 1352 4616 ῶ
1366 4557 1425 4635 φίλε
1438 4556 1552 4633 Τίμαιε,
1563 4555 1782 4631 ἀπολειπόμενονς

193 4660 240 4735 μὲν
260 4659 302 4716 διθι
323 4657 370 4729 τὴν
388 4655 493 4726 ἀήθειαν
512 4655 563 4710 τῶν
583 4649 725 4730 λεχθέντων
741 4648 963 4725 εὐμνημόνευτον,
1049 4650 1099 4706 ΤΙ.
1123 4649 1272 4724 Οὐδαμῶς,
1295 4648 1353 4705 ἀλλ’
1371 4644 1438 4703 αύτθι
1452 4644 1526 4702 ταῦτ’
1540 4637 1573 4716 ἦν
1587 4645 1620 4701 τὰ
1638 4644 1779 4721 λεχθέντα,

193 4746 232 4805 ότι
251 4745 325 4806 κοινὰ
341 4744 375 4802 τδτ
397 4747 447 4802 τῶν
468 4740 561 4821 γάμων
584 4739 630 4799 καί
644 4736 677 4796 rt
691 4741 743 4795 τῶν
763 4739 864 4795 παίδοιν
885 4745 964 4794 πᾶσιν
1009 4727 1190 4814 ῶΣύοκρατες.

193 4833 315 4896 ἁπάντων
332 4832 462 4909 ἐτίθεμεν,
484 4826 683 4907 μηχανωμένοις
702 4825 773 4890 ὅπως
792 4825 882 4901 μηδείς
902 4846 964 4881 ποτε
1048 4827 1102 4902 Sa.
1125 4826 1188 4884 ΣΩ.
1211 4822 1336 4884 Ἀκούοιτ’
1357 4821 1389 4879 ἂν
1407 4821 1459 4892 ἤδη
1480 4819 1513 4878 cd
1533 4817 1600 4896 μετά
1615 4824 1698 4876 ταῦτα
1719 4819 1779 4898 περὶ

193 4922 222 4994 τό
236 4919 406 5000 γεγενημένον
423 4921 492 4996 αὐτῷ
507 4917 559 4996 ἰδίᾳ
571 4914 709 4992 γνώσοιτο,
725 4918 842 4990 νομιοῦσι
853 4909 879 4968 δὲ
895 4911 964 4968 πάι·
1010 4916 1055 4982 τῆς
1070 4912 1201 4976 πολιτείας
1220 4909 1251 4980 ἣν
1268 4908 1423 4985 διήλθομεν,
1442 4899 1495 4964 οἶόν
1508 4929 1534 4963 τι
1552 4904 1616 4985 πρός
1630 4904 1711 4975 αὐτὴν
1726 4927 1780 4962 πε-

193 5030 235 5074 τες
251 5008 350 5073 πάντας
370 5003 461 5070 airolae
480 5007 623 5080 ὁμογενεῖς,
639 4999 751 5081 ἀδελφὰς
766 4999 812 5076 μὲν
827 4997 871 5056 καί
886 4999 965 5055 άδελ-
1009 4995 1249 5075 πονθὼςτυγχάιω.
1292 4995 1435 5073 Προσέοικε
1447 4994 1474 5051 δὲ
1488 4994 1519 5064 δι’,
1530 4993 1581 5049 τινί
1595 5015 1639 5066 μοι
1651 4993 1740 5070 τοιῷδε
1752 4989 1782 5049 τδ

195 5093 255 5174 φοθς
268 5093 323 5152 όσοι
337 5117 385 5171 περ
400 5090 431 5150 du
442 5095 488 5159 τῆς
502 5088 651 5170 πρεπούσης
665 5089 735 5152 ἐντὸς
745 5086 847 5157 ἡλικίας
858 5086 965 5162 γίγνυιν·
1010 5083 1090 5149 πάθος
1098 5127 1106 5155 ,
1122 5073 1173 5141 οἷον
1186 5082 1210 5140 εἴ
1223 5105 1261 5147 τις
1273 5085 1327 5161 ζῷα
1342 5080 1411 5140 καλά
1424 5103 1473 5139 που
1487 5080 1660 5157 θεασάμενος,
1671 5076 1722 5136 εἴτε
1732 5077 1782 5136 θσδ

196 5205 255 5254 ται,
276 5180 333 5246 τοὺς
356 5180 378 5236 δ’
402 5179 546 5256 ἔμπροσθεν
567 5177 611 5235 καὶ
638 5175 734 5232 άνωθεν
758 5172 849 5250 γονίας
874 5170 965 5229 τεκαὶ
1010 5174 1111 5250 γραφῆς
1125 5167 1284 5249 εἰργασμένα
1298 5169 1350 5228 εἴτε
1361 5168 1406 5226 καί
1421 5171 1504 5236 ζῶντα
1518 5169 1657 5242 ἀληθινῶς,
1668 5163 1781 5243 ἡσυχίαν
