3959 5925
193 372 248 424 lle
797 354 1148 417 Piruaooltaomlra

231 492 413 571 (Simplicius
427 488 462 548 ad
483 489 604 547 Aristot.
630 486 728 563 Categ.
751 488 772 547 i.
799 494 851 553 141
869 484 903 563 b,
929 504 965 543 ex
1012 483 1787 560 έπιστατὸντᾶςέπιστιίμαςκαίτθαἰσθατθντᾶςαίσθαίσως.

189 581 325 659 Archytae
345 578 423 637 libro
437 574 497 655 περὶ
517 574 715 651 ἀντικειμένων.
731 576 775 633 De
798 575 851 632 illo
871 585 965 632 autem
1011 574 1051 635 Το
1065 571 1092 631 δέ
1104 571 1196 645 αἴτιον,
1206 570 1340 649 ότιτὸμὶν
1354 570 1504 652 κρινόμενον
1515 572 1578 631 ἀνευ
1592 576 1631 631 τῶ
1641 582 1653 611 ⁶
1662 572 1791 653 κρίνοντος

188 670 267 727 libro
278 664 445 744 Simplicius
456 663 478 723 l.
495 683 521 721 c.
535 661 595 720 haec
606 663 710 722 scribit
726 688 733 719 ι
750 659 869 744 φαίνεται
881 658 908 718 δὲ
922 660 968 719 καί
1013 660 1120 720 δυνατὸν
1131 653 1210 737 ἦμεν,
1224 650 1277 718 οἷον
1290 659 1321 718 rb
1330 660 1454 719 αἰσθατὸν
1464 658 1526 718 ἄνευ
1540 660 1689 733 αθσθέσιος,
1704 663 1792 723 καὶτὸ

187 754 221 815 τθι
237 754 297 833 περὶ
313 748 497 826 ἀντικειμένων
517 748 698 827 Ἀριστοτέλης
716 751 746 808 έκ
759 753 804 809 τοῦ
819 746 967 828 Ἀρχυτείου
1014 750 1153 811 termetis
1164 748 1225 807 ἀνευ
1236 746 1434 824 &semper-1⁸0
1447 748 1473 805 δέ
1490 755 1576 827 κρῖνον
1588 746 1650 807 ἀνευ
1661 752 1700 807 τῶ
1711 746 1791 830 ακρι-

191 840 292 921 βιόλίου
305 834 461 916 permedio
471 840 517 895 τοῦ
528 836 589 915 περὶ
605 834 789 912 ἀντικειμένων
805 838 968 916 ἔπιγεγραμ-
1013 837 1113 913 νομένω
1122 835 1247 895 ἀδύνατον
1258 827 1334 911 ἦμεν,
1346 825 1397 894 οἷον
1413 832 1461 892 τάν
1473 833 1593 895 αίσθαοιν
1603 835 1685 895 ‘iven
1695 840 1734 900 τῶ
1750 843 1792 898 αἰ-

191 927 285 1005 μένου,
298 924 363 1005 ὅπερ
377 926 473 989 ἐκεῖνος
482 926 511 981 οὗ
527 922 649 992 συνέταξε
666 928 702 1001 τῷ
716 924 776 1002 περὶ
791 926 872 1000 γενῶν
889 922 968 1001 λόγῳ,
1015 923 1153 983 σθατῶκαὶ
1165 922 1213 981 τάν
1221 920 1370 1000 ἐπιστάμαν
1376 921 1436 979 ἀνευ
1446 926 1483 980 τῶ
1495 924 1638 983 έπεστατῶ.
1648 927 1673 984 Τ
1675 927 1711 981 ῶν
1725 927 1752 985 δέ
1763 927 1791 997 ἐξ

190 1017 248 1073 ἀλλ’
265 1013 332 1082 ἰδίας
345 1010 527 1091 πραγματείας
542 1010 663 1083 ἠξίωσεν.
675 1008 729 1072 Καὶ
744 1009 794 1090 γὰρ
808 1012 855 1081 τὴν
871 1008 968 1090 διαίρε-
1015 1011 1168 1093 ἀμφοτέρων
1186 1009 1298 1089 ἀχόντων
1317 1012 1371 1069 τῶν
1392 1015 1477 1090 μερῶν
1501 1010 1549 1068 τάν
1570 1012 1743 1093 ἀντιστροφάν
1758 1016 1792 1075 τά

190 1126 230 1161 σιν
243 1102 329 1161 αὐτῶν
345 1097 472 1179 Ἀρχύτας
483 1097 579 1158 οὑτωσί
592 1097 759 1178 παραδίδωσι
775 1100 835 1160 κτλ.
851 1097 969 1156 Simiii-
1016 1098 1062 1175 μέν
1076 1096 1223 1177 ἀδιαφόρως
1235 1094 1399 1176 ἀντιστρέφει
1409 1097 1547 1173 ἀλλάλοις,
1558 1100 1594 1164 ῶς
1603 1096 1634 1156 τό
1645 1096 1733 1174 όμοιον
1746 1106 1792 1164 καί
1826 1134 1830 1140 ·

191 1204 234 1248 εει
249 1190 271 1252 s.
291 1190 343 1247 151
363 1187 384 1246 b
402 1208 409 1244 ι
425 1189 511 1253 καλῶς
523 1186 553 1244 ἀν
570 1185 626 1265 ἔχοι
639 1186 685 1244 καὶ
699 1184 732 1242 τά
746 1183 873 1265 Ἀρχύτου
884 1186 910 1241 έν
929 1187 966 1263 τῷ
1015 1184 1044 1244 τὸ
1057 1185 1113 1245 ἴσον
1126 1183 1172 1243 καί
1189 1183 1220 1244 τὸ
1243 1183 1361 1264 ἀδελφόν·
1376 1189 1452 1243 τοῦτο
1466 1182 1517 1264 γάρ
1538 1184 1623 1244 τοότω
1644 1185 1733 1264 όμοιον
1747 1192 1793 1251 καί

190 1272 252 1356 περί
273 1272 458 1352 ἀντικειμένων
483 1272 577 1354 βιόλίῳ
602 1272 739 1354 ἀρχέτυπα
760 1276 811 1331 τῶν
827 1272 969 1352 εἰρημένων
1015 1277 1092 1332 τοῦτο
1105 1271 1188 1331 τοότω
1208 1270 1451 1341 πάλιν,καίτοῶτο
1472 1271 1557 1331 τούτω
1572 1273 1630 1333 ἴσον
1653 1276 1793 1339 καὶτοῦτο
1839 1306 1847 1321 ·

191 1365 253 1425 ὄντα
266 1362 498 1445 παραγεγράφθαι,
513 1363 559 1421 καί
579 1364 712 1439 μάλιστα,
737 1362 777 1420 ότι
798 1361 884 1421 oliti
904 1366 969 1427 θεῖος
1015 1358 1098 1418 τοότω
1115 1356 1235 1437 ἀδελφόν·
1250 1355 1284 1416 τά
1298 1355 1345 1415 (δὲ
1365 1359 1530 1439 ἀντιστρέφει
1544 1359 1666 1427 ἀλλέλοις
1690 1360 1716 1429 ἐξ
1736 1366 1795 1442 ἀμ-

191 1447 968 1531 Ἰἀμόλιχοςάττθτοότουτοῶβιόλίουτιτοῖςίιπομνήμασιν
1016 1444 1130 1526 φατέρων
1153 1448 1205 1503 τῶν
1221 1447 1319 1524 μερῶν,
1334 1446 1363 1504 σθ
1389 1445 1442 1523 μάν
1464 1446 1620 1528 ἀδιαφόρως·
1644 1452 1722 1507 τοῦτο
1746 1452 1795 1527 μὲν

192 1539 309 1617 ένέταξε,
324 1539 368 1597 καί
386 1537 448 1603 ἴσως
463 1540 510 1597 οὐκ
520 1529 596 1610 ἦλθεν
610 1539 646 1603 εἷς
659 1536 745 1596 αὐτόν·
756 1537 788 1595 οὗ
798 1534 848 1614 γάρ
863 1534 895 1593 ἀν
908 1534 971 1592 αὐτὸ
1016 1530 1099 1591 τοότω
1108 1542 1122 1581 ⁸
1131 1536 1227 1611 μεῖζον,
1246 1530 1362 1592 τοῦτοδὲ
1375 1531 1461 1593 τοότω
1472 1531 1488 1569 ¹¹
1501 1542 1586 1611 μεῖον,
1602 1533 1647 1593 καί
1657 1527 1733 1605 οὗτος
1748 1538 1795 1615 μὲν

192 1630 311 1703 παρῆκεν
322 1629 337 1683 ό
349 1629 396 1683 τοῦ
411 1622 600 1703 Ἀριστοτέλους
613 1622 644 1682 τό
657 1623 718 1703 περὶ
728 1623 913 1701 ἀντικειμένων
928 1629 970 1704 βι·
1016 1619 1100 1679 τοότω
1113 1619 1213 1698 πατήρ,
1235 1611 1308 1688 οὗτος
1319 1619 1347 1678 δὲ
1359 1620 1463 1681 τούτωι
1478 1621 1541 1689 υἱός.

193 1713 265 1772 mlo
284 1710 499 1791 ἐπισκεψόμενος.
521 1710 663 1770 Caeterum
687 1731 752 1769 cum
767 1712 824 1769 hoc
838 1712 971 1789 Archytae
1058 1708 1243 1786 (Simplicius
1263 1709 1299 1767 ad
1319 1711 1442 1770 Aristot.
1461 1710 1558 1787 Categ.
1581 1712 1602 1772 f.
1628 1720 1683 1779 ela
1713 1734 1740 1787 a,
1759 1737 1796 1777 ex

192 1804 258 1862 loeo
274 1801 373 1861 confer
395 1800 515 1859 Aristot.
537 1799 635 1875 Categ.
653 1818 716 1876 cap.
740 1797 789 1855 X:
812 1798 916 1876 λέγεται
940 1797 968 1856 δὲ
1017 1796 1152 1873 Archytae
1172 1796 1251 1855 libro
1265 1794 1327 1875 περὶ
1344 1796 1540 1873 ἀντικειμένων.
1561 1798 1673 1877 Scripsi
1688 1822 1695 1856 :
1709 1809 1721 1838 ⁸
1734 1803 1796 1863 ποτί

193 1890 279 1971 ἕτερον
296 1889 376 1967 ἑτέρῳ
386 1888 546 1946 ἀντικεῖσθαι
559 1888 707 1965 τετραχῶς,
721 1886 784 1957 ἢὼς
799 1883 834 1944 τά
847 1885 911 1965 πρός
925 1909 950 1943 τι
959 1893 976 1959 ,“
1017 1907 1061 1965 τε,
1076 1886 1160 1944 codd.
1180 1886 1243 1965 πρός
1257 1909 1294 1946 τι.
1310 1886 1377 1930 -ἀ
1395 1884 1529 1957 αίσθασις;
1553 1888 1640 1948 codd.
1666 1886 1794 1962 αἴσθησις.

192 1966 310 2047 ἣῶςτά
326 1971 521 2045 elevemini<
535 1974 658 2054 στέρησις
672 1973 718 2032 καί
732 1971 875 2046 έξις,ἣῶς
889 1974 971 2033 κατοί-
1018 1977 1150 2047 -θτῶ,
1167 1974 1323 2035 σοάό.το’ῡ.
1343 1972 1476 2047 -έτῶς
1498 1974 1569 2033 libri
1588 1981 1645 2034 τοῦ.
1669 1979 1795 2038 -θτάν

193 2088 270 2146 φασις
282 2062 327 2123 καί
342 2059 471 2139 ἀπόφασις
482 2059 557 2141 κτλι)
1018 2061 1158 2139 electen,
1181 2060 1267 2120 codd.
1290 2059 1338 2131 τὴν
1364 2058 1497 2132 αίσθησιν.
1520 2061 1584 2106 —¹
1601 2058 1652 2141 τό,
1676 2062 1747 2122 iibri
1768 2067 1795 2127 ἀ.

233 2172 270 2213 at.
292 2148 336 2211 Τά
351 2146 448 2207 θίποτί
464 2158 510 2207 rei
524 2143 698 2227 ἀμαάνοίγκα
710 2148 826 2226 γίνεσθαι
839 2148 884 2208 καί
900 2147 971 2227 φθεί-
1017 2155 1080 2192 —8
1093 2146 1191 2219 τούτω,
1206 2146 1290 2204 codd.
1312 2146 1413 2208 τούτου.
1433 2183 1473 2198 -
1485 2150 1499 2189 ¹¹
1512 2147 1613 2221 τοότω;
1633 2148 1718 2209 codd.
1734 2152 1796 2212 τοό-

195 2243 293 2317 ρεσθαι·
314 2236 439 2295 ἀδύνατον
452 2234 504 2313 γάρ
527 2222 664 2295 διπλιίσιον
690 2234 737 2312 μὲν
759 2228 840 2311 ἦμεν,
860 2236 969 2311 ἡμίσεον
1017 2259 1075 2295 του.
1086 2270 1126 2281 -
1139 2232 1147 2270 ¹
1159 2234 1261 2308 τοότω;
1278 2236 1362 2294 codd.
1375 2235 1494 2316 τούτου.)

195 2323 221 2381 δὲ
238 2322 274 2400 μὴ
298 2313 364 2399 ἧμιν
389 2319 407 2391 ἦ
429 2320 539 2398 ἡμίσεον
564 2320 615 2398 μὲν
632 2312 714 2397 ἧμιν,
730 2320 866 2379 διπλάσιον
881 2321 908 2379 δέ
924 2321 971 2399 μή·
1058 2343 1094 2383 ευ.
1109 2325 1256 2400 Διαιρεῖται
1270 2322 1298 2379 di
1309 2323 1356 2381 καὶ
1369 2323 1403 2381 τά
1411 2327 1463 2381 τῶν
1475 2324 1628 2385 ἀντιθέσεων
1647 2325 1745 2383 τούτοιν
1760 2325 1798 2390 εἰς

187 2410 240 2468 ’καί
256 2409 319 2469 αἴκα
340 2434 365 2469 τι
388 2405 519 2488 γίνηταιδ
542 2408 698 2480 διπλάσιον,
718 2406 774 2485 ἅμα
797 2407 843 2467 καὶ
863 2410 971 2484 ἡμίσεσι
1018 2407 1053 2466 rb
1069 2408 1182 2489 ποτεχέα
1197 2408 1267 2465 eides
1289 2407 1420 2474 ἀλλείλοις·
1440 2414 1493 2469 τῶν
1507 2408 1560 2490 γὰρ
1573 2409 1695 2469 ἐναντίων
1717 2408 1796 2485 ἀμὲν

194 2496 303 2575 γίνεται·
323 2498 367 2555 καί
385 2498 446 2556 αἴκα
469 2520 494 2553 τι
511 2495 670 2575 φθείρηταιθ
684 2496 835 2571 διπλάσιον,
856 2496 911 2575 ἅμα
925 2498 970 2554 καὶ
1020 2493 1107 2572 ἀμεαό
1122 2493 1225 2566 ἐντι,ἀ
1245 2492 1273 2551 δὲ
1288 2492 1345 2572 ἔχει
1360 2495 1451 2572 μέσον.
1476 2495 1586 2565 Μεταξὺ
1602 2498 1653 2576 γάρ
1674 2494 1798 2573 ὑγιείας·

194 2585 303 2663 ἡμίσεον
318 2584 458 2665 φθείρεται.
1019 2580 1065 2639 καὶ
1076 2583 1145 2640 νόσω
1158 2579 1171 2617 ⁵
1186 2578 1259 2642 οὐθέν
1274 2582 1328 2639 ἐντι
1343 2581 1437 2657 μέσον,
1450 2582 1508 2641 οὐδὲ
1533 2584 1645 2661 ἀρεμίας
1666 2584 1711 2641 καί
1725 2583 1798 2641 κινοί-

236 2671 420 2751 [Simplicius
442 2672 478 2732 ad
500 2672 621 2732 Aristot.
646 2673 742 2748 Categ.
758 2672 778 2730 f.
799 2679 853 2739 εἴτε
876 2691 910 2742 a,
933 2690 970 2729 err
1020 2690 1091 2743 σιος,
1103 2668 1162 2727 οὐδὲ
1179 2668 1348 2749 ἐγρηγορότας
1362 2672 1407 2729 καί
1419 2669 1565 2744 θπνόοντος,
1579 2670 1637 2731 οὐδὲ
1653 2672 1739 2740 εὐθέος
1751 2672 1797 2730 καί

195 2760 329 2836 Archytae
341 2757 419 2818 libro
426 2760 486 2837 περὶ
502 2758 696 2835 ἀντικειμένων.
705 2759 796 2818 Posui
809 2778 816 2818 :
829 2779 841 2809 ε
852 2760 913 2818 ποτί
924 2784 966 2832 τις
1020 2754 1163 2833 sepelio,
1168 2756 1226 2817 οὐδὲ
1233 2766 1281 2814 τᾶν
1290 2758 1372 2815 ἀλλᾶν
1381 2758 1575 2818 ἐναντιστάτων.
1587 2760 1702 2819 Πολλῶο
1712 2757 1739 2817 δὲ
1749 2759 1794 2817 καί

196 2846 279 2905 codd.
290 2846 354 2923 πρός
363 2870 399 2907 τι.
410 2879 450 2892 -
459 2844 472 2881 ⁵
482 2845 600 2922 γίνηται,
612 2845 697 2905 codd.
711 2844 820 2925 γίνεται.
835 2857 893 2889 -θ
904 2846 974 2924 φθεί·
1021 2844 1101 2922 όλίγω
1111 2843 1207 2922 μεταξὺ
1220 2844 1251 2902 τὸ
1261 2842 1307 2902 καί
1315 2842 1385 2911 ὀξέος
1398 2844 1517 2925 μέτρων,
1532 2845 1577 2904 καί
1588 2847 1681 2926 βαρέος
1690 2846 1720 2905 cb
1734 2845 1797 2921 ὁμό-

196 2955 287 3013 ρηται;
301 2931 386 2995 codd.
403 2932 559 3013 φθείρεται.)
1021 2931 1166 3013 quemad
1176 2931 1269 3012 παχέος
1280 2930 1325 2991 καί
1334 2932 1477 3012 βραθέσςτὸ
1487 2933 1669 3014 ίσοταχές,κα“ι
1680 2932 1795 3012 μείζονος

237 3039 273 3079 as.
295 3022 356 3078 Τῶν
366 3019 393 3077 δὲ
405 3019 466 3078 ποτί
475 3027 521 3076 τι“
532 3020 566 3076 τά
580 3017 626 3096 μὲν
637 3019 799 3100 ἀντιστρέφει
811 3020 933 3088 ellatur
946 3021 973 3090 ἐξ
1021 3019 1066 3078 καὶ
1073 3025 1172 3096 μείονος
1184 3021 1213 3079 τὸ
1221 3018 1286 3079 ίσον.
1293 3021 1319 3080 Τ
1320 3022 1355 3076 ῶν
1365 3019 1469 3080 καθόλω
1479 3018 1526 3096 μέν
1540 3011 1576 3080 ῶν
1585 3017 1796 3080 έναντιοτάτων(1

200 3106 340 3184 ἑκατέρων,
349 3109 384 3172 ὥς
396 3107 426 3163 τὸ
437 3107 522 3183 μεῖζον
528 3104 573 3164 καί
586 3104 616 3164 τὸ
629 3115 700 3182 μεῖον
715 3105 796 3164 καὶτὸ
809 3106 918 3187 ἀδελφὸν
928 3108 973 3164 καί
1022 3111 1162 3184 ἀναγκαῖον
1176 3108 1239 3183 μίαν
1247 3099 1315 3181 ἦμεν
1325 3107 1386 3185 περὶ
1400 3107 1430 3166 τὸ
1440 3107 1601 3168 ἐπιδεκτικὸν
1619 3111 1710 3167 αιίτῑὶν·
1721 3102 1798 3166 αὗται

197 3192 227 3250 τὸ
241 3192 338 3268 ὅμοιον·
351 3190 418 3250 etti
428 3193 482 3270 ἔχει
493 3189 541 3268 μέν
556 3191 776 3271 ἀντιστροφάν,οθ
786 3189 836 3266 μθν
850 3192 876 3259 ἐξ
889 3195 974 3272 ἀμφο-
1022 3193 1050 3252 δὲ
1066 3195 1113 3251 σῦκ
1132 3193 1296 3272 ἐπιδέχονται
1320 3193 1412 3266 μέσον.
1439 3194 1547 3263 Μεταξὺ
1564 3195 1616 3276 γάρ
1638 3197 1737 3274 ὑγιείας
1753 3196 1799 3254 καὶ

198 3277 280 3359 τέρων
295 3301 324 3356 γε
340 3282 437 3358 μερῶν.
452 3279 525 3354 Ἀμα
538 3276 589 3356 γθιρ
605 3276 737 3353 έπιστιίμα
747 3279 851 3354 λέγεται
865 3281 903 3336 τῶ
916 3282 973 3336 ἐπι·
1021 3280 1114 3337 νόσωι
1131 3280 1203 3338 οὐδέν
1226 3289 1277 3338 ἕντι
1299 3278 1386 3352 μέσον·
1405 3281 1450 3338 καί
1469 3284 1611 3358 ἀναγκαῖον
1633 3289 1685 3339 πᾶν
1698 3285 1763 3360 ζῷον
1782 3281 1800 3352 ἢ

197 3369 286 3426 στατῶ
297 3366 342 3425 καί
353 3365 471 3434 αίσθασις
481 3365 493 3401 ¹³
503 3370 541 3425 τῶ
555 3367 685 3437 αίσθατῶ,
699 3366 728 3424 οὗ
737 3364 789 3441 μάν
801 3365 930 3425 ἀνάπαλιν
945 3364 975 3424 τό
1021 3365 1093 3426 νοσέν
1110 3367 1128 3437 ἢ
1142 3365 1254 3443 ὓγιαίνεν
1268 3364 1284 3403 ¹·
1301 3365 1360 3426 οὐδὲ
1374 3368 1539 3445 ἐγρηγόρσιος
1557 3367 1603 3426 καί
1624 3366 1697 3424 ὕπνω
1709 3378 1734 3440 ⁸,
1754 3367 1800 3426 καί

228 3587 267 3636 27.
285 3585 332 3636 Sed
348 3599 386 3635 res
405 3585 434 3635 nd
449 3577 537 3647 illqniu
556 3586 642 3636 relatas
664 3585 736 3635 simul
757 3582 814 3635 ori'rl
828 3588 899 3648 atque
912 3586 976 3637 occi·
1026 3587 1185 3649 clprocantor,
1197 3590 1225 3636 ut
1243 3587 1358 3638 similest
1372 3589 1575 3650 paretconsors;
1589 3600 1695 3650 namque
1709 3587 1757 3637 hoc
1769 3588 1800 3636 il·

198 3671 254 3721 dere
272 3684 369 3722 necesse
380 3676 429 3735 est;
440 3685 519 3736 neque
532 3673 595 3723 enirn
611 3672 660 3722 lieri
673 3677 760 3736 potest,
774 3677 801 3723 ul
812 3672 913 3737 duplum
925 3675 976 3738 qui·
1022 3672 1070 3722 llus
1085 3675 1164 3723 simite
1174 3675 1211 3724 est
1224 3679 1249 3724 et
1268 3687 1350 3724 rursus
1362 3673 1421 3724 illud
1433 3673 1505 3736 hujus
1520 3674 1598 3723 simile
1608 3673 1727 3734 habetor,
1740 3675 1800 3724 item

199 3758 254 3807 dem
264 3759 304 3820 sll,
314 3759 438 3809 dimidium
450 3773 507 3809 nero
519 3761 619 3821 nonsit,
638 3761 677 3812 vel
689 3765 718 3810 ut
736 3761 863 3810 dimidium
878 3761 977 3824 quidem
1023 3761 1069 3810 boc
1079 3761 1114 3810 illi
1125 3772 1176 3823 par,
1187 3760 1247 3810 illud
1257 3761 1331 3822 hujus
1342 3773 1453 3823 consors;
1463 3760 1510 3809 alia
1520 3761 1642 3823 utrimque
1650 3761 1800 3822 reciprocan-

199 3847 239 3908 slt,
258 3847 359 3911 duplum
373 3855 510 3899 autemnon
523 3848 569 3911 sit;
582 3863 611 3898 sc
626 3849 647 3898 si
664 3849 721 3912 quid
740 3849 884 3923 duplicatur,
906 3849 977 3899 simm
1022 3852 1072 3910 tur,
1084 3863 1133 3899 non
1147 3855 1227 3899 tamen
1236 3850 1384 3912 promisene;
1396 3849 1541 3912 quippeboc
1552 3849 1650 3912 quidem
1662 3849 1704 3898 illo
1713 3849 1801 3911 majus,

199 3935 271 3983 eliam
292 3934 443 3986 dimidiatum
459 3939 571 3999 apparet;
587 3937 646 3986 item
666 3937 687 3985 si
701 3935 800 3998 duplum
815 3938 889 3999 perit,
907 3935 978 3987 simul
1022 3936 1082 3986 illud
1098 3939 1179 3987 summ
1194 3937 1242 3986 lroc
1255 3938 1334 3987 minus
1345 3942 1395 4000 esl;
1411 3937 1469 3987 item
1484 3936 1523 3986 bic
1535 3935 1634 3999 quidem
1647 3936 1712 3986 illius
1723 3937 1800 3998 pater,

199 4023 224 4070 et
237 4020 365 4070 dimidium
382 4023 516 4072 necessario
530 4023 600 4083 perit.
1022 4025 1129 4074 illevero
1141 4024 1213 4086 huius
1225 4025 1289 4074 filius
1298 4030 1343 4075 est.

230 4112 270 4158 28.
280 4109 329 4158 iles
342 4108 373 4158 ad
385 4108 474 4171 aliquid
487 4110 567 4159 relatae
583 4108 670 4171 partim
690 4110 810 4172 utrimque
827 4111 978 4172 reciprocan-
1054 4120 1093 4163 ιε.
1106 4112 1213 4163 Sedlrrec
1226 4126 1322 4176 quoque
1333 4112 1443 4174 opposita
1452 4111 1593 4162 dividuntur
1602 4116 1627 4164 ln
1636 4112 1726 4161 formes
1739 4111 1802 4160 inter

198 4198 248 4258 tur,
266 4199 293 4246 ut
309 4195 388 4257 maius
400 4199 424 4245 el
433 4196 522 4258 minus,
535 4209 635 4246 consors,
648 4199 673 4246 et
684 4197 777 4257 simile;
793 4199 879 4260 partlm
890 4196 979 4246 habent
1023 4212 1050 4250 se
1061 4200 1200 4261 coniunctas
1208 4217 1217 4263 ;
1234 4200 1299 4263 quis
1308 4212 1388 4250 rerum
1407 4199 1583 4249 contrariarum
1601 4199 1655 4248 alias
1667 4199 1747 4248 medlo
1760 4211 1801 4246 ca·

199 4285 296 4348 quidem
312 4285 536 4348 reciprocationem,
556 4298 605 4334 nou
626 4286 706 4334 tamen
724 4285 755 4334 ab
778 4287 880 4348 utraque
899 4288 974 4348 parte.
1023 4289 1089 4345 rent,
1105 4287 1157 4336 aliae
1169 4287 1274 4336 medium
1282 4287 1397 4350 quiddam
1410 4287 1509 4338 habent.
1523 4287 1619 4337 Etenim
1635 4286 1697 4335 inter
1712 4285 1800 4334 sanita·

198 4373 274 4423 simol
288 4374 351 4423 enlm
363 4375 416 4423 tum
426 4373 526 4423 scientia
540 4373 627 4423 dieitur
638 4385 721 4422 rerum
733 4373 929 4435 incognitionem
940 4386 979 4422 ca·
1023 4376 1104 4424 temet
1114 4374 1226 4424 morbum
1237 4373 1296 4423 nllll
1310 4373 1417 4423 medinm
1427 4374 1580 4435 interjectum
1589 4379 1636 4436 est,
1646 4385 1726 4435 neque
1738 4373 1802 4420 luter

199 4459 316 4522 dentium,
328 4463 380 4511 tum
393 4473 477 4510 sensus
496 4473 576 4510 rerum
590 4460 739 4510 sensibilium
751 4473 821 4522 esse,
838 4463 979 4510 nontamen
1023 4461 1129 4524 quietem
1137 4465 1162 4511 el
1174 4462 1280 4522 motum,
1292 4474 1371 4523 neque
1380 4461 1443 4511 inter
1453 4461 1591 4523 vigilantem
1599 4465 1624 4510 et
1631 4459 1801 4518 dormientem,

199 4549 346 4600 econtrario
369 4561 417 4612 qua
439 4547 520 4598 resin
544 4548 703 4610 cognitionem
724 4548 838 4598 cadentes
861 4548 977 4610 scientim,
1023 4561 1101 4611 neque
1109 4548 1171 4598 inter
1184 4553 1277 4598 rectum
1288 4549 1312 4597 et
1322 4549 1462 4611 incurvum,
1475 4561 1553 4612 neque
1562 4549 1626 4598 inter
1633 4549 1732 4598 caeteras
1745 4559 1802 4594 con·

198 4649 246 4697 qna
262 4649 301 4686 res
318 4635 442 4686 sensibiles
452 4637 538 4685 senstls
550 4647 603 4686 esse
618 4636 742 4686 dicuntur.
762 4636 838 4699 cuius
854 4624 979 4686 relationis
1010 4625 1165 4687 'trarlelaten
1176 4638 1208 4684 At
1220 4635 1281 4685 inter
1290 4633 1400 4684 multaet
1411 4649 1487 4698 pauca
1502 4635 1654 4685 mediocriter
1675 4641 1720 4693 est,
1739 4635 1803 4682 later

198 4737 272 4774 causa
290 4725 341 4787 est,
354 4725 419 4787 quod
440 4738 516 4788 qnum
533 4739 572 4776 res
583 4723 722 4788 judicaodoe
740 4725 812 4775 eliam
826 4727 877 4776 sine
895 4726 979 4788 judice
1023 4706 1119 4772 acutum
1135 4724 1161 4772 et
1170 4735 1266 4784 gravem
1279 4735 1366 4771 sonum
1384 4724 1523 4785 concentus,
1538 4723 1600 4771 luter
1618 4721 1765 4772 celeritatem
1776 4722 1802 4770 et

198 4814 295 4863 exstare
311 4813 412 4876 possint,
425 4817 452 4863 ut
464 4827 502 4865 rea
515 4813 641 4863 sensibiles
656 4812 753 4864 sublato
771 4827 843 4864 sensu
861 4816 885 4864 et
904 4814 978 4864 resin
1022 4809 1161 4858 tarditatem
1169 4821 1213 4871 par
1220 4808 1342 4870 velocitas,
1353 4807 1456 4871 deniqne
1468 4809 1531 4858 inter
1543 4807 1622 4869 maius
1636 4807 1661 4856 et
1672 4806 1753 4854 miuus
1764 4811 1802 4854 est

103 4937 107 4946 .
199 4901 358 4962 cognitionem
371 4900 978 4963 cadentessublatascientla,1udexsinereJudi·
1023 4898 1124 4961 aequale.
1165 4897 1341 4948 universalium
1354 4897 1429 4960 igitur
1445 4897 1642 4946 contrarietatum
1661 4895 1801 4944 alterutram

199 4987 274 5036 canda
285 4990 378 5038 exstare
386 5001 432 5038 non
443 4991 531 5052 potest,
542 4991 569 5039 ut
579 5001 624 5039 nec
632 5001 718 5039 sensus
728 4990 779 5040 sine
787 5003 814 5040 re
822 4990 929 5040 sensibili
939 4989 978 5039 nel
1023 4999 1118 5037 occasa
1135 4988 1173 5036 est
1189 4987 1294 5049 ipsarum
1314 4999 1393 5035 rerum
1409 4998 1462 5035 esse
1476 4997 1604 5048 mparem3
1620 4984 1659 5033 ine
1675 4996 1732 5033 vero
1743 4981 1802 5031 illud

200 5073 361 5124 scientiasine
382 5089 407 5126 re
426 5075 451 5125 iu
470 5076 629 5137 cognitionem
649 5077 758 5128 cadente.
795 5081 882 5127 Eorum
898 5079 978 5127 nutem
1025 5078 1132 5127 medinm
1149 5091 1198 5128 non
1213 5077 1352 5128 admittunt.
1364 5077 1482 5128 Nimimm
1493 5075 1554 5126 inter
1563 5076 1689 5125 sanitatem
1699 5077 1724 5123 et
1737 5085 1803 5121 mor-

200 5175 254 5212 ooae
269 5163 389 5225 utrimque
404 5164 615 5226 reciprocationem
632 5165 724 5216 liabent
735 5165 782 5215 alia
795 5167 929 5228 qlromiscue
942 5180 980 5216 re·
1023 5167 1082 5216 bum
1091 5165 1151 5215 nillil
1163 5165 1269 5216 medium
1281 5163 1431 5225 interiectum
1445 5164 1492 5225 est,
1504 5175 1579 5227 quum
1590 5160 1724 5212 necessest!
1732 5172 1804 5208 omne
