3959 5925
627 419 880 481 hahohhcuts
899 420 1153 499 FRAGMENTA.
1631 439 1687 490 aet

131 573 167 613 ac.
191 550 269 617 Ἐπεί
284 550 313 610 δι’
325 574 389 611 ποτε
403 554 417 611 ό
431 549 588 626 Ἐπίκτητος
597 553 724 629 ἐπιτιμῶν
739 553 797 629 ἅμα
811 576 872 611 συν-
890 564 898 604 t
917 553 1006 633 ἄνδρες
1019 552 1136 625 Ἠλεῖοι,
1158 553 1195 632 μὴ
1219 554 1309 627 δόξητε
1334 556 1466 626 ὀνειδίζειν
1489 561 1540 625 τοῖς
1562 559 1696 639 προγόνοις

92 640 226 699 εόοόλευεν
248 642 320 717 αὐτῷ
342 639 486 720 ἄγαγίσθαι
498 648 610 716 γυναῖκα
624 640 669 699 καί
682 639 871 711 παιδοποιήσα·
917 645 1001 719 ὑμῶν,
1016 640 1055 701 ότι
1081 642 1148 719 μήτε
1176 642 1333 724 Σωκράτους
1357 643 1424 721 μήτε
1449 644 1582 719 Διογένους
1609 650 1695 706 εἰκόνα

90 733 168 801 σθαι,
183 750 220 807 πρ
222 724 292 784 ίπειν
311 724 364 805 γδρ
383 724 429 786 καὶ
446 730 522 784 τοῦτο
543 726 676 808 φιλοσόφῳ
696 728 743 785 ἀνθ
745 728 770 805 pi
785 728 871 835 ἕτερρν
917 729 1122 791 ἀνατεθείκασιν.

19 830 28 842 ‘
92 814 188 873 ἀνθ’
160 814 458 874 aucmentatum*
425 813 567 921 τηρθσει,
583 814 794 892 ἐλεγκτικώτατα
802 814 872 922 πρὸς
957 819 1113 898 (Lucianus
1129 820 1182 879 vit
1195 820 1363 881 Demonact.
1377 840 1403 877 c.
1421 821 1481 897 58.)

91 900 170 958 αὐτον
184 897 352 978 ἀπεκρίνατο,
364 890 511 973 οὗκοῦν,ω
525 900 681 979 Ἐπίκτητε,
696 900 737 969 δός
752 923 795 977 μοι
809 899 870 980 μίαν
954 926 993 967 at.
1015 904 1136 966 Ἤκουσα
1147 905 1175 965 δὲ
1187 910 1264 965 αὐτοῦ
1276 931 1340 968 ποτε
1354 907 1398 966 καὶ
1413 932 1476 987 προς
1490 933 1533 967 τον
1546 934 1597 968 των
1609 934 1695 987 νομων

91 995 142 1050 τῶν
158 1013 256 1048 σαυτου
239 988 430 1069 θυγατέρων.
915 992 1039 1074 ἔμπειρον
1053 1016 1136 1052 ταυτα
1155 992 1292 1072 λέγοντος,
1307 994 1348 1053 ότι
1362 997 1585 1056 κινδυνεύουσιν
1568 1021 1695 1078 αχρηστοι

130 1084 286 1159 (Lucienus
299 1083 353 1144 vit.
366 1083 535 1144 Demonaot.
552 1106 578 1147 c.
593 1085 651 1163 55.)
915 1072 980 1142 εἶναι
995 1082 1061 1141 oi'
1033 1104 1121 1159 νομοι,
1136 1082 1168 1141 ἄν
1182 1105 1210 1141 τε
1226 1092 1347 1162 πονηροῖς
1361 1082 1392 1142 ἄν
1406 1106 1434 1142 τε
1450 1086 1555 1161 ἀγαθοῖς
1571 1084 1694 1167 γροίρων-

128 1189 166 1232 οι.
189 1170 245 1230 Καὶ
260 1169 312 1247 μὴν
330 1169 376 1230 καί
393 1171 423 1230 τδ
442 1170 506 1249 πρὸς
520 1174 642 1250 Ἑρμῖνον
663 1173 707 1233 τὸν
723 1172 869 1252 Ἀριστοτε-
915 1192 974 1228 ται·
988 1172 1012 1227 οἱ
1036 1171 1084 1244 μὲν
1107 1170 1158 1249 γδρ
1181 1172 1210 1227 οὗ
1229 1168 1330 1229 δέονται
1353 1171 1450 1248 νόμων,
1465 1173 1489 1229 οἱ
1503 1170 1530 1229 δὲ
1546 1169 1596 1229 hard
1609 1172 1695 1249 νόμων

88 1258 162 1317 λικδν
177 1258 247 1326 ἄξιον
262 1262 508 1334 ἀπομνημονεῦσαι·
523 1258 598 1325 εἰδὼς
608 1258 659 1338 γδρ
674 1258 751 1317 αὐτὸν
766 1261 870 1336 παγκό·
914 1257 987 1317 οὐδὲν
1004 1258 1120 1335 βελτίους
1132 1257 1257 1336 γίνονται.

89 1368 178 1403 κιστον
204 1344 252 1422 μὲν
277 1345 340 1404 ὄντα
362 1345 409 1405 καὶ
431 1348 512 1425 μυρία
536 1346 606 1405 κακθ
627 1346 809 1425 ίργαζόμενον,
825 1348 868 1407 τὸν
957 1344 1113 1421 (Lucianus
1128 1346 1184 1405 vit.
1201 1346 1369 1405 Demonact.
1388 1367 1413 1406 c.
1432 1346 1493 1423 59.)

89 1433 272 1511 Ἀριστοτέλην
284 1435 312 1492 δὲ
326 1434 370 1493 διὰ
385 1434 515 1512 στόματος
530 1435 575 1493 καλ
589 1437 668 1496 αὐτοῦ
682 1437 728 1502 τὰς
742 1435 804 1495 δέκα
819 1458 869 1494 κα·
953 1452 989 1491 aa.
1014 1436 1072 1489 Τῶν
1088 1431 1114 1491 δὲ
1130 1431 1252 1511 Ὁμήρου
1267 1432 1363 1512 στίχοιν
1378 1434 1424 1491 ἕνα
1438 1425 1484 1509 ᾖδε
1499 1434 1628 1510 μάλιστα·

88 1521 211 1602 τηγορίας
225 1522 332 1602 ἔχοντα,
347 1522 475 1602 Ἑρμῖνε,
490 1524 557 1603 ἔρη,
573 1526 675 1595 ἀληθῶς
690 1524 758 1591 ἄξιος
772 1514 796 1581 εί
805 1524 868 1582 δέκα
944 1526 1047 1575 Κᾶτθαν’
1056 1529 1120 1589 ὁμῶς
1132 1526 1174 1575 ὅτ’
1186 1527 1265 1591 Ateii:
1275 1526 1331 1590 ἂνθρ
1343 1526 1356 1575 ὃ
1367 1544 1393 1576 τε
1403 1528 1479 1576 πολλὰ
1492 1529 1585 1591 lotitia·

88 1613 262 1686 κατηγοριῶν,
952 1606 1111 1681 (Lucienus
1127 1606 1362 1667 νὶε.1)εωοοαει.
1379 1628 1404 1667 o.
1422 1608 1468 1665 60.
1484 1608 1528 1666 Cf.
1544 1606 1626 1667 liiad.
1641 1606 1691 1680 ix,

131 1696 361 1775 (Lucianusvit
378 1698 580 1759 Demonacte
583 1698 668 1774 ‚sch
915 1695 995 1770 320.)

126 1804 162 1844 aa.
185 1783 328 1857 Ἀθηναίων
341 1783 565 1863 δσκεπτομενων
577 1785 645 1844 κατδι
660 1789 691 1857 Z*
692 1787 773 1843 λον
748 1809 792 1845 τον
805 1787 869 1867 πρὸς
952 1800 989 1839 ⁸⁰·
1013 1778 1125 1859 Ε’πῇνῑῑ
1147 1778 1273 1843 &mi
1249 1804 1293 1839 τον
1314 1781 1475 1859 inifi'ii
1461 1806 1495 1849 iit
1510 1781 1622 1842 Koarah
1635 1805 1693 1840 tttss

89 1872 239 1951 Κορινθίους
252 1872 468 1983 καταστηρασθαι
483 1872 543 1931 θέαν
560 1875 717 1985 μονομσίμων
735 1874 867 1954 προελθὼν
912 1866 1074 1946 δημηγόρον.

87 1960 169 2026 εἰς’
140 1958 249 2030 αυτούς,
268 1959 315 2031 hii
330 1960 468 2040 πρότερον,
489 1960 552 2041 ἔφη,
566 1966 663 2035 ταῦτα,
679 1987 701 2020 ω
721 1954 1178 2038 haevoisr,'iLucran11sv1t
1197 1957 1362 2014 Demonaci·
1377 1976 1403 2015 0·
1418 1954 1480 2034 61.)

87 2046 253 2125 ψηφίσησθε,
281 2046 313 2105 διν
340 2046 378 2124 μὴ
405 2053 452 2106 τοῦ
480 2048 620 2109 Ἐλέου
597 2074 641 2108 τον
669 2050 758 2128 βωμὸν
786 2050 866 2111 nati-
951 2062 990 2103 aa.
1014 2043 1174 2122 Ἐρωτηθείς
1188 2044 1216 2103 δέ
1232 2066 1309 2117 ποτε,
1322 2042 1360 2111 τίς
1375 2046 1445 2122 αὐτῷ
1460 2044 1565 2123 ἀρέσκοι
1580 2046 1631 2102 τῶν
1650 2067 1693 2124 ρι-

86 2135 159 2203 λητε.
910 2132 1041 2212 λοσόρὼν,
1055 2131 1117 2212 ἔφη,
1133 2131 1236 2199 Ποίντες
1257 2130 1305 2210 μίν
1328 2130 1484 2207 θαυμαστοί,
1504 2130 1555 2211 ἐγὼ
1578 2131 1605 2190 δὲ
1628 2134 1693 2192 Σο)-

125 2220 530 2296 (Lucianusvit.1)emonact,
546 2245 572 2283 c.
589 2223 647 2305 57.)
911 2218 1039 2297 κρότην
1034 2216 1081 2277 μὲν
1106 2218 1191 2296 σε’όω,
1210 2220 1335 2297 θαυμοίζω
1359 2189 1386 2278 δδ
1412 2217 1536 2298 Διογένην
1556 2218 1601 2278 καί
1625 2222 1692 2299 ριλίί

125 2328 163 2369 aa.
186 2308 261 2366 Επει
270 2310 297 2368 δὲ
306 2314 341 2376 εἰς
349 2310 501 2387 Ολυαπιαν
510 2312 573 2371 ποτὲ
583 2312 719 2372 ίλθοντι
690 2335 759 2371 suros
768 2312 866 2371 Ἠλεῖοι
913 2304 1091 2385 Ἀρίστιππον

86 2394 173 2454 εἰκόνα
189 2398 291 2476 χαλκῆν
307 2368 484 2478 direptoriam,
498 2402 636 2477 Μηδαμῶς
654 2423 732 2461 τουτο
741 2401 827 2480 ,ipim
842 2389 865 2459 ὦ
952 2400 1177 2477 (Lucianusvit.
1194 2402 1475 2476 Demonact.o.62.)

663 2548 669 2553 ,
764 2546 831 2551 .--.
884 2544 1069 2550 -——-—
1489 2546 1509 2550 .-
1534 2544 1686 2554 -.-...-.

85 2616 189 2665 tionibus
199 2617 377 2681 immorantem,
389 2620 452 2669 h'ihii
462 2624 506 2682 cst,
515 2620 601 2683 inquit,
611 2620 696 2670 claudo
707 2621 865 2683 Peripatetico
942 2625 981 2669 dt.
1000 2621 1081 2676 Quum
1092 2619 1226 2683 olympiam
1237 2619 1367 2683 aliquando
1377 2620 1480 2671 uenisset
1488 2622 1690 2685 ipsiquestatuam

85 2703 257 2766 impudentius.
910 2722 938 2756 ex
949 2720 999 2756 aere
1007 2708 1055 2757 Elei
1066 2707 1234 2771 decrevissent,
1245 2710 1401 2770 Nequaquam
1410 2708 1482 2767 istud,
1493 2710 1578 2770 inquit,
1590 2709 1688 2771 tucicha,

116 2801 156 2843 ott.
174 2798 255 2853 Quum
279 2799 406 2860 aliquando
429 2801 552 2863 Epictetus
576 2799 647 2848 mmai
676 2796 864 2861 reprehendendi
897 2785 973 2854 diei,
990 2807 1022 2844 na
1042 2794 1144 2856 maiores
1160 2796 1252 2845 vestros
1268 2795 1441 2858 reprehendere
1459 2794 1604 2855 rideamini,
1623 2794 1688 2859 quod

85 2883 166 2931 studio
178 2884 222 2945 ipsi
237 2885 362 2946 suaderet,
374 2890 402 2937 ut
413 2901 514 2937 uxorem
525 2887 624 2936 duceret
635 2888 659 2935 et
671 2886 757 2935 liberos
769 2897 864 2947 procre-
909 2896 987 2945 neque
997 2883 1088 2932 Socrati
1102 2896 1178 2941 necue
1190 2884 1288 2945 Diogeni
1300 2884 1402 2935 statuam
1415 2886 1554 2944 posueruut.

32 2955 37 2965 '
84 2970 208 3030 aret,quia
227 2972 394 3035 philosophum
404 2976 476 3023 etiarn
494 2975 632 3024 cortreniret
643 2987 688 3022 suc
701 2975 752 3022 icco
763 2973 863 3022 atterum
940 2975 979 3021 iii.
999 2973 1083 3033 Ipsum
1098 2972 1169 3021 eiiam
1190 2971 1243 3021 haec
1262 2973 1383 3036 quondam
1400 2973 1461 3034 juris
1479 2973 1554 3036 perito
1567 2972 1688 3023 dicentem

86 3060 178 3107 naturae
200 3058 345 3121 relinquere,
365 3063 514 3123 argutissime
530 3063 551 3110 ei
572 3063 692 3124 respondit
714 3081 720 3112 ι
743 3066 781 3111 Do
805 3059 863 3108 mihi
908 3059 1004 3118 audiri,
1021 3059 1098 3108 videri
1115 3059 1212 3109 inutiles
1232 3073 1285 3110 asse
1306 3060 1382 3122 teges,
1396 3061 1448 3110 sire
1469 3059 1537 3110 maiis
1553 3059 1689 3109 hominibus

85 3144 165 3206 igitur,
175 3148 295 3207 Epictete,
308 3161 380 3197 ranam
395 3153 490 3199 tuarum
505 3150 617 3199 hiiarum.
909 3152 1071 3197 scrmerentur
1084 3149 1134 3199 sire
1143 3149 1220 3198 bonis.
1253 3150 1347 3198 Etenim
1361 3149 1385 3198 hi
1400 3151 1529 3210 nonageni
1543 3145 1643 3210 iegibus,
1655 3146 1688 3196 iiii

115 3239 154 3280 dt.
175 3233 232 3282 iliud
253 3237 325 3284 etiam
338 3243 472 3286 memoratu
484 3237 645 3300 dignumst
658 3239 862 3300 quoiierminum
909 3236 1002 3297 iegibus
1018 3237 1092 3286 nihilo
1107 3237 1217 3287 mehores
1229 3237 1296 3286 iiunt

85 3321 255 3372 Aristoteieum
268 3325 368 3374 notarit.
386 3326 481 3375 Etenim
493 3340 567 3389 quum
578 3326 649 3376 serrat
659 3327 730 3376 istoru
742 3325 862 3375 hommem
939 3330 977 3373 65
996 3329 1075 3375 Unrrm
1094 3326 1244 3388 potissimum
1258 3327 1354 3377 Homeri
1371 3325 1515 3374 versiculum
1533 3322 1686 3374 celebrabat:

84 3420 188 3468 nequam
202 3423 256 3460 esse
272 3412 361 3481 atqrre‘
354 3426 480 3463 innumera
493 3414 582 3476 flagitia
595 3415 738 3476 admittere,
749 3395 905 3465 Aristote-

85 3494 131 3543 tem
145 3509 203 3545 vero
212 3497 399 3560 ejusguadeeem
407 3502 555 3563 categorias·
548 3517 572 3551 m
583 3517 625 3552 oro
636 3503 732 3562 habere,
741 3504 861 3563 Hormine,

84 3581 169 3642 rnqrrrt,
177 3583 261 3633 decem
269 3589 393 3648 categoriis
401 3589 626 3652 (aarosotiooious)
635 3602 717 3640 revera
726 3589 814 3651 diguus
825 3603 860 3640 es.
940 3589 979 3634 ⁶6·
998 3583 1121 3632 Laudabat
1136 3597 1193 3634 '0¹⁰
1203 3585 1275 3633 eiiam
1292 3583 1431 3644 ΤΙΙθῐὸῑῑθῑΙι
1441 3583 1555 3644 *inim
1569 3577 1686 3641 cinicuffl

117 3675 155 3718 62.
174 3670 357 3723 Atheniensibus
384 3675 511 3737 aliquando
536 3676 757 3738 qaod·c0rinthios
775 3677 861 3727 imitari
907 3670 1028 3733 quendam
1042 3672 1245 3720 concionatorem·

85 3757 172 3806 vehent
183 3758 214 3807 de
227 3760 394 3810 constituendo
405 3761 564 3823 gladiatorum
577 3765 713 3826 spectaculo
728 3763 861 3813 consultan-
938 3765 976 3809 ii.
995 3761 1158 3819 Interrogatus
1178 3759 1320 3820 aliquando,
1338 3758 1393 3820 quis
1417 3756 1462 3819 ipsi
1488 3768 1516 3804 ex
1538 3753 1686 3818 phiiosophis
1708 3753 1713 3766 ‘

85 3847 158 3906 tihus,
173 3846 195 3894 in
206 3848 344 3896 concionem
357 3849 444 3910 prodiit
454 3851 577 3899 Demonax
592 3863 629 3911 ac,
638 3853 673 3899 h'e
688 3851 762 3912 prius,
774 3850 860 3912 iuqrrit,
907 3847 1024 3910 placeret,
1038 3849 1128 3895 Omnes
1140 3846 1237 3907 quidem
1246 3882 1254 3907 ,
1264 3846 1353 3908 inquit,
1363 3844 1521 3894 admiratione
1536 3843 1601 3906 digni
1615 3845 1685 3902 snut,

84 3933 248 3996 Athenienses,
268 3934 322 3985 iraec
341 3936 488 3999 decernatis,
509 3950 583 4000 quam
605 3937 775 3987 Misericordia
795 3950 861 3985 aram
906 3948 951 3995 ego
962 3935 1043 3982 autern
1059 3934 1257 3996 Socratcmcoio,
1270 3934 1400 3997 Diogenem
1413 3931 1526 3994 admiror,
1539 3932 1685 3994 Aristippum

83 4022 257 4073 subvertentis.
906 4035 969 4071 amo.

934 3459 1044 3506 Strenuus
1052 3466 1076 3508 et
1088 3463 1220 3518 segnitiam
1230 3464 1363 3509 moriuntur
1375 3461 1461 3508 eodem.
