3959 5925
238 458 276 509 oo
860 438 1209 520 eurntoonnonum

236 581 279 638 roo
287 579 362 655 λόγον
369 579 415 636 οὐκ
423 566 488 635 εἶναι
499 572 685 654 συμπλήρωμα
696 574 724 631 ιθ
735 574 808 639 τέλος
822 574 849 630 ἐκ
861 576 913 631 τῶν
924 596 1013 647 σωμα-
1059 567 1284 647 τολιγωρήσαντας
1299 566 1458 647 ἁμαρτάνειν
1473 569 1588 647 φανερῶς
1599 567 1660 646 περί
1670 592 1697 626 τε
1707 566 1753 635 τὰς
1766 568 1837 643 sipi·
1906 606 1910 613 ·

191 690 192 695 ¹
236 670 314 726 τικῶν
333 666 378 725 καὶ
396 668 489 723 ἐκτῶν
510 663 601 731 ἔξωθεν
623 666 738 737 ἀγαθῶν,
754 660 856 720 οὐδὲτὸ
873 660 1012 739 τυγχάνειν
1059 681 1112 725 σεις
1123 662 1175 716 τῶν
1186 660 1306 734 ἀγαθῶν,
1320 656 1365 714 καὶ
1379 656 1425 721 τὰς
1442 655 1524 733 φυγὰς
1538 661 1590 715 τῶν
1608 661 1706 729 κακῶν,
1722 658 1837 738 καὶπερὶ

236 758 331 825 αὐτῶν,
353 752 420 812 ἀλλὰ
435 754 534 829 μᾶλλον
545 750 575 809 τθ
590 753 648 808 κατ’
671 749 765 828 ἀρετὴν
780 753 826 819 ζῆν
841 751 867 805 ἐν
882 758 934 813 τοῖς
951 748 1013 829 περὶ
1058 747 1106 817 τὴν
1121 750 1212 815 κτῆσιν
1224 746 1270 805 καὶ
1285 745 1345 825 περὶ
1359 743 1407 815 τὴν
1423 750 1519 823 χρῆσιν
1534 748 1585 802 τῶν
1605 747 1726 821 ιἰγαθῶν,
1742 748 1837 821 θμολο·

235 848 314 919 σῶμα
325 842 370 901 καί
382 849 435 907 τοῖς
448 838 538 910 ἔξωθεν
549 842 655 915 σἰγαθοῖς
668 836 685 909 ἢ
700 848 780 897 πᾶσιν
790 837 807 907 ἢ
819 845 872 901 τοῖς
882 836 1013 902 πλείστοις
1059 833 1191 912 γυυμίνως
1204 856 1232 891 τε
1247 833 1450 911 διασράλλεσθαι
1463 832 1524 911 περὶ
1536 831 1584 909 μὲν
1594 832 1641 904 τὴν
1654 832 1754 912 αἵρεσιν
1767 834 1840 913 παρὰ

235 932 280 993 καί
291 929 468 1007 κυριωτάταις.
479 924 561 988 Ὅθεν
572 926 701 1007 ἐνέργειαν
712 916 777 985 ε’ίναι
786 914 833 997 πλην
846 924 1013 999 εὐδαιμονίαν
1059 922 1106 990 τὴν
1119 922 1214 999 κρίσιν,
1225 920 1284 1000 περὶ
1292 920 1318 977 δὲ
1328 919 1375 991 τὴν
1383 923 1474 990 κτῆσιν
1481 918 1554 1000 παρὰ
1567 919 1609 978 τὸν
1622 921 1728 998 τρόπον,
1740 922 1800 1001 περὶ
1812 908 1838 980 d}

235 1018 293 1078 κατ’
307 1002 400 1098 είρττὴν
416 1020 442 1076 ἐν
457 1015 567 1094 πράξεσι
585 1013 792 1094 προηγουμέναις
805 1016 864 1073 κατ’
876 1014 963 1093 εὐχήν·
980 1013 1014 1071 τὰ
1059 1010 1107 1079 τὴν
1116 1015 1210 1089 χρῆσιν
1225 1006 1299 1086 παρὰ
1313 1008 1359 1079 τὴν
1375 1008 1499 1085 οἰμαθίαν.
1516 1006 1595 1087 Παρθι
1612 1008 1658 1082 μὲν
1672 998 1717 1067 οὐν
1734 1008 1781 1079 τὴν
1797 1009 1838 1066 αἵ-

234 1106 262 1166 dl
275 1105 335 1185 tropi
347 1108 425 1182 σῶμα
442 1104 488 1164 καὶ
502 1104 541 1165 τά
553 1103 644 1172 ἔξωθεν
658 1102 744 1182 ἀγαθά
758 1100 881 1173 ποιητικὰ
893 1104 1013 1179 λέγεσθαι
1061 1120 1129 1176 ρεσιν
1139 1096 1307 1176 ἁμαρτάνειν,
1317 1095 1378 1154 ὅταν
1390 1096 1420 1155 τὸ
1434 1096 1496 1171 μηδ’
1517 1096 1584 1162 ὅλως
1593 1094 1621 1155 θν
1636 1098 1732 1173 ἀγαθὸν
1750 1101 1841 1177 αἱρῶν·

233 1200 279 1266 τῆς
300 1192 479 1269 εὐδαιμονίας,
501 1196 539 1271 τῷ
562 1179 757 1263 συμὸοίλλεσθαί
778 1214 803 1248 τι
825 1188 940 1267 παρόντα
959 1188 1011 1248 ²³⁸.
1059 1208 1118 1255 ται,
1135 1182 1153 1255 ἢ
1169 1184 1199 1242 τὸ
1212 1175 1289 1255 ἦττον
1300 1183 1469 1263 σφοδρότερον
1480 1181 1556 1254 iibri.
1568 1186 1655 1243 Τοῦτο
1669 1181 1696 1240 δὲ
1712 1183 1840 1262 περίτούς

233 1282 292 1349 τοὺς
307 1284 334 1341 δὲ
347 1280 498 1355 νομίζοντας
513 1280 580 1340 αὐτὰ
601 1282 769 1358 συμπληροῦν
784 1276 832 1349 τὴν
847 1276 1013 1352 εὐδαιμονίαν
1059 1273 1197 1339 πλείστους
1205 1272 1339 1351 ὑπάρχειν,
1357 1272 1387 1329 τὸ
1399 1272 1446 1348 μὲν
1457 1273 1559 1343 ἡθύτού
1570 1270 1754 1352 συμφέροντος,
1768 1271 1798 1331 τίι
1812 1271 1839 1329 δὲ

234 1374 354 1446 ἀγνοεῖν,
369 1367 409 1427 ὅτι
424 1373 441 1439 ἡ
458 1367 505 1445 μίν
519 1368 669 1443 εὐδαιμονία
682 1366 735 1443 βίος
755 1365 823 1426 ίστίν
834 1408 841 1435 ,
854 1369 866 1423 θ
879 1364 906 1423 δὲ
919 1364 974 1442 βίος
983 1366 1013 1422 lx
1061 1360 1192 1441 συμφέρον
1206 1366 1251 1419 τοῦ
1265 1362 1345 1420 καλοῦ
1361 1362 1556 1439 προκρίναντας,
1566 1361 1612 1418 καὶ
1622 1364 1668 1430 τῆς
1679 1362 1763 1439 ὁρμῆς
1776 1360 1840 1433 άμί·

234 1457 351 1533 πράξεως
361 1456 599 1534 συμπεπλήρωται.
616 1455 678 1515 Τῶν
689 1451 716 1511 it
731 1455 888 1527 σωματικῶν
902 1452 946 1510 καὶ
959 1454 1011 1508 τῶν
1060 1471 1127 1527 τρως
1137 1453 1372 1528 πραεκφοιτῶντας.
1395 1447 1475 1527 Παρίι
1486 1445 1513 1505 δὲ
1522 1446 1570 1519 τὴν
1581 1451 1688 1523 κτῆσιν,
1698 1445 1761 1504 ὅταν
1773 1447 1840 1523 μήτε

233 1546 305 1613 ίκτὸς
320 1548 423 1624 ἀγαθῶν
436 1542 507 1603 οὐδὲν
524 1540 583 1601 οὔτε
597 1540 690 1621 πρᾶξιν
702 1530 769 1598 εἶναι
780 1541 837 1599 καθ’
851 1540 945 1605 ἑαυτά,
959 1539 1013 1599 οὐθ’
1060 1536 1132 1612 ὅθεν,
1146 1536 1208 1611 μήθ’
1229 1535 1316 1607 ὅπως,
1342 1538 1404 1613 μήτ’
1420 1535 1460 1615 ἐφ’
1481 1534 1539 1595 ὅσον
1560 1534 1613 1615 χρὴ
1631 1539 1841 1613 περιποιεῖσθαι,

233 1632 453 1713 ὅλωςένίργειαν.
495 1628 602 1691 Τούτων
614 1628 645 1699 δὴ
659 1632 750 1685 τοῦτον
760 1626 804 1683 τὸν
814 1626 890 1702 λόγον
900 1626 1014 1703 ἐχόντων
1060 1629 1144 1683 ταῦτα
1169 1625 1378 1702 προδιαλάύωσι.
1423 1622 1504 1702 Παρὰ
1524 1622 1551 1681 dl
1572 1622 1619 1693 τὴν
1645 1626 1758 1701 χρῆσιν,
1783 1621 1840 1681 ἐπεὶ

233 1720 299 1793 ἥτε
314 1718 447 1798 εὐεργεσία
462 1717 620 1788 συστήσεται
629 1713 1014 1793 ,καὶὴχάρις,καίὴεὐχα·
1061 1721 1133 1770 πᾶσα
1155 1711 1285 1791 χρῆσιςῆ
1312 1710 1374 1793 πρὸς
1390 1714 1472 1783 αὐτὴν
1497 1709 1552 1790 ἔχει
1573 1714 1621 1781 τὴν
1645 1710 1793 1791 ἀναφοράν,
1822 1709 1839 1781 ἢ

235 1809 321 1889 ριστία
331 1809 376 1867 καὶ
388 1805 569 1887 φιλανθρωπία
582 1803 627 1862 καὶ
637 1800 785 1881 φιλοτεκνία
794 1800 1014 1881 καίφιλαδελφία,
1060 1800 1124 1880 πρὸς
1136 1799 1236 1880 ἕτερον,
1250 1802 1277 1857 ἐν
1292 1797 1339 1875 μίν
1352 1804 1384 1879 τῇ
1398 1799 1462 1879 πρὸς
1477 1798 1590 1870 ίαυτιίν,
1606 1797 1668 1857 ὅταν
1676 1798 1714 1875 μὴ
1727 1800 1842 1879 προσφί-

233 1897 279 1957 sni
294 1895 356 1975 πρὸς
369 1893 476 1959 ταύταις
488 1891 541 1951 ὅτε
557 1890 710 1970 φιλόπατρις
720 1934 729 1963 ,
740 1888 784 1947 καὶ
794 1888 957 1970 φιλοπάτωρ,
968 1888 1014 1945 καὶ
1063 1912 1160 1968 ρωντοιι
1178 1895 1231 1954 τοῖς
1245 1886 1384 1967 πράγμασι
1399 1888 1564 1967 συμμέτρως·
1580 1889 1606 1945 ίν
1618 1887 1646 1945 δὲ
1659 1891 1692 1965 τῇ
1706 1889 1769 1967 πρὸς
1784 1886 1842 1945 ἕτε-

234 1986 389 2067 φιλοικεῖας,
404 1980 450 2041 καλ
471 1980 540 2040 κατά
553 1980 583 2038 τὸ
603 1982 735 2058 προσῆκον
756 1977 810 2047 ἥτ’
826 1976 1013 2047 εὐκοινωνησία
1062 2000 1118 2055 ρον,
1134 1974 1196 2035 ὅταν
1210 1974 1241 2035 σύ
1254 1979 1313 2034 κατ’
1328 1975 1401 2044 αἰξίαν
1413 1976 1450 2052 μὴ
1466 1976 1615 2057 φυλάττοντι
1631 1982 1675 2033 τοῦ
1690 1977 1841 2054 πρέποντος.

235 2074 280 2131 καί
295 2078 311 2145 ἡ
326 2069 485 2141 adversandi
499 2066 676 2148 ἡφιλία,καί
692 2070 708 2137 ἡ
724 2064 814 2135 ἰσότης
827 2066 1014 2135 καὶὴδικαια·
1061 2067 1095 2125 Εὐ
1121 2064 1148 2123 δὲ
1170 2065 1231 2143 περὶ
1252 2063 1318 2123 αὐτὰ
1344 2064 1538 2144 ἁμαρτάνουσιν
1560 2069 1584 2123 ol
1608 2067 1718 2144 φαῦλοι,
1732 2064 1794 2143 περὶ
1808 2065 1842 2123 τὰ

234 2159 317 2231 σύνη,
329 2158 375 2219 καλ
386 2168 436 2225 πᾶς
450 2162 464 2217 ὁ
478 2160 528 2233 τῶν
544 2158 643 2236 ἀρετῶν
658 2160 724 2221 θεῖος
737 2152 830 2233 χορός,
849 2144 947 2219 αὐτοὺς
970 2175 1017 2210 κα·
1065 2152 1170 2211 ἐναντία
1182 2152 1286 2220 πάντως
1294 2157 1463 2232 κατορθοῦσιν
1476 2156 1500 2211 ol
1512 2154 1661 2225 σπουδαῖοι,
1674 2152 1841 2229 καθηγεμόνα

234 2433 352 2483 bonorum
369 2442 455 2492 genera
469 2431 518 2478 sint
536 2441 578 2492 per
598 2441 624 2477 se
643 2426 791 2489 expetenda,
812 2438 868 2488 qtrse
886 2425 949 2474 oiroa
965 2425 1015 2474 enl-
1061 2426 1152 2489 aliquid
1161 2427 1300 2486 conterant,
1319 2428 1340 2475 si
1353 2426 1446 2487 adsint3
1460 2426 1501 2488 qui
1517 2428 1597 2477 ιυιειιι
1613 2426 1841 2477 erednntiiiisoolr·
1898 2426 1904 2432 ”

235 2534 316 2579 orum,
338 2518 401 2567 uiros
419 2529 507 2577 corpus
524 2528 553 2564 ao
573 2515 636 2565 eirea
659 2516 758 2564 etiarm
780 2516 923 2573 seruolum
947 2512 1017 2573 longe
1064 2517 1180 2563 sommari
1201 2514 1353 2577 felicitatem,
1366 2528 1409 2564 eos
1430 2513 1538 2574 nescire,
1550 2514 1689 2563 felicitatem
1703 2500 1773 2563 sitam
1787 2527 1842 2565 esse

234 2610 316 2657 tamen
341 2604 487 2669 praeterendo
514 2616 566 2654 esse
586 2602 681 2653 eoloris
704 2601 777 2651 animi
803 2600 880 2659 bona,
901 2600 1015 2662 orioniam
1061 2603 1086 2651 in
1099 2601 1363 2663 ritedegenda,riiam
1377 2600 1708 2652 rerooonatareactionibos.
1723 2602 1841 2651 celerum

232 2697 330 2745 enimus
351 2694 403 2757 ipse
422 2695 491 2755 louge
509 2692 613 2741 nobilior
632 2692 663 2740 sit
683 2693 708 2741 et
726 2688 822 2753 corpori
841 2687 1016 2751 proterendos.
1062 2690 1171 2752 eorporis
1184 2690 1303 2739 bonorum
1313 2692 1339 2739 et
1348 2692 1505 2739 externorum
1513 2688 1572 2737 nibil
1582 2702 1660 2751 neque
1669 2689 1787 2738 sobonem
1800 2703 1842 2752 per

235 2786 340 2845 apparel
368 2781 440 2845 igitur
464 2780 570 2842 corporis
595 2778 727 2828 virtutibus
755 2779 781 2827 el
809 2776 913 2827 exieritis
943 2775 1017 2824 animi
1061 2790 1088 2827 aa
1102 2791 1168 2841 esse,
1182 2790 1261 2840 neque
1275 2778 1374 2827 omnino
1387 2777 1544 2827 iuocdooem.
1576 2781 1723 2839 Quaequum
1737 2776 1771 2826 ila
1784 2777 1841 2838 sini,

236 2871 337 2921 uirtotos
357 2867 524 2932 praenotandis
543 2880 596 2917 esso
610 2880 639 2915 ao
658 2866 768 2915 similiter
785 2864 815 2914 iis
827 2868 956 2927 praesiare3
973 2862 1015 2913 sod
1062 2864 1217 2914 beneficentia
1232 2864 1337 2927 prodibit
1352 2866 1378 2913 et
1392 2863 1468 2927 graiis
1482 2865 1507 2914 ei
1523 2863 1654 2913 memorio
1670 2863 1842 2913 benemeritos

225 2958 378 3018 ‚ceterarum
390 2956 461 3004 etiam
475 2954 591 3003 virtutum
603 2952 683 3002 studio
699 2954 810 3003 tenentur
825 2951 950 3012 immines,
966 2951 1016 3015 pri·
1061 2952 1157 3002 minua
1170 2954 1196 3003 et
1209 2952 1361 3013 humanitas,
1375 2966 1446 3015 porro
1459 2951 1590 3002 liberorum
1606 2955 1632 3001 el
1648 2952 1748 3001 iratruro
1764 2964 1841 3013 amor,

235 3057 303 3092 mom
317 3042 435 3104 quod-per
448 3053 474 3090 se
484 3040 626 3102 expetendae
637 3039 694 3102 sint,
708 3043 761 3089 ium
772 3039 837 3102 quod
851 3039 977 3089 utilitatem
992 3039 1016 3087 ln
1061 3053 1107 3090 nee
1119 3054 1167 3089 non
1178 3041 1275 3103 patrie,
1292 3046 1439 3105 pareutum,
1455 3041 1553 3093 tarniiie
1567 3041 1666 3103 mritss,
1682 3043 1804 3104 praeterea,
1815 3044 1843 3091 ut

236 3132 286 3179 ulta
302 3143 349 3178 non
369 3128 526 3178 miotrsolrlli
539 3130 564 3178 ei
583 3127 721 3188 communi,
737 3139 810 3189 quam
831 3126 1018 3190 contemplativa
1061 3128 1141 3189 deoet,
1156 3129 1265 3190 comitas,
1279 3128 1455 3190 benevolentia,
1471 3128 1589 3191 amolita,
1606 3128 1724 3190 equitas,
1736 3129 1841 3191 institia,

237 3217 348 3266 atterant.
361 3215 461 3266 Dednirl
476 3207 540 3266 enim
550 3216 625 3264 vitam
637 3215 770 3264 notionibus
784 3214 897 3264 uirilibus
909 3218 1015 3264 etoom·
1061 3218 1182 3276 matrone
1194 3215 1321 3264 universus
1342 3193 1383 3264 ilie
1402 3215 1498 3264 diuinus
1517 3215 1633 3264 uirtutum
1655 3215 1752 3275 eliorus,
1769 3227 1841 3277 quem

235 3305 351 3355 munibus
362 3303 597 3366 eleontemplaliais,
610 3315 744 3365 quomnon
755 3301 834 3351 sitsul
846 3301 1017 3352 umansuirins
1062 3303 1102 3364 qul
1114 3301 1237 3364 negligunt
1248 3302 1293 3351 laos
1309 3315 1357 3350 non
1378 3301 1455 3363 magis
1470 3301 1496 3349 in
1516 3301 1659 3363 expetendis
1674 3301 1746 3351 bonis
1763 3309 1788 3352 ei
1807 3303 1843 3352 iu·

236 3393 371 3442 seeundum
384 3392 446 3440 bano
458 3393 557 3451 sociam,
569 3392 610 3440 sed
621 3389 789 3440 communisei
800 3389 886 3440 oirilis.
901 3389 943 3439 ilis
956 3401 1016 3438 oon·
1060 3387 1152 3450 giendis
1168 3389 1237 3437 malis
1250 3401 1324 3451 quam
1335 3389 1361 3437 in
1372 3388 1552 3451 eomparsiione
1565 3391 1589 3438 et
1599 3403 1643 3438 uso
1656 3389 1775 3438 bonorum
1790 3403 1842 3451 pse·

240 3479 362 3529 renienier
386 3477 536 3527 mansionem
559 3490 655 3539 qooqrre
676 3477 702 3526 ln
720 3475 771 3527 ulta
791 3475 885 3526 deliniri
907 3488 1016 3525 oommu·
1061 3488 1116 3526 care
1129 3480 1296 3540 apertomest,
1310 3471 1430 3540 siqnidem
1442 3481 1539 3527 onustat
1552 3491 1596 3527 eos
1610 3481 1665 3528 lom
1687 3479 1711 3528 ln
1724 3479 1843 3530 electione

236 3567 318 3627 nibus,
330 3565 450 3627 uirilibus,
460 3564 565 3628 donique
576 3564 769 3627 contemplativis
779 3565 923 3624 actionibus,
934 3565 962 3612 ei
975 3575 1016 3612 ex·
1065 3565 1184 3615 bonomm
1204 3566 1304 3629 judicio,
1319 3569 1371 3616 ium
1385 3567 1410 3616 in
1423 3567 1602 3628 competitione
1613 3579 1698 3616 eorum
1710 3567 1803 3617 ratione
1818 3572 1844 3618 et

235 3668 332 3705 nassum
349 3654 425 3704 erite
443 3653 579 3703 contrariis.
632 3655 713 3710 Quum
732 3652 795 3702 enirn
809 3654 922 3703 virtulem
942 3663 1016 3700 onam
1061 3654 1150 3715 modo,
1165 3654 1191 3704 iu
1205 3667 1250 3704 usu
1264 3653 1370 3717 deniqne
1381 3639 1711 3716 moerentialabi.ilquein
1726 3650 1843 3706 electione

236 3743 345 3791 omnium
352 3742 457 3791 menime
467 3741 512 3790 sibi
519 3739 669 3791 consiliatam
678 3740 852 3800 essediximus,
862 3739 1017 3803 perspicuum
1062 3742 1161 3806 quidem
1173 3742 1316 3805 delinquere
1328 3757 1371 3793 eos
1382 3743 1536 3806 perspicuum
1555 3745 1606 3804 esi,
1627 3754 1702 3802 ouum
1717 3742 1755 3792 rel
1776 3743 1840 3806 quod

236 3831 284 3888 est,
296 3828 432 3878 necessario
445 3841 498 3877 eam
506 3833 592 3878 nature
604 3829 633 3878 ad
650 3829 757 3879 veritalis
770 3829 933 3891 ongnliionem
943 3826 1015 3886 terri,
1062 3834 1248 3898 irsndqmquam
1257 3835 1350 3884 imum
1363 3837 1400 3884 ως
1412 3834 1514 3896 etigunt,
1527 3832 1564 3883 vei
1576 3832 1643 3895 quod
1652 3833 1757 3883 deterius
1771 3832 1841 3884 hm.

238 3917 272 3964 ita
282 3920 309 3964 ui
321 3918 373 3964 turn
383 3916 531 3979 sapientibus
546 3917 700 3990 probabilise
715 3917 764 3966 site
772 3929 886 3966 excessus
896 3915 1015 3975 videatur,
1060 3924 1102 3972 tur
1115 3922 1186 3984 panto
1195 3923 1360 3973 ramnum
1370 3923 1502 3984 expetunt,
1521 3922 1576 3970 νιος
1587 3920 1650 3971 enim
1665 3919 1787 3983 pluitque
1797 3934 1841 3970 η.
1928 3941 1931 3944 -

236 4009 289 4056 iortr
309 4007 389 4069 pravis
409 4007 549 4057 iromlnlbus
564 4007 695 4071 probabilis
707 4007 732 4056 ln
744 4008 793 4057 uita
807 4009 917 4071 mansio;
940 4006 1014 4055 nimi·
1062 4009 1142 4059 cidere
1153 4010 1195 4072 oiri
1206 4009 1340 4072 ineundum
1352 4010 1405 4060 utili
1417 4010 1462 4058 eni
1475 4008 1534 4058 utile
1546 4009 1647 4058 bonosio
1660 4008 1793 4071 praeterunt
1804 4013 1841 4058 si·

236 4107 290 4144 rrtrn
305 4095 346 4156 oui
364 4095 536 4144 eommunibus
557 4095 692 4146 anfionibus
714 4107 816 4156 sanare,
835 4084 859 4145 ii
877 4097 1018 4161 reipublicae
1062 4098 1149 4160 qinein
1167 4099 1304 4160 appetendo
1321 4096 1562 4147 modumexoedunt.
1601 4098 1630 4146 io
1644 4096 1756 4158 parandis
1771 4095 1842 4146 bonis

236 4181 440 4231 administratione
454 4183 543 4232 versari
555 4186 579 4233 el
595 4197 675 4234 rerum
689 4184 945 4247 contemplationeirui
959 4201 1016 4250 pos·
1061 4189 1246 4249 autem,qoum
1267 4199 1314 4235 neo
1332 4189 1409 4245 unde,
1428 4197 1473 4235 oen
1494 4198 1544 4247 quo
1558 4186 1644 4247 paolo,
1666 4186 1841 4246 neoqoeienus

179 4263 182 4270 “
236 4269 371 4330 sunt,sire
385 4268 500 4319 boniniri
514 4271 562 4320 sint
577 4271 755 4332 atremsii,bis
771 4270 1017 4334 probabilemessein
1062 4275 1166 4336 paranda
1176 4275 1313 4336 sistentes
1324 4274 1462 4336 dijmiioeot.
1475 4276 1505 4324 iu
1516 4287 1561 4324 usu
1576 4273 1686 4336 denique,
1696 4287 1773 4336 ouum
1783 4274 1841 4336 quia

238 4356 286 4406 rita
302 4355 466 4420 mansionem,
489 4359 532 4418 oui
554 4372 601 4408 non
618 4359 725 4423 possint,
743 4360 790 4408 iilis
803 4361 952 4423 probabilem
964 4377 1018 4414 esee
1061 4363 1141 4412 omnis
1158 4376 1217 4412 usus
1238 4363 1276 4412 rel
1290 4363 1410 4426 adipsum
1423 4363 1525 4412 retertur
1536 4361 1575 4412 sei
1588 4361 1620 4411 ed
1630 4361 1715 4425 alium,
1730 4360 1755 4409 in
1769 4363 1841 4423 priori

236 4459 251 4496 a
267 4447 316 4496 rita
329 4447 472 4499 discessum.
490 4451 570 4507 Quum
583 4453 664 4500 sotem
672 4463 759 4513 magna
772 4451 804 4500 sii
818 4451 917 4502 virtutis
935 4455 963 4503 ut
977 4466 1016 4503 re·
1060 4463 1147 4512 genere
1157 4453 1225 4500 extra
1238 4451 1336 4501 modom
1351 4450 1424 4500 rebus
1435 4449 1543 4510 student,
1557 4450 1583 4498 ln
1597 4450 1734 4513 posteriori,
1747 4463 1791 4513 pro
1803 4463 1841 4500 re·

237 4547 291 4584 rum
304 4535 435 4586 effectriois
453 4539 532 4598 siper
547 4549 574 4588 so
587 4538 730 4601 expetendo
748 4538 903 4600 excelientia,
915 4554 969 4604 qua
985 4541 1018 4590 si·
1064 4553 1117 4588 rum
1132 4538 1249 4601 dignitate
1260 4540 1378 4590 denorum
1394 4552 1444 4588 nnn
1460 4541 1566 4589 serram.
1593 4542 1650 4588 iem
1666 4539 1753 4589 verosi
1768 4538 1793 4587 io
1804 4539 1840 4587 bis

237 4629 288 4674 mut
301 4627 409 4689 corporis
422 4626 492 4678 bonis
507 4628 579 4678 simul
591 4629 696 4678 externis
707 4629 818 4692 superior
836 4633 883 4691 eal,
904 4632 1019 4682 ooorenit
1063 4628 1166 4694 impmbi
1179 4634 1289 4693 poseant,
1311 4630 1337 4680 ln
1349 4630 1422 4681 rebus
1433 4630 1560 4680 eontrariis
1574 4631 1673 4679 omnino
1681 4635 1747 4680 reete
1758 4643 1785 4679 se
1798 4643 1837 4692 gn

238 4711 311 4764 linem
331 4714 350 4763 i.
367 4729 389 4765 s·
404 4715 540 4766 ieiioiiaiam
561 4729 610 4766 non
622 4715 715 4779 impleri
734 4717 839 4779 eorporis
853 4717 922 4767 bonis
939 4724 1017 4769 sies·
1062 4721 1120 4768 runt
1130 4718 1325 4782 bomioesprnbi,
1335 4719 1378 4781 qui
1386 4719 1510 4769 notionum
1520 4731 1620 4769 suarum
1630 4717 1716 4768 donam
1726 4717 1842 4768 rirlmem

238 4799 332 4862 tornis,
344 4815 425 4864 neque
438 4817 523 4854 eorum
547 4803 700 4868 adeptionem
715 4818 768 4856 esse
782 4805 863 4866 tineos,
879 4805 920 4856 sod
938 4809 1018 4869 potina
1062 4810 1204 4870 sequuntur.
1221 4811 1331 4869 itemque
1344 4808 1452 4856 omnium
1466 4808 1586 4857 sirleto·
1600 4818 1730 4856 oommnne
1745 4805 1841 4856 ridetur

237 4883 314 4934 ritum
326 4885 427 4938 ltonastn
437 4890 515 4938 aelam
526 4889 551 4940 in
560 4891 667 4954 eorporis
682 4895 886 4955 arianorumque
898 4894 1018 4944 bonorum
1062 4908 1115 4945 osse
1128 4895 1258 4956 iodicium,
1274 4895 1411 4945 οοειιιιιυοίσ
1424 4895 1497 4945 eiiam
1509 4895 1595 4946 alentio
1607 4897 1633 4944 al
1644 4894 1715 4944 aelio.
1746 4893 1843 4956 Quippe

238 4972 277 5020 ael
289 4973 398 5023 omniurn
410 4975 450 5025 vel
463 4976 633 5042 plerorumque
641 4981 667 5027 et
678 4980 853 5042 praeeipoorum
862 4979 1017 5031 annuimus.
1063 4997 1143 5048 neque
1155 4984 1283 5047 judicium,
1292 4997 1372 5046 nequa
1386 4983 1522 5044 oonsilium,
1534 4995 1612 5044 neone
1622 4981 1742 5032 astionem
1750 4982 1778 5031 in
1789 4983 1841 5029 vir·

239 5060 322 5116 Quare
334 5062 472 5115 lelloitaiem
487 5078 540 5117 assa
556 5067 705 5118 lunationem
720 5069 858 5128 lindesiam,
873 5083 928 5133 quan
952 5069 976 5120 in
988 5083 1016 5121 a·
1063 5075 1116 5124 inte
1136 5071 1280 5136 desiderari,
1298 5075 1456 5123 rmmiamen
1469 5071 1634 5135 pmdeotism,
1646 5084 1721 5133 qiittm
1733 5068 1841 5132 primum

238 5148 359 5200 etionibos
372 5165 401 5200 ax
414 5155 530 5203 εειιιεαιίε
540 5156 724 5208 snmadenb'bns
734 5165 858 5221 versatum
872 5162 898 5210 at
908 5161 1018 5224 eorporis
1062 5162 1132 5225 quasi
1146 5163 1226 5212 insum
1239 5161 1361 5221 obtineat,
1376 5161 1463 5211 donem
1483 5173 1537 5210 esse
1553 5161 1578 5209 ei
1590 5169 1677 5209 eorum
1689 5172 1745 5221 que
1758 5163 1800 5222 per
1814 5172 1841 5209 ee

239 5235 301 5291 ioue
314 5241 338 5288 ei
351 5241 450 5290 externa
469 5241 621 5294 beatitudinis
629 5245 756 5297 sidolouiie
766 5247 812 5298 dici
821 5285 828 5310 ,
838 5250 902 5311 quod
917 5251 946 5300 ed
962 5264 1016 5302 earn
1065 5255 1086 5301 et
1099 5265 1154 5314 qoae
1166 5253 1263 5315 propter
1277 5253 1377 5300 αειειεε
1388 5250 1425 5299 rei
1435 5247 1544 5310 eligenda
1557 5248 1656 5298 siniret
1669 5247 1790 5310 inplenda,
1802 5246 1839 5295 vel
