3959 5925
451 456 620 531 EJUSQUE
640 454 854 517 DlSClPULlS
874 456 922 515 ET
942 456 1255 521 successoribus

1546 482 1659 526 xxxvii

86 600 133 665 nis,
145 592 189 651 sed
201 589 372 669 reipublicae
386 608 472 647 eausa
494 590 571 664 leges
587 586 757 657 civitatibus
771 586 833 645 suis
880 586 968 647 liheri
979 608 996 647 e
1007 591 1106 667 priore
1118 611 1209 649 uxore
1223 593 1349 669 suscepti
1364 594 1395 649 in
1410 612 1542 651 novercae
1557 595 1658 654 odium

84 682 304 755 conscripserunt.
322 704 335 731 ι
351 680 387 736 At
401 677 531 735 omnium
545 678 670 735 maxime
690 695 832 734 memora-

85 772 168 830 rabilis
179 769 255 826 locus
269 779 313 825 est
325 766 378 824 tib.
394 764 438 824 lll
455 784 519 844 cap.
543 785 573 837 a,
591 763 643 822 ubi
662 764 723 821 haee
736 765 836 839 legun-

83 874 139 916 tur:
156 884 167 909 r
181 853 394 929 hlagistratihus
407 854 498 929 igitur
514 872 591 930 opus¹
603 865 646 911 est
665 874 671 909 2
684 854 747 911 sine
760 872 833 929 quo-

84 966 138 1004 rum
159 943 304 1023 prudentia
328 962 361 1000 ac
385 940 535 1017 diligentia
559 960 622 999 esse
647 940 751 998 civitas
776 960 834 999 non

82 1045 173 1110 potest,
179 1048 351 1107 quorumque
357 1027 552 1104 descriptione
561 1028 656 1085 omnis
669 1026 837 1105 reipublicae

83 1119 223 1176 moderatio
234 1118 409 1175 continetur.
429 1114 529 1190 Neque
543 1113 636 1171 solum
650 1113 687 1170 iis
701 1115 837 1190 praescri·

83 1206 178 1264 bendus
192 1218 232 1263 est
245 1202 427 1281 imperandi,
442 1201 585 1260 sedetiam
604 1200 719 1259 civibus
730 1204 836 1258 obtem·

81 1294 184 1373 parandi
196 1294 307 1351 modus.
324 1291 395 1349 Nam
409 1303 437 1348 et
449 1288 586 1367 quibene
601 1290 725 1366 imperat
738 1306 838 1367 parue-

83 1386 113 1441 rit
125 1382 269 1459 aliquando
287 1399 405 1439 necesse
418 1392 478 1449 est,
501 1391 530 1437 et
543 1379 595 1456 qui
608 1377 735 1435 modeste
754 1392 838 1454 paret

80 1472 188 1544 ridetur,
213 1471 266 1547 qui
290 1467 449 1544 aliquando
477 1467 601 1543 imperet
632 1466 739 1541 dignus
764 1486 835 1529 esse.

82 1559 164 1637 ltaque
187 1570 303 1636 oportet
327 1569 358 1614 et
383 1576 449 1614 eum
475 1556 527 1631 qui
551 1568 633 1633 paret
659 1572 791 1631 sperare,
807 1574 837 1613 se

81 1648 161 1723 aliquo
174 1660 303 1723 tempore
325 1645 551 1721 imperaturum,
565 1655 592 1700 et
607 1641 692 1699 illum
708 1644 759 1719 qui
776 1643 835 1699 irn-

81 1747 147 1809 perat
159 1734 293 1807 cogitare,
309 1730 394 1788 brevi
414 1742 543 1807 tempore
559 1728 618 1787 sihi
642 1747 705 1787 esse
729 1748 832 1807 paren·

80 1820 144 1877 dum.
174 1821 226 1880 Nec
264 1838 334 1877 vero
363 1818 475 1893 solum,
502 1832 533 1874 ut
562 1817 750 1893 obtemperent
773 1821 836 1875 obe·

80 1912 189 1985 dicetque
203 1911 428 1983 magistratibus,
454 1910 606 1963 sedetiam
628 1920 658 1962 ut
676 1926 722 1962 eos
744 1910 838 1963 colant

74 1999 226 2072 diligamque
240 1994 478 2074 praescribimus,
493 2008 527 2052 ut
540 1994 708 2052 Charondas
723 1994 754 2051 in
775 1994 835 2052 suis

83 2082 134 2138 lecit
145 2082 263 2156 legibus.
278 2109 291 2135 ι
308 2082 364 2139 llic
379 2100 464 2138 nemo
479 2079 630 2138 dubitabit
644 2080 718 2156 quin
732 2079 836 2137 ultima

81 2172 237 2228 consentiant
265 2189 332 2227 curn
351 2168 426 2246 ipsis
447 2167 609 2226 Charondae
631 2166 733 2225 verbis
757 2169 835 2245 apud

78 2256 198 2316 Stobeum
210 2258 292 2317 Flor.
309 2254 410 2329 XLIV,
426 2263 462 2322 lo
479 2253 551 2334 εχρὴ
567 2254 595 2312 δὲ
617 2254 662 2312 καί
677 2254 743 2333 πρδς
762 2253 837 2323 τοὺς

78 2344 220 2422 ἄρχοντας
263 2345 405 2405 εὔνοιαν
451 2342 698 2423 διαφυλάττειν
732 2342 836 2402 καθό·

76 2454 124 2509 περ
144 2433 312 2513 πατράσιν
340 2434 580 2515 εθπειθοῦντας
605 2428 665 2487 καί
689 2428 835 2506 ceduul-

75 2542 143 2585 νους·
158 2524 213 2586 ὡςδ
226 2520 267 2597 μὴ
280 2518 462 2595 διανοούμενος
483 2516 551 2575 ούτω
565 2516 632 2574 τίσει
654 2515 730 2589 δίκην
750 2522 834 2589 κακῆς

74 2610 152 2681 lculi<
161 2608 281 2685 δαίμοσιν
295 2606 449 2685 ἑστιούχοις.
461 2600 600 2683 Ἄρχοντες
610 2602 661 2682 γὰρ
673 2604 837 2682 ἐστιουχοῦαι

72 2696 156 2761 πόλεως
164 2695 207 2753 καί
213 2698 330 2753 πολιτῶν
339 2691 479 2767 σωτηρίας.
491 2690 602 2760 Quodsi
616 2702 724 2747 certum
733 2706 775 2749 est
786 2692 836 2749 ci-

70 2804 186 2842 ceronem
197 2805 234 2843 ex
249 2782 353 2841 eodern
370 2780 449 2839 fonte
466 2778 619 2847 hausisse,
637 2798 653 2835 e
669 2797 726 2855 quo
741 2778 835 2854 legum

70 2871 151 2945 rapite
164 2872 240 2948 apud
258 2870 442 2940 Diodorum,
463 2866 663 2941 Plutarchum,
686 2865 831 2924 Stohaeum

68 2955 220 3030 duxerunt,
245 2958 415 3034 neutiquam
443 2955 616 3014 assentimur
646 2952 777 3030 bentlejo
804 2956 835 3012 in

66 3047 213 3123 opusculis
224 3047 407 3125 philologieis
416 3066 446 3123 p.
461 3043 591 3100 δότ-363
602 3041 647 3100 ed.
656 3041 737 3118 hips.
745 3044 836 3102 variis

65 3133 225 3192 rationibus
235 3147 321 3211 atque
331 3133 506 3208 argumentis
516 3131 621 3188 docere
636 3129 765 3199 conanti,
782 3139 835 3187 n'ec

64 3223 448 3300 Thurinorumdisciplinam
461 3217 574 3295 legibus
588 3219 733 3276 asmictam
746 3237 835 3276 essea

65 3309 203 3376 Charonda
220 3330 320 3389 neque
330 3311 399 3369 illas
410 3329 475 3387 quae
486 3328 503 3366 a
516 3305 698 3382 gravissimis
712 3307 838 3364 auetori-

63 3397 110 3457 bus
121 3403 267 3460 memoriae
288 3400 415 3479 proditae
430 3411 496 3456 sunt
508 3398 585 3472 leges
602 3417 657 3474 pro
672 3394 835 3453 Catinensis

64 3487 218 3568 philosophi
238 3488 493 3568 praeceptionibus
523 3479 609 3562 posse
633 3482 752 3552 haberi,
785 3483 834 3540 sed

60 3595 149 3635 omnes
159 3579 285 3636 aliorum
303 3576 433 3651 ingeniis
447 3583 576 3651 acceptas
589 3570 702 3629 referri.
718 3569 832 3627 Etenim

62 3665 183 3738 ‹quaruris
207 3665 342 3741 diligens
373 3663 405 3719 in
432 3659 620 3737 exquirendis
651 3655 832 3734 temporibus

59 3770 113 3809 esse
127 3754 265 3826 voluerit,
282 3766 385 3810 tameo
398 3749 450 3807 has
459 3748 536 3824 leges
548 3746 585 3804 ab
597 3746 664 3803 aliis
674 3743 836 3802 Charondae

61 3843 210 3916 suppositas
229 3861 299 3900 esse
324 3859 382 3897 non
408 3835 626 3896 demonstravit.
651 3833 747 3902 Quum
765 3851 836 3890 vero

58 3947 130 3985 nemo
145 3943 254 4007 praeter
268 3929 422 3986 Stobaeum
440 3921 602 3999 simplicem
616 3920 712 3995 legum
734 3919 836 3977 latoris

55 4019 200 4076 orationem
223 4022 371 4075 intactam
387 4011 557 4089 reliquerit,
573 4008 624 4066 sed
645 4009 741 4065 eaeteri
761 4007 835 4066 scri·

54 4118 142 4180 ptores
156 4107 220 4184 ejus
234 4106 364 4164 decreta
378 4102 439 4160 suis
460 4097 560 4157 verbis
581 4096 761 4166 ornaverint,
781 4095 834 4153 de·

56 4193 204 4267 leoderint,
219 4189 468 4272 explicaverint:
486 4183 596 4263 placuit
610 4183 682 4241 mihi
705 4183 770 4259 ejus
788 4185 834 4240 le-

53 4299 94 4354 ges
101 4283 205 4342 omissa
213 4281 303 4340 omni
314 4277 512 4352 explicatione
518 4272 638 4349 carptim
646 4270 835 4348 perscribere.

85 4370 298 4445 Primumflaal
315 4365 414 4424 noluit
427 4378 600 4439 quemquam
615 4371 683 4435 post
702 4357 837 4432 conjugis

54 4471 160 4518 nonem
191 4461 310 4518 iterum
340 4449 558 4510 matrimonium
582 4445 767 4516 eontrahere‚
796 4463 832 4501 ne

51 4645 97 4706 βίας.
108 4646 150 4698 'ur
162 4649 215 4705 ἑνδς
233 4644 354 4696 εἰπόντος
369 4639 462 4701 «νόμον
476 4637 632 4690 καταλιλυκας
646 4633 685 4683 τὸν
696 4634 770 4691 ίδιον,
782 4651 795 4675 r.
805 4649 844 4692 μαΙ
859 4670 861 4701 ,

49 4718 86 4777 Δί,
93 4721 161 4782 εἶπεν,
171 4719 235 4768 ἀλλὰ
246 4717 338 4777 κύριον
348 4710 450 4765 ποιήσω·
463 4728 475 4751 ν
487 4709 528 4756 καί
541 4705 690 4768 πασάμενος
698 4705 724 4752 ιδ
742 4702 835 4763 ξιφίδιον
859 4712 861 4762 l

51 4793 118 4838 έαιισν
125 4791 272 4852 ἀπέσφαξεν.
279 4787 364 4834 Ἔνιοι
374 4782 399 4829 δὲ
406 4785 451 4828 τῶν
457 4779 607 4842 συγγραφέων
615 4776 655 4833 τὴν
661 4775 742 4838 πρᾶξιν
752 4773 837 4830 ταύτην
859 4765 861 4857 ἰ

49 4863 174 4922 περιτιθέασι
187 4860 296 4910 Διοκλεῖ
305 4857 346 4912 τῷ
358 4848 521 4912 Συρακουσίων
529 4847 652 4908 νομοθέτῃ.
667 4874 699 4885 -
713 4843 762 4904 (22)
779 4842 834 4891 Dio·
859 4880 861 4919 ρ

50 4931 109 4980 dirus
124 4931 225 4982 Siculus
241 4927 289 4976 lib.
319 4923 369 4972 XII
391 4933 443 4982 cap.
466 4924 494 4966 ll
519 4937 525 4965 ι
552 4915 703 4978 πρῶτονμὲν
723 4913 767 4975 γὰρ
790 4915 837 4966 τοῖς
859 4958 860 4981 ρ

49 5003 144 5062 menis
154 4998 328 5062 ἐπαγομένοις
340 4992 401 5041 κατὰ
409 4997 456 5039 τῶν
468 4989 532 5038 ίδίων
541 4989 627 5036 τέκνων
635 4987 702 5044 ἔθηκε
711 4984 837 5046 πρόστιμον
859 4991 861 5045 i

48 5071 103 5132 τομή
116 5070 224 5135 γίνεσθαι
235 5064 399 5130 σαμὸαίλυνς
415 5060 509 5114 τούτους
522 5063 551 5120 τῇ
561 5057 661 5120 πατρίδι,
675 5055 772 5115 νομίζων
786 5053 837 5106 τοὺς
859 5093 861 5119 Ι

49 5151 113 5200 ιαπῶς
121 5147 234 5209 περὶτῶν
246 5139 330 5188 ἰδίων
339 5134 425 5181 τέκνων
437 5129 634 5194 βουλευσαμένους
644 5127 688 5188 καὶΔ
695 5124 837 5185 συμδούλους

50 5215 119 5272 tarci:
134 5215 236 5267 ἔσεσθαι
255 5213 290 5272 τῇ
308 5201 413 5267 πατρίδι·
431 5203 473 5263 ἔφη
493 5199 536 5263 γὰρ
549 5198 602 5254 τοὺς
625 5197 666 5260 μὲν
687 5201 777 5257 πρῶτον
793 5193 836 5253 γή-
860 5242 861 5269 ,

48 5299 119 5344 “wc
131 5291 172 5337 καί
183 5279 362 5344 lucendum
375 5271 422 5320 δεῖν
439 5272 605 5333 εὑημεροῦντας
619 5265 769 5325 καταπαύειν,
784 5263 837 5318 τοὺς
859 5295 862 5311 .

881 679 1079 754 pervenirent,
1107 692 1186 737 ratus
1208 698 1296 737 unam
1324 700 1444 738 uxorem
1468 682 1531 739 sire
1551 681 1658 742 bonam

881 764 943 823 sive
956 766 1059 822 malam
1073 778 1101 822 et
1115 766 1240 841 singulis
1250 766 1324 824 viris
1334 767 1468 825 sufficere
1481 780 1509 825 et
1519 769 1659 845 conjuga·

881 851 959 911 libus
974 854 1032 914 diis
1045 852 1175 931 probari.
1191 855 1249 924 Qui
1261 875 1333 913 vero
1352 857 1457 914 iterum
1478 856 1658 917 connubium

881 938 1005 1012 iniisset,
1021 961 1099 1012 eum,
1122 955 1154 999 ut
1174 942 1335 1003 liberorum
1350 963 1470 1002 suorum
1494 946 1658 1008 rationibus

882 1030 1026 1100 alienum,
1051 1030 1203 1104 iudignum
1230 1032 1373 1105 judicavit
1398 1033 1449 1109 qui
1478 1032 1524 1089 vel
1546 1033 1656 1110 publici

881 1118 997 1175 consilli
1010 1117 1174 1175 moderator
1188 1131 1262 1176 esset
1276 1120 1322 1177 vel
1335 1120 1370 1177 ad
1387 1120 1611 1179 consultationes
1624 1122 1659 1179 de

881 1206 968 1265 rebus
983 1206 1166 1282 grauissimis
1182 1205 1380 1266 adhiberetur.
1396 1208 1508 1266 Deinde
1526 1210 1584 1285 (αδ)
1605 1210 1653 1268 de·

882 1294 987 1353 latores
1003 1295 1055 1371 qui
1071 1292 1216 1352 calumnia
1231 1293 1415 1352 condemnati
1438 1309 1534 1353 essent
1548 1300 1657 1374 myrica

882 1382 1033 1440 redimitos
1046 1382 1181 1441 incedere
1194 1380 1303 1457 jussit,
1316 1395 1347 1439 ut
1356 1382 1389 1439 in
1402 1384 1532 1441 omnium
1547 1385 1658 1444 civium
1736 1425 1741 1433 ·

881 1470 975 1527 oculis
991 1469 1194 1547 improbitatis
1212 1470 1336 1546 palmam
1356 1468 1502 1546 accepisse
1521 1470 1646 1529 videren

882 1570 944 1630 τοις
962 1559 994 1616 id
1003 1560 1084 1634 quod
1099 1558 1205 1615 multos
1225 1556 1408 1621 contumeliae
1430 1551 1658 1633 magnitudinem

882 1666 940 1703 non
956 1647 1079 1705 serentes
1100 1646 1234 1717 induxit,
1250 1659 1281 1702 ut
1304 1663 1407 1701 manus
1428 1642 1487 1701 sibi
1507 1643 1658 1701 inferrent.

881 1735 946 1804 Quo
962 1734 1036 1792 lacto
1050 1734 1194 1791 delatores
1209 1732 1245 1790 de
1264 1731 1360 1789 medio
1373 1730 1482 1789 sublati
1494 1744 1562 1790 sunt
1585 1731 1658 1789 civi-

881 1836 981 1899 tasque
989 1822 1096 1880 talibus
1106 1820 1247 1879 molestiis
1262 1819 1487 1894 liberataviguit
1497 1838 1530 1875 ac
1544 1817 1656 1877 lloruit.

882 1896 1050 1987 Sed'qnum
1077 1927 1237 1986 pravorum
1265 1907 1418 1966 hominurn
1446 1904 1660 1964 consuetudine

880 1994 974 2054 honos
998 2015 1092 2054 mores
1114 2015 1242 2073 persaepe
1271 1994 1422 2071 corrumpi
1441 1993 1572 2065 videret,
1598 2011 1657 2049 non

882 2084 969 2141 modo
983 2084 1015 2141 in
1026 2082 1077 2159 jus
1091 2084 1240 2141 vocandos
1253 2101 1316 2141 esse
1330 2082 1443 2139 censuit
1452 2081 1535 2139 viros
1549 2077 1659 2158 probos

881 2172 933 2246 qui
945 2191 1010 2230 eum
1023 2171 1167 2247 improbis
1177 2170 1382 2229 commercium
1394 2167 1545 2238 haberent,
1556 2184 1658 2224 verum

881 2258 966 2314 etiam
982 2249 1086 2333 graves
1101 2278 1201 2335 poenas
1214 2258 1365 2315 constituit
1378 2257 1410 2314 in
1427 2274 1478 2313 eos
1497 2254 1548 2331 qui
1561 2254 1660 2311 homi·

881 2344 968 2403 nibus
983 2345 1108 2422 impuris
1124 2366 1158 2403 ae
1178 2345 1326 2402 sceleratis
1350 2343 1535 2401 familiariter
1556 2342 1600 2399 uti
1625 2361 1660 2399 ac

880 2432 1048 2510 delinquere
1059 2434 1152 2510 parati
1166 2444 1271 2492 essent.
1286 2430 1361 2487 Tum
1376 2430 1531 2507 praecepit,
1548 2429 1611 2506 (at.)
1628 2442 1661 2488 ut

881 2537 980 2576 omnes
1000 2517 1110 2577 civium
1124 2518 1179 2576 lilii
1191 2518 1302 2575 litteras
1316 2515 1462 2574 discerent
1483 2528 1512 2573 et
1526 2515 1659 2574 honestis

880 2712 905 2761 δέ
916 2711 1075 2775 ἀποτυχόντος
1084 2719 1119 2775 τῷ
1127 2713 1196 2776 γάμῳ
1207 2716 1247 2762 καί
1256 2714 1324 2762 πάλιν
1333 2713 1357 2761 ίν
1366 2718 1414 2767 τοῖς
1427 2712 1504 2771 αὐτοῖς
1514 2710 1657 2774 ἁμαρτάνον-

880 2799 920 2837 τας
930 2782 1027 2844 deposce
1033 2783 1079 2830 δεῖν
1089 2782 1300 2845 ύπολαμύοίνεσθαι.
1310 2810 1340 2823 -
1352 2780 1401 2842 (23)
1412 2780 1482 2830 Idem
1491 2781 1508 2828 l.
1520 2793 1542 2829 e.
1553 2800 1559 2827 ι
1573 2780 1627 2836 τοὺς
1638 2777 1660 2829 δ’

880 2853 918 2901 ἐπὶ
930 2853 1073 2915 συκοφαντία
1086 2856 1291 2915 καταγνωσθέντας
1303 2854 1430 2915 προσέταξα
1446 2856 1579 2914 περιπατεῖν
1592 2852 1658 2901 ἐστε-

881 2923 1029 2987 φανωμένους
1042 2923 1137 2986 μυρίκη,
1148 2924 1212 2980 ὅπως
1228 2926 1251 2972 ἐν
1268 2928 1327 2972 πᾶσι
1341 2926 1390 2979 τοῖς
1410 2921 1515 2978 πολίταις
1534 2921 1659 2984 φαίνωνται

880 2996 907 3042 τδ
918 2998 1031 3058 πρωτεῖον
1045 2999 1085 3051 τῆς
1095 2993 1206 3058 πονηρίας
1218 2995 1431 3056 περιπεποιημένοι.
1444 2994 1486 3043 Διὸ
1498 2993 1540 3041 καί
1546 3010 1609 3049 τινας
1621 2993 1663 3042 ἐντί-

880 3067 956 3128 τούτῳ
971 3070 1006 3127 τῷ
1020 3066 1146 3126 ἐγκλήματι
1159 3065 1369 3120 καταδικασθέντας
1378 3065 1404 3112 τδ
1415 3065 1509 3126 μέγεθος
1518 3069 1559 3122 τῆς
1570 3064 1659 3126 ύόριως

880 3138 924 3187 οὐκ
939 3135 1074 3196 ἐνεγκόντας
1085 3134 1198 3189 θκουσίως
1207 3135 1302 3189 ἐαυτυίνς
1317 3135 1343 3181 ἐκ
1362 3139 1404 3182 τοῦ
1416 3138 1456 3192 ζῆν
1468 3139 1621 3196 μεταστῆσαι·
1632 3133 1660 3183 οὗ

880 3205 1067 3274 συντελεσθέντος
1076 3205 1221 3272 ,ἐφυγαδεύθη
1237 3209 1282 3259 πᾶς
1294 3204 1321 3252 ἐκ
1332 3209 1372 3262 τῆς
1380 3204 1469 3258 πόλεως
1481 3205 1495 3252 d
1507 3209 1660 3267 συκοφαντεῖν

881 3277 977 3336 εἰωθώς,
990 3277 1030 3324 καὶ
1042 3275 1070 3324 τό
1082 3276 1210 3336 πολίτευμα
1224 3274 1338 3337 μακάριον
1357 3274 1406 3336 εἶχε
1425 3274 1476 3335 βίον
1492 3279 1533 3331 τῆς
1553 3275 1660 3331 τοιαύτης

879 3349 963 3401 κακίας
973 3346 1157 3407 ἀπηλλαγμένον.
1169 3345 1273 3406 Ἔγραψε
1293 3345 1317 3392 δέ
1337 3345 1350 3391 δ
1366 3343 1492 3406 Χαρώνδας
1505 3343 1545 3390 καί
1557 3344 1608 3405 περί
1620 3348 1661 3400 τῆς

881 3415 1022 3481 κακομιλίας
1034 3416 1104 3478 νόμον
1125 3416 1292 3476 ἐξηλλαγμένον
1306 3415 1345 3461 καί
1363 3420 1410 3469 τοῖς
1430 3414 1506 3467 ἄλλοις
1526 3413 1660 3472 νομοθέταις

880 3489 1069 3552 παρεωραμένον.
1079 3487 1217 3536 Ὑπολαόὼν
1226 3486 1271 3546 γὰρ
1277 3484 1331 3537 τοὺς
1343 3483 1442 3542 ἀγαθούς
1451 3483 1533 3543 ἄνδρας
1543 3479 1614 3528 ἐνίοτε
1622 3481 1660 3527 δια

880 3560 922 3616 τὴν
932 3560 987 3622 πρὸς
1003 3558 1056 3613 τοὺς
1067 3556 1182 3617 πονηροὺς
1198 3555 1273 3614 φιλίαν
1285 3555 1326 3601 καὶ
1342 3553 1465 3610 συνήθειαν
1482 3551 1659 3611 διαστρέφεσθαι

881 3629 911 3679 τὰ
920 3632 965 3690 ἤθη
974 3631 1031 3693 πρὸς
1038 3629 1132 3690 κακίαν,
1145 3628 1185 3675 καὶ
1195 3627 1237 3683 τὴν
1245 3625 1376 3685 φαυλότητα
1386 3624 1489 3682 καθάπερ
1502 3620 1611 3681 λοιμικὴν
1624 3619 1660 3667 νόν

881 3717 923 3749 σον
936 3701 1083 3762 ἐπινέμεσθαι
1099 3699 1138 3747 τόν
1151 3697 1201 3760 βίον
1218 3700 1264 3742 τῶν
1279 3695 1405 3756 ἀνθρώπων
1420 3694 1461 3740 καί
1473 3694 1604 3738 νυσοποιεῖν
1619 3689 1661 3746 τὰς

880 3770 957 3832 ψυχὰς
966 3775 1013 3818 τῶν
1025 3769 1135 3830 ἀρίστων·
1148 3765 1274 3820 καντοίντης
1282 3765 1326 3826 γὰρ
1337 3765 1352 3819 ἠ
1361 3763 1418 3824 πρὸς
1426 3763 1453 3808 τό
1463 3765 1539 3824 χεῖρον
1549 3759 1610 3821 ὁδός,
1622 3759 1660 3822 ῥα-

881 3842 932 3890 δίαν
948 3841 1037 3902 ἔχουσα
1047 3840 1089 3896 τὴν
1099 3835 1239 3897 ὁδοιπορίαν,
1252 3833 1337 3881 διὸκαὶ
1349 3837 1395 3880 τῶν
1408 3831 1506 3894 μετρίων
1519 3829 1600 3877 πολλοὶ
1611 3832 1661 3882 τοῖς

881 3913 960 3970 ἤθεσιν
977 3909 1085 3964 ύπούλοις
1102 3908 1195 3966 ἡδοναῖς
1207 3903 1364 3958 δελεασθέντες
1378 3904 1411 3957 είς
1422 3901 1579 3959 ἐπιτηδεύσεις
1593 3899 1662 3961 χειρί·

882 3999 938 4038 στας
947 3981 1106 4043 περιὼκειλαν·
1121 3978 1205 4033 ταύτην
1219 3975 1259 4024 ούν
1268 3975 1310 4031 τὴν
1318 3973 1442 4037 διαφθορὰν
1458 3971 1590 4020 ἀναστεῖλαι
1603 3971 1660 4030 βου·

881 4052 1002 4114 λόμενοςό
1017 4050 1141 4110 νομοθέτης
1160 4045 1307 4110 ἀπηγόρευσε
1327 4051 1357 4107 τῇ
1371 4050 1418 4092 τῶν
1433 4046 1540 4105 πονηρῶν
1554 4040 1617 4101 φιλίᾳ
1635 4054 1661 4086 τε

884 4125 924 4172 καί
940 4121 1051 4183 συνήθιίφ
1062 4119 1207 4182 χρήσασθαι,
1220 4118 1259 4164 καὶ
1271 4116 1336 4170 δίκας
1352 4112 1447 4171 ἐποίησε
1459 4111 1607 4173 κακομιλίας,
1619 4108 1660 4155 καί

881 4193 1020 4258 προστίμοις
1042 4192 1150 4251 μεγαλοις
1170 4188 1284 4249 ἐπέγραψε
1298 4186 1350 4241 τοὺς
1366 4183 1506 4248 ἁμαρτάνειν
1527 4182 1659 4241 μέλλοντας.

882 4291 913 4302 ·—
928 4265 976 4325 (tl)
992 4262 1111 4312 Diodorus
1122 4260 1216 4308 Siculus
1230 4259 1269 4306 lih.
1283 4259 1326 4306 xtt
1342 4268 1395 4318 cap.
1409 4258 1475 4303 ta-te
1489 4265 1496 4295 τ
1512 4252 1610 4313 ἐγραψεν
1619 4246 1659 4296 οὖν

882 4337 922 4384 καὶ
935 4335 1011 4398 ἕτερον
1020 4333 1091 4393 νόμον
1103 4331 1136 4378 ἐτι
1154 4330 1237 4378 τούτου
1249 4327 1368 4392 κρείττονα
1388 4326 1487 4385 καὶτοῖς
1502 4318 1660 4379 παλαιοτέροις

882 4409 953 4456 αὐτοῦ
968 4405 1101 4466 νομοθέταις
1120 4402 1273 4464 ἠμελημένον·
1284 4398 1436 4456 ἐνομοθέτησε
1449 4394 1493 4455 γὰρ
1504 4397 1550 4439 τῶν
1559 4391 1660 4436 πολιτῶν

858 4462 861 4559 l
882 4471 1103 4536 τούςυίεῖςόπαντας
1110 4457 1660 4541 μανθάνεινγρόμματα,χορηγούσηςτῆςιπόλεως

881 4549 936 4604 τούς
950 4547 1045 4609 μισθοὺς
1065 4549 1114 4599 τοῖς
1126 4543 1281 4597 διδασκάλοις.
1298 4538 1413 4588 Ὑπτλαόε
1427 4534 1470 4597 γαρ
1485 4533 1537 4585 τοὺς
1558 4543 1659 4610 απορσμς

884 4625 932 4675 τοῖς
943 4619 1011 4680 βίοις,
1020 4614 1068 4678 teta
1083 4613 1116 4674 μὴ
1126 4613 1265 4674 δυναμένους
1279 4607 1366 4656 διδόναι
1380 4604 1483 4668 μισθούς,
1499 4599 1658 4661 ἀποστερηθη-

885 4691 967 4739 σεσθαι
976 4692 1023 4735 τῶν
1033 4684 1162 4732 καλλίστων
1171 4677 1368 4740 ἐπιτηδευμάτων.
1381 4676 1429 4733 Τὴν
1438 4675 1483 4735 γὰρ
1496 4669 1659 4752 γραμματιτρήν

883 4759 947 4823 παρὰ
962 4760 1003 4814 τὰς
1015 4758 1084 4810 ἄλλας
1101 4755 1211 4816 μαθήσεις
1226 4751 1359 4815 προέκρινεν
1371 4747 1385 4794 d
1395 4744 1530 4807 νομοθέτης,
1542 4740 1661 4825 καὶρμαλα

884 4828 1060 4894 προσηκόντως·
1070 4826 1109 4875 διὰ
1124 4824 1169 4886 γὰρ
1183 4821 1267 4877 ταύτης
1281 4821 1311 4866 τὰ
1329 4817 1429 4864 πλεῖστα
1441 4814 1481 4862 καὶ
1492 4825 1661 4892 χρησιμωτατα

883 4909 930 4952 τῶν
938 4903 993 4964 πρὸς
1001 4903 1041 4948 τὸν
1052 4898 1102 4961 βίον
1113 4894 1275 4951 ἐπιτελεῖσθαι,
1283 4891 1387 4952 ψήφους,
1397 4883 1528 4943 ἐπιστολάς,
1540 4882 1661 4965 διαθηκαρ,

883 4973 977 5035 νόμους,
989 4971 1063 5019 τᾶλλα
1073 4969 1103 5016 τὰ
1111 4968 1151 5016 τδν
1164 4967 1213 5027 βίον
1223 4960 1325 5025 μάλιστα
1334 4957 1512 5018 ἐπανορθούντα.
1526 4954 1567 5008 Τίς
1578 4966 1661 5033 γαρ-αρν

884 5045 946 5100 ἀξιον
959 5040 1074 5102 ἐγκώμιον
1086 5037 1187 5085 διαίθσιτο
1198 5039 1238 5090 τῆς
1249 5036 1296 5080 τῶν
1308 5026 1450 5093 γραμμάτων
1463 5025 1609 5086 μαθήσεωςς
1622 5035 1660 5068 οισι

883 5115 928 5176 γὰρ
938 5111 1026 5160 τούτων
1040 5108 1110 5170 μόνον
1122 5109 1144 5155 ol
1155 5106 1197 5166 μἐν
1209 5101 1393 5158 τετελευτηκότες
1407 5101 1456 5152 τοῖς
1467 5100 1525 5152 ζῶσι
1535 5093 1662 5155 διαμνημο-

883 5185 1001 5239 νεύονται,
1015 5183 1036 5229 ol
1046 5179 1070 5227 δέ
1083 5178 1172 5240 μακρὰν
1190 5178 1241 5229 τοῖς
1251 5173 1331 5234 τόποις
1348 5172 1469 5223 διεστῶτες
1487 5171 1534 5222 τοῖς
1554 5166 1662 5213 πλεῖστον

887 5255 1014 5318 δπέχουσιν
1041 5252 1073 5305 ὡς
1096 5245 1196 5304 πλησίον
1218 5247 1351 5305 παρεστῶσι
1370 5240 1409 5290 διὰ
1429 5243 1477 5287 τῶν
1498 5233 1662 5299 γεγραμμένων
