3959 5925
679 343 686 359 ⁰
706 338 747 397 IN
769 334 944 397 TIMAEUM
965 335 1163 402 PLATONIS.
1476 354 1477 358 ’
1661 359 1730 413 dib

107 475 191 540 flesti
205 487 214 522 .·
228 471 361 522 diuersum
375 481 446 533 uero,
458 481 511 534 per
527 469 691 522 dlurretrrurs
708 471 739 520 irs
756 472 901 520 sinistrum
947 468 1108 520 illustratione
1119 471 1312 534 prohibentibus,
1324 487 1379 524 cunr
1390 474 1454 525 lonso
1465 475 1533 525 labor
1542 477 1659 528 nocturno
1670 479 1734 531 tem·

115 565 191 616 torm
205 560 291 612 soem
306 561 334 610 er
346 559 428 608 simtu
444 557 489 609 stu
510 560 710 610 umbrosus
726 560 827 609 urimo
840 570 902 621 pos·
947 556 1042 616 pono
1053 555 1103 606 tri·
1135 556 1291 620 Quidtouod
1302 558 1430 620 poneius
1442 564 1513 612 isos
1525 563 1615 626 rrqoroo
1626 569 1736 630 sormi,

113 646 454 716 seruoqueroioirtsdulo.
493 650 579 698 Uram
591 650 697 713 quippe,
713 649 745 698 ul
759 649 829 708 ersi,
844 659 904 697 eum
947 642 1006 692 item
1018 643 1123 706 aquiloni
1135 644 1398 710 septemtrionique,et
1407 648 1464 699 itern
1473 653 1557 700 austro
1567 653 1734 718 meridieique,

113 738 298 790 ,numam
311 734 435 798 reliques,
469 737 625 786 memsam
641 747 702 786 sero
722 732 903 796 midlisemm,
950 729 1068 796 subiecta,
1078 744 1134 782 enm
1146 745 1177 782 ex
1186 735 1289 796 utraque
1301 735 1398 797 regione
1407 736 1455 786 buo
1465 739 1537 800 nique
1547 739 1737 792 illucnoeturnis

112 831 265 892 ,spemque
276 828 389 889 impares
397 823 470 877 orbes
478 821 627 887 subustus
637 825 676 872 est
685 818 770 884 junio
786 822 904 886 duplici
949 821 1075 872 itineribus
1084 825 1247 874 commeantes
1264 823 1398 887 incognitas
1408 825 1453 875 sibi
1465 826 1545 877 stelles
1559 831 1669 891 spectent
1680 843 1737 880 eum

113 918 193 981 tripli
206 917 297 979 spolio
317 932 327 966 r
345 913 468 978 orbesque
484 915 552 977 ipsos
574 915 712 963 contrario
733 913 803 971 ferri
817 913 901 974 jussit
949 908 1106 960 slmiratione
1125 911 1254 975 novitatis3
1275 925 1333 962 curn
1360 913 1392 963 sil
1415 913 1516 964 evidens
1537 929 1585 965 non
1613 917 1737 980 regionum

114 998 272 1066 stellatione.
308 1005 350 1054 Bm
374 1001 469 1066 quibus
492 1002 606 1065 septem,
630 1003 684 1051 ires
710 1001 816 1065 quidem
842 1002 904 1063 port
948 994 1029 1044 stetim
1043 1005 1097 1045 ease
1118 995 1240 1059 proprias,
1254 996 1298 1046 sod
1319 997 1428 1048 homines
1448 998 1634 1063 impediri,quo
1655 1001 1738 1052 minus

114 1094 263 1154 velocitate,
273 1092 392 1155 quotuor
403 1103 465 1140 sero
474 1082 500 1139 e'l
517 1088 694 1152 sibimetipsis
710 1092 737 1140 sl
748 1089 785 1139 od
801 1100 903 1153 eompa-
948 1093 1035 1132 ΝΜ
1048 1081 1292 1148 elemosinisque
1303 1087 1374 1135 terro
1384 1087 1498 1148 motibus,
1511 1089 1586 1151 atque
1605 1101 1737 1151 exaggere-

111 1187 248 1235 roliorserrs
265 1183 413 1231 semorum
430 1178 532 1242 dispari
557 1175 750 1243 dissimilique,
772 1176 818 1228 sed
842 1189 903 1227 cum
948 1171 1237 1234 tionibusvisuiobiectis.
1273 1176 1738 1241 Exquocoociudilur,terrsmspbmrce

118 1274 240 1332 meme,
252 1271 338 1320 meere,
949 1259 1023 1322 globo
1034 1260 1136 1312 similent
1149 1273 1217 1323 esse,
1229 1261 1300 1324 errius
1311 1275 1343 1313 ex
1356 1264 1468 1314 omnbus
1478 1265 1614 1328 regionibns
1628 1279 1739 1318 crescere

145 1361 234 1409 Lvlll.
247 1361 352 1408 Rursum
364 1353 497 1417 quostiam
508 1352 647 1416 expertibus
658 1352 829 1414 astronomire,
838 1364 904 1402 osse·
949 1349 975 1399 in
998 1351 1086 1402 molens
1103 1353 1242 1414 superiores
1257 1353 1484 1417 comprehendetur.

114 1447 182 1496 cutio
202 1445 312 1495 nodetur
324 1443 485 1505 aliquatenus,
497 1453 593 1504 eaquae
605 1440 635 1489 ad
650 1442 793 1503 presentem
813 1440 903 1489 unem-
982 1437 1032 1488 Lx.
1052 1436 1120 1488 idem
1143 1439 1189 1488 boc
1205 1437 1279 1488 etianr
1294 1439 1438 1490 neutraliter
1454 1439 1569 1504 intelligi,
1590 1442 1615 1492 el
1631 1453 1739 1505 compre·

115 1539 168 1585 turn
183 1533 310 1596 pertinent,
323 1530 439 1591 breviter,
453 1527 613 1591 dilucideque,
628 1529 701 1591 prout
718 1530 805 1578 notura
818 1540 903 1578 eorum
950 1524 1031 1585 irendi,
1050 1527 1137 1588 potest.
1171 1525 1296 1588 siquidem
1310 1528 1391 1577 omnia
1405 1541 1460 1591 quse
1476 1529 1500 1578 in
1516 1528 1597 1592 aliquo
1608 1531 1667 1580 sunl
1677 1542 1740 1592 pon-

112 1620 358 1684 estcxpltcabuntur.
391 1619 431 1668 rit
449 1617 530 1679 Pisto,
547 1616 632 1666 muudi
652 1616 756 1666 iorursm
774 1615 903 1666 rotundam
948 1612 1190 1678 dere,oudiqus,et
1209 1628 1239 1665 ex
1256 1616 1362 1679 qualibet
1378 1619 1460 1679 parte,
1481 1617 1572 1668 directo
1592 1621 1675 1670 tenore
1696 1620 1740 1671 de·

113 1721 183 1768 esse,
195 1708 221 1758 et
240 1705 380 1769 globossm3
392 1708 481 1756 terram
501 1704 559 1754 item
577 1703 717 1764 globosam,
729 1701 756 1750 in
775 1701 905 1752 nedieute
947 1699 1096 1762 suendeolir,
1107 1699 1223 1750 adnnunr
1233 1705 1349 1765 puuctum
1357 1703 1495 1755 medietatis
1504 1709 1650 1769 commeent,
1657 1707 1740 1758 omnia

116 1794 201 1844 mundi
214 1790 500 1855 sitam,eamquepunoti
514 1790 611 1853 quidem
623 1787 904 1851 instnrobtinere,quod
949 1787 1081 1838 descensus
1097 1788 1169 1852 rigidi
1184 1791 1277 1841 tractos
1296 1790 1403 1855 iaciunt,
1423 1793 1448 1842 in
1466 1793 1566 1845 modum
1587 1795 1612 1846 ei
1633 1797 1738 1859 speciem

117 1879 149 1929 sd
162 1878 305 1943 positionem
318 1877 422 1941 pertinet
433 1896 441 1926 ε
452 1875 517 1938 quod
531 1888 589 1926 rao
597 1875 628 1925 ad
639 1875 808 1938 exiguitatem,
821 1876 903 1938 notre,
949 1874 1082 1938 tinearum,
1105 1889 1119 1926 n
1140 1877 1225 1928 intime
1248 1878 1347 1929 exordio
1362 1881 1537 1945 proiecturum,
1559 1883 1584 1932 ei
1604 1883 1742 1946 angustiora

117 1963 704 2027 sumonirerssretmrqnimdineonuparatam.
738 1962 796 2025 sed,
808 1962 904 2026 opinor,
949 1975 1047 2026 semper
1060 1965 1158 2016 transite
1178 1979 1257 2030 usque
1277 1967 1308 2016 ad
1329 1970 1411 2031 puncti
1432 1969 1513 2021 sedern
1536 1971 1738 2035 pervenientium,

116 2057 207 2114 dixisse
220 2056 267 2105 boo
279 2067 337 2105 eom
351 2066 400 2104 non
411 2051 510 2115 sufficit,
523 2052 569 2105 nisi
582 2052 629 2102 boc
641 2052 675 2102 ita
688 2064 741 2103 esse
753 2051 905 2102 evidentibus
948 2055 1050 2106 eaodem
1073 2058 1157 2119 puncti
1178 2057 1260 2109 sedern
1277 2059 1412 2122 reqnslibus
1433 2060 1542 2124 undique
1561 2061 1739 2114 circumsisten-

118 2142 413 2196 ostandsturrstionibus.
445 2141 570 2201 Quatenus
581 2141 654 2202 igitur
663 2139 750 2190 muudi
757 2141 833 2190 lorum
841 2141 905 2191 teres
948 2143 1013 2194 libro
1036 2145 1142 2208 nugulis,
1157 2159 1213 2209 quse
1235 2147 1272 2197 est
1290 2147 1368 2210 imago
1385 2147 1545 2199 rotunditatis.
1579 2152 1654 2201 Porro
1676 2150 1742 2214 quod

117 2236 143 2284 et
157 2233 272 2296 globosae
285 2230 408 2294 Principio
416 2229 550 2281 celestium
563 2229 654 2292 ignium
663 2231 741 2291 ortus,
751 2229 818 2279 reiut
829 2241 905 2279 emer·
948 2233 1030 2281 omnio
1045 2233 1070 2282 in
1089 2233 1252 2296 qualicunque
1272 2233 1377 2297 pondere
1394 2234 1507 2288 festinent
1521 2236 1552 2287 ad
1566 2237 1686 2301 medium,
1703 2238 1740 2290 sio

118 2322 264 2384 entiumes
273 2323 332 2382 imo,
340 2318 631 2382 pemqrstiouesquecnm
639 2317 710 2368 certis
720 2317 906 2368 eraltstionibus
948 2320 1071 2384 probetur,
1086 2322 1150 2385 quod
1163 2321 1236 2372 etiarn
1250 2323 1275 2373 vi
1286 2325 1437 2374 extrinsecus
1449 2325 1556 2375 sdiribita
1568 2309 1614 2376 'sibi
1625 2326 1740 2390 pleraque

114 2413 145 2462 et
156 2409 270 2472 deinceps
284 2407 488 2468 descmsiouibus,
502 2418 582 2469 usque
596 2405 629 2456 ad
642 2419 774 2457 oooasnum
792 2405 905 2455 submer·
948 2409 1066 2472 pondere,
1083 2409 1125 2460 ubi
1144 2411 1249 2473 primum
1272 2410 1309 2462 ris
1326 2413 1459 2475 rocamerit,
1478 2412 1611 2462 secuudum
1627 2417 1738 2464 naturum

117 2500 223 2562 sionem,
231 2509 365 2560 eorumque
375 2509 473 2546 rursum
486 2495 597 2558 ipsorum
611 2496 681 2545 ortos
692 2507 722 2544 ex
732 2494 819 2544 eodem
834 2493 903 2556 loco,
949 2510 1026 2560 prona
1048 2497 1073 2548 ln
1094 2486 1184 2549 ter'ram
1207 2499 1315 2549 terantur
1333 2517 1341 2548 ι
1357 2501 1385 2574 ul
1403 2500 1429 2549 in
1446 2499 1582 2560 iaculorum
1597 2499 1740 2562 tormentis,

115 2589 142 2638 et
162 2587 221 2637 item
237 2597 339 2636 ocmsus
357 2583 383 2634 iu
400 2583 529 2633 occiduum
541 2595 625 2644 mare,
640 2583 759 2633 tmtaulur
770 2579 864 2632 ambire
878 2593 905 2631 ss
949 2598 1006 2648 quse
1018 2598 1092 2649 quarn
1106 2585 1149 2635 diu
1169 2585 1235 2650 rigel
1250 2585 1349 2649 parisus,
1365 2587 1607 2650 suspenso'rolitore,
1619 2589 1644 2637 et
1658 2599 1741 2638 secure

118 2673 204 2725 diebus
222 2675 249 2724 et
267 2672 380 2723 noctibus
399 2671 455 2721 cmii
474 2669 591 2721 exonam
611 2665 771 2733 superficiem.
814 2669 906 2720 nebim
949 2687 1045 2736 auram,
1059 2673 1173 2724 ridentur
1187 2692 1194 2724 ι
1208 2674 1250 2724 ubi
1263 2686 1335 2737 porro
1349 2673 1387 2725 ris
1400 2673 1450 2737 ills,
1467 2679 1522 2738 qum
1539 2674 1685 2738 impellebat,
1700 2673 1742 2726 de·

114 2762 183 2825 quod
202 2774 232 2812 ex
250 2761 360 2824 quelibet
371 2761 470 2824 regione
487 2757 678 2819 memiinistis,
690 2760 715 2808 et
728 2757 754 2807 in
766 2757 906 2808 summitate
950 2762 1046 2824 iecerit,
1061 2774 1179 2812 morerso
1195 2775 1312 2813 mucrone
1331 2763 1496 2826 desmdont,
1515 2765 1546 2814 sd
1563 2765 1667 2826 terram,
1687 2775 1743 2827 quss

118 2849 199 2913 posite
212 2847 298 2899 usundi
314 2860 369 2912 pars
381 2847 518 2898 rideatura
530 2846 610 2908 nobis,
623 2845 720 2896 interior
734 2857 792 2895 reso
804 2857 853 2894 non
868 2844 905 2893 vi·
953 2850 1070 2901 medietas
1085 2849 1170 2901 mundi
1185 2851 1238 2913 eet,
1254 2850 1399 2902 festinantis.

114 2935 212 2997 deatur,
226 2934 274 2986 nisi
290 2934 385 2986 dimum
405 2935 430 2986 οἳ
452 2934 561 2985 Mum
580 2932 684 2994 'hibi-'s
696 2935 722 2984 0¹
742 2931 905 2994 tumim,
982 2941 1044 2991 bill.
1062 2939 1133 2989 liaris
1147 2937 1234 3000 etism,
1253 2939 1277 2989 et
1297 2939 1372 2991 totius
1389 2951 1474 3003 aqum,
1487 2951 1564 3003 quum
1582 2943 1620 2991 est
1635 2939 1661 2991 in
1676 2944 1742 2992 trrn·

121 3024 232 3088 superior
245 3023 348 3087 reddita,
362 3023 466 3086 objecto,
477 3024 503 3074 ei
514 3022 578 3073 thui
589 3024 672 3071 nostro
679 3020 821 3081 obsistente,
832 3022 905 3070 iem·
953 3028 1073 3091 quillitate
1088 3028 1178 3092 stabili,
1195 3028 1280 3089 tornis,
1294 3030 1321 3079 el
1335 3028 1436 3090 species,
1446 3031 1546 3092 apponet
1557 3028 1664 3091 globosa.
1676 3032 1738 3088 Quas
1838 3022 1841 3029 ’

94 3163 101 3175 ,
119 3117 184 3165 Tum
202 3114 268 3177 qood
288 3114 401 3165 exomni
421 3114 477 3163 viru
500 3125 586 3163 omues
608 3112 679 3162 litteo
702 3110 906 3174 undiqueversum
951 3116 1016 3167 eninr
1030 3117 1121 3167 stantes
1137 3118 1162 3166 in
1174 3116 1254 3167 littore
1267 3116 1379 3167 videmus
1391 3116 1454 3166 uitro
1468 3116 1571 3180 troium,
1586 3118 1614 3166 ut
1629 3116 1742 3169 arborem

122 3205 249 3267 pomos,
261 3216 340 3267 usque
350 3204 381 3253 ad
393 3205 496 3255 extimos
504 3203 610 3254 ambitos
624 3200 679 3252 cmii
693 3203 797 3265 teqoaies
807 3201 906 3253 videon·
950 3206 1083 3266 turremre,
1091 3206 1134 3255 sui
1144 3205 1216 3255 ctisrn
1231 3204 1257 3253 in
1270 3203 1355 3254 eodem
1368 3204 1428 3254 ireto
1440 3215 1527 3253 norem
1541 3217 1548 3252 :
1562 3203 1615 3255 bero
1626 3205 1743 3266 iacentes,

120 3294 170 3349 tur,
183 3292 293 3344 similiter
304 3298 331 3343 ut
347 3292 438 3355 circuli,
450 3292 520 3353 ouius
531 3305 545 3342 n
556 3293 647 3355 punem
665 3290 726 3341 redit
739 3290 907 3355 pervenientes
951 3294 1080 3357 maequms
1093 3293 1154 3343 tante
1168 3292 1282 3356 visuque,
1295 3305 1352 3342 oum
1374 3290 1447 3341 dorso
1466 3292 1492 3342 ei
1511 3291 1639 3355 superficie
1659 3288 1742 3354 meris,

115 3397 196 3449 usque
209 3386 241 3434 ad
254 3385 370 3435 extimam
381 3383 610 3446 moestiorem,
619 3381 707 3446 aequali
717 3382 906 3434 mensorssunt.
952 3386 995 3431 aut
1008 3380 1108 3431 omnino
1121 3392 1171 3430 nou
1192 3380 1312 3441 ridemus,
1324 3380 1366 3429 sut
1380 3379 1457 3429 mullo
1470 3384 1536 3441 certe
1547 3378 1655 3438 minore,
1664 3390 1741 3441 quam

120 3473 241 3522 Praeterea
259 3472 325 3534 quod
346 3472 443 3533 sigoikr
457 3472 563 3522 menius
576 3471 675 3533 obliqua
692 3470 809 3533 vertigine
825 3470 909 3521 ieram
952 3470 1020 3534 prius
1040 3470 1182 3521 ridebantur
1206 3484 1213 3519 ε
1236 3470 1369 3520 obsistente
1392 3468 1505 3518 videlicet
1518 3467 1737 3530 contemplantibus

117 3559 145 3609 in
158 3558 416 3620 orturusigns,certa
429 3570 459 3606 ex
473 3558 576 3608 adrerso
590 3558 764 3618 consistentia,
778 3558 909 3607 diametro·
953 3560 1048 3609 marios
1064 3559 1216 3609 incurvitate.
1252 3558 1330 3620 rique
1346 3556 1420 3607 etiarn
1436 3556 1462 3605 ln
1480 3554 1613 3617 navigando
1629 3567 1743 3618 sepenu-

117 3659 169 3710 que
180 3643 311 3700 distantis,
325 3644 396 3705 sigua
405 3644 453 3693 alis
466 3645 541 3707 signis
551 3643 689 3695 orientibus
704 3645 806 3708 condet,
818 3648 842 3696 ei
853 3658 908 3708 pre·
952 3660 1036 3710 mero,
1049 3660 1104 3697 curn
1127 3646 1158 3697 ds
1176 3646 1233 3696 nsri
1249 3648 1313 3695 terra
1329 3644 1436 3694 nondum
1450 3642 1582 3704 rideretur,
1594 3654 1694 3694 aseenss
1704 3656 1744 3694 sr-

121 3736 176 3784 mnt
191 3734 217 3783 in
231 3742 356 3782 occasum.
390 3732 530 3782 liemotin
550 3731 910 3794 irremuneratum
956 3736 1015 3786 bore
1028 3734 1142 3785 viderunt
1155 3736 1246 3795 neuim,
1260 3732 1352 3782 scilicet
1368 3734 1396 3782 ut
1410 3732 1527 3795 prsetexto
1542 3732 1660 3795 oppositos
1673 3732 1744 3785 motis

118 3822 187 3873 oerta
201 3833 258 3885 pars
272 3819 399 3883 ascendat,
411 3820 536 3870 descendit
548 3821 602 3882 ejus
613 3819 715 3870 adverse
728 3839 735 3870 ι
747 3820 814 3883 quod
827 3820 853 3870 in
863 3820 910 3871 siis
957 3836 1068 3885 emaum,
1084 3822 1160 3871 libero
1173 3821 1224 3883 ianr
1240 3834 1270 3871 es
1284 3819 1370 3869 dstore
1383 3818 1500 3883 despecto
1516 3819 1624 3883 subjecta
1636 3821 1745 3885 undique

70 3905 75 3918 ⁸
121 3914 214 3974 torma,
228 3911 274 3962 nisi
288 3912 313 3963 iu
327 3912 378 3963 sols
389 3910 556 3973 rotunditate,
568 3924 619 3961 non
633 3910 753 3974 provenit.
953 3910 1147 3961 considerentur.
1182 3908 1344 3959 ltrtiiicialiter
1359 3920 1457 3971 quoque
1470 3908 1663 3971 considerantes,
1674 3909 1744 3960 inre·

152 4002 217 4057 LIX.
231 4000 430 4064 Spboersseulens
448 3999 581 4050 similitudo
596 4000 622 4049 iu
635 4000 714 4062 eligis
733 4004 804 4050 lemae
825 4000 910 4051 mutli-
954 3998 1037 4049 uturus
1049 4010 1120 4061 aqum
1134 3996 1245 4061 placidie,
1259 3996 1443 4063 etquiesceulis
1453 3995 1630 4058 globositatem.
1663 3995 1745 4059 siqui·

122 4092 194 4140 mode
203 4089 423 4153 comprehenditur,
432 4089 471 4139 rei
482 4088 549 4151 quod
559 4101 609 4139 non
616 4088 702 4139 iisdem
712 4089 842 4140 momentis
849 4092 910 4141 tem·
954 4086 1011 4137 dem
1030 4090 1118 4137 nature
1128 4084 1248 4135 tribulum
1261 4086 1305 4147 sii,
1320 4085 1349 4135 ut
1361 4098 1390 4135 es
1403 4084 1566 4147 superioribus
1580 4084 1638 4135 iocis
1655 4082 1745 4135 humor

123 4191 209 4242 porum
228 4176 279 4228 dies
299 4176 390 4241 ubique
403 4172 537 4240 illucescit,
551 4190 649 4242 noxque
665 4178 798 4229 succedens
812 4179 911 4230 umbras
956 4174 1143 4238 indepressiors
1156 4174 1255 4225 defluat.
1290 4172 1353 4224 Sunt
1373 4186 1444 4236 porro
1463 4172 1565 4224 celsiore
1586 4171 1699 4236 quidem,
1714 4184 1744 4222 ea

124 4266 196 4328 tacit,
208 4266 252 4317 sed
269 4271 321 4316 tarn
335 4267 404 4317 ortus
415 4280 489 4329 quam
506 4278 607 4317 occasus
619 4267 644 4316 iu
657 4266 708 4318 eois
725 4267 823 4330 quidem
839 4269 911 4319 sitim
955 4276 1035 4327 qum
1053 4264 1222 4327 punctoterrte
1244 4263 1377 4327 plurimum
1395 4261 1485 4312 distant
1504 4282 1511 4313 r
1533 4261 1742 4323 bumiiiorsrcro,

124 4354 193 4414 liunt,
208 4352 352 4407 inocciduis
364 4366 423 4404 vero
439 4354 578 4417 regionibus
598 4355 697 4416 tordius,
710 4358 739 4405 ut
756 4358 911 4419 perspicuum
956 4364 1012 4413 (tum
1027 4352 1164 4402 minimum.
1196 4350 1269 4415 [vtis
1282 4347 1744 4414 tiqur·V·]Q⁰ii⁰⁸lt)⁰flim⁰⁸⁸ti¹³

124 4440 157 4489 sil
176 4452 231 4491 esse
250 4439 358 4503 aliquam
377 4438 501 4491 elatiorem
521 4441 678 4492 eminentiam
698 4441 761 4492 iuter
779 4445 912 4506 utramque
955 4436 1457 4503 superficiemplanam,indirectretlioea
1465 4434 1745 4501 posiinmqu,debino

124 4528 178 4578 ooeil
201 4528 310 4591 plagam,
330 4541 386 4591 qum
399 4528 501 4592 obiectu,
518 4530 659 4593 priusquam
672 4528 708 4579 sol
723 4530 765 4580 list
784 4530 910 4593 excelsior,
956 4542 972 4579 a
986 4530 1076 4591 puncto
1089 4532 1172 4589 terroe,
1184 4528 1266 4591 utpote
1286 4544 1311 4591 s,
1333 4538 1431 4577 sursurn
1447 4538 1545 4576 versum
1564 4524 1669 4574 ducetur
1680 4522 1744 4575 liner

124 4618 206 4667 lenem
224 4617 301 4668 noetis
323 4618 430 4668 umbras.
463 4618 508 4669 Vel
530 4618 596 4681 quod
617 4618 683 4668 tonse
704 4617 822 4679 delectus,
833 4618 912 4670 ‚idem
956 4619 997 4682 κβ
1010 4635 1017 4667 s
1029 4618 1400 4679 coniungantursuteroextirnss
1412 4614 1545 4680 superficiei
1555 4618 1635 4678 partes
1649 4612 1744 4665 duabus

123 4704 216 4767 ubique
230 4706 365 4769 eodemque
380 4708 503 4757 momento
515 4704 641 4769 occidens,
651 4706 754 4756 dirersis
762 4708 920 4770 temporibus·
956 4704 1026 4756 lineis
1037 4704 1075 4755 bis
1084 4723 1101 4755 ι
1112 4721 1137 4767 α,
1149 4705 1172 4755 et
1187 4722 1203 4754 s
1216 4722 1239 4767 γ,
1250 4706 1353 4767 majores
1364 4707 1435 4755 erunt
1446 4704 1554 4765 uboeque
1565 4700 1647 4765 lineo,
1655 4718 1671 4751 s
1682 4702 1698 4765 β
1712 4700 1744 4751 li·

126 4792 233 4854 nombrr,
246 4794 332 4845 odanti
345 4794 446 4857 quidem
459 4794 546 4845 ricinis
560 4794 695 4858 regionibus
706 4795 811 4857 medius,
826 4797 913 4848 ceteris
953 4809 1010 4865 μω
1021 4798 1168 4859 comparatos
1181 4810 1188 4845 ε
1201 4808 1262 4858 quos
1275 4796 1295 4846 al
1308 4806 1437 4857 exsequere
1448 4793 1606 4854 voluerimus,
1619 4790 1744 4855 perveniet

127 4892 186 4931 vero
198 4892 241 4942 pro
252 4880 361 4931 iocorum
372 4882 521 4946 diversitate,
531 4884 628 4947 propter
636 4883 767 4947 enindus,
778 4887 912 4950 metasque,
958 4885 1133 4935 incrementum
1155 4898 1232 4947 usque
1251 4884 1281 4933 ad
1298 4884 1355 4947 βη,
1371 4888 1396 4933 et
1413 4882 1460 4934 erit
1481 4893 1538 4931 rera
1561 4879 1700 4943 superficies
1717 4880 1743 4930 in

127 4968 152 5017 et
171 4967 295 5019 noturaies
309 4969 545 5034 emiuentissterroe,
560 4984 610 5022 non
625 4972 712 5023 iisdem
727 4972 817 5036 ubique
836 4976 912 5025 curri-
957 4990 974 5021 α
987 4990 1004 5032 η
1016 4989 1040 5034 γ.
1053 4974 1138 5036 ltaque
1148 4984 1178 5023 err
1188 4970 1352 5034 superioribus
1363 4969 1470 5033 pertibus
1480 4972 1531 5019 torn
1542 4985 1559 5017 α
1570 4978 1644 5031 quam
1655 4966 1671 5030 ’γ
1682 4966 1743 5020 fluet

124 5054 187 5105 culis
213 5056 351 5109 illustrante
369 5058 420 5109 sois
439 5064 510 5111 lerrae
530 5060 610 5126 pireus
624 5060 749 5124 :ideoque
766 5062 813 5112 tuot
829 5063 882 5125 ejus
900 5075 915 5114 e
958 5073 1022 5124 aqua
1039 5059 1064 5110 iu
1084 5059 1235 5111 iroroiiiorcrn
1252 5061 1276 5123 β,
1289 5070 1367 5121 usque
1379 5070 1409 5109 eo
1422 5055 1500 5121 quoad
1520 5054 1641 5121 completo
1653 5068 1744 5108 rases

125 5139 224 5193 diruso
240 5143 343 5195 temesis
352 5144 447 5207 umbris
464 5146 596 5196 stamnum
608 5146 769 5209 obstantibus,
780 5152 805 5198 et
819 5160 835 5197 a
849 5149 915 5201 lune
959 5148 1036 5229 tundo
1051 5166 1068 5198 s
1086 5151 1227 5213 conmeatus
1240 5148 1391 5199 incremento
1404 5160 1474 5209 equos
1487 5144 1560 5197 etism
1576 5147 1600 5207 β,
1612 5146 1638 5196 et
1656 5158 1742 5209 perre-

1607 5235 1638 5279 ts
