3959 5925
273 396 330 448 itti
873 385 925 446 DE
944 386 1116 450 moenita
1136 393 1286 454 critica.

271 515 457 596 instituit(6),
468 528 572 594 utpost
580 530 729 596 perceptas
738 486 867 595 reliquas
877 519 1050 598 disciplinas
1095 536 1124 582 et
1136 525 1193 584 lato
1213 527 1396 605 perfunctum
1410 529 1446 589 ab
1461 531 1525 608 ejus
1540 534 1609 594 filiis
1631 556 1695 596 esse
1714 543 1870 620 sepultum.

271 608 441 685 equitarent,
456 605 635 680 sagittarent,
648 605 737 665 sunda
750 606 862 684 lapides
869 622 1047 683 excuterent,
1094 612 1288 682 Quamobrem
1302 637 1367 695 qnae
1377 619 1431 677 'alii
1448 620 1576 682 fabulose
1589 623 1625 683 de
1638 626 1702 703 ejus
1717 645 1809 690 morte
1823 655 1870 694 re-

270 696 397 772 denique
404 693 613 772 jacularentur.
629 693 665 752 ln
678 695 811 771 palaestra
822 715 893 755 vero
906 717 965 756 non
979 717 1049 776 per·
1094 701 1221 761 tulerunt
1231 703 1474 784 (7)‚incredibilia
1485 709 1725 777 nobisvidentur.
1740 719 1870 783 Mortuus

271 781 401 848 mittebat
425 781 554 840 luctandi
581 785 719 857 magistro
744 802 793 841 eos
819 783 991 844 athletarum
1017 787 1049 844 in
1093 802 1151 864 est,
1165 805 1317 870 postquam
1338 814 1430 874 prope
1444 801 1600 874 nonaginta
1614 804 1739 865 confecit
1759 829 1867 886 annos,

270 889 379 928 morem
393 888 543 940 exercere,
557 868 608 928 sed
627 883 738 928 tantum
753 871 790 929 ad
813 872 942 932 colorem
968 872 1049 933 rubi·
1092 875 1265 954 Olympiade
1273 879 1381 954 cxlii,
1395 898 1595 964 quo-tempore
1607 893 1693 949 etiam
1706 894 1870 960 Alexander

257 956 394 1040 ¹cundum
409 958 455 1015 ori
479 956 676 1014 inducendum
698 970 728 1015 et
743 956 778 1016 ad
793 957 899 1016 bonam
914 963 1048 1037 corporis
1093 963 1280 1024 Macedonum
1293 988 1344 1026 rex
1353 969 1501 1048 Babylone
1513 993 1681 1052 supremum
1690 980 1766 1040 diem
1777 989 1866 1050 obiit.

267 1042 480 1102 habitudinem.
492 1041 642 1101 Tenebant
662 1056 756 1102 autem
771 1049 857 1122 pueri
872 1047 964 1105 multa
976 1067 1047 1125 poe·
1092 1050 1148 1110 Sed
1162 1052 1298 1113 defimcto
1322 1057 1400 1116 cives
1423 1079 1540 1138 quoque
1558 1062 1623 1140 ejus
1644 1085 1738 1128 aeneas
1760 1086 1868 1135 statuas

268 1143 361 1188 tarum
375 1131 558 1207 aliorumque
569 1131 744 1207 scriptorum
757 1145 786 1190 et
800 1133 893 1209 ipsius
907 1134 1047 1210 Diogenis
1092 1155 1251 1217 posuerunt
1263 1145 1305 1203 sic
1317 1145 1471 1224 inscriptas
1484 1170 1490 1206 :

195 1228 199 1237 ’
224 1238 227 1244 ’
267 1218 344 1278 dicta
362 1219 548 1290 memoriter3
571 1237 746 1296 omnemque
766 1220 827 1278 illis
845 1220 985 1280 doctrinae
1000 1243 1046 1281 ra·

267 1307 396 1379 tionem,
417 1320 450 1364 ut
479 1307 563 1364 facile
588 1307 729 1364 memoria
757 1308 1047 1386 comprehenderetur
1136 1292 1192 1340 ΕΓ·
1208 1291 1304 1352 quidm
1318 1293 1423 1346 ‘⁸⁰¹¹'st
1436 1299 1545 1360 mm·
1562 1301 1603 1351 Μ
1621 1305 1729 1366 ¹²¹¹¹l⁰i0
1743 1321 1866 1374 Μίνω

264 1393 394 1453 breviter
402 1393 563 1472 expositam
574 1393 745 1453 inculcabat
763 1396 847 1453 Douu
859 1397 945 1454 etiam
958 1397 1046 1454 mini·
1137 1360 1352 1484 „limma
1357 1367 1657 1504 rgugbffiogfflffpz
1671 1446 1774 1510 ,ὤμω

265 1493 359 1541 strare
367 1501 417 1540 eos
428 1480 560 1552 docebat,
573 1481 707 1539 vilicibo
718 1495 746 1540 et
755 1502 837 1559 aquae
847 1497 916 1560 potu
927 1498 1045 1542 conten·
1166 1505 1304 1554 τηηηιονηι
1315 1505 1385 1556 ωηο
1396 1509 1423 1557 ιη
1435 1507 1580 1573 ιναῑινηνροη
1592 1513 1665 1564 vim,

267 1583 322 1631 tos.
346 1569 445 1640 Quid?
459 1569 538 1646 quud
562 1581 661 1628 εσοεοι
675 1569 712 1626 ad
726 1583 819 1628 cutem
842 1572 1045 1648 incomtosque

264 1657 430 1728 erudiebat,
450 1675 544 1733 neque
564 1655 651 1714 modo
665 1657 729 1715 sine
752 1659 858 1716 tunicis
883 1679 916 1716 ac
938 1658 1044 1717 discal·
1087 1679 1168 1740 1⁰le
1178 1681 1302 1740 ,ιηῃχης
1320 1683 1394 1746 ‘rm
1405 1684 1434 1734 ·0
1446 1685 1467 1734 γ·
1485 1685 1554 1746 ὡς,
1570 1706 1626 1752 m
1642 1691 1706 1756 mg
1720 1699 1755 1742 ,ὦ
1767 1698 1866 1760 ΞΜ,

264 1757 359 1804 00220,
381 1762 456 1814 ρης,
478 1741 529 1801 sed
548 1754 642 1800 ωηερε
666 1743 752 1800 etiam
773 1755 802 1800 et
822 1763 850 1802 se
869 1745 946 1803 solos
967 1739 1045 1804 ἱρηίου
1087 1751 1128 1798 καί
1140 1755 1240 1813 γηρᾶσαι
1252 1753 1383 1815 αύτόν,ιιαλ
1397 1755 1497 1806 θανόντα
1514 1765 1611 1822 ταφῆναι
1624 1763 1682 1826 πρὸς
1696 1743 1809 1817 τῶνιυίῶν
1822 1771 1864 1819 αύ-

264 1832 342 1890 viam
357 1831 465 1888 intueri
485 1826 614 1888 volebat.
627 1827 751 1906 insuper
765 1827 801 1886 ad
815 1831 982 1890 venationes
996 1851 1043 1890 eos
1086 1823 1138 1869 τοῦ·
1147 1819 1218 1908 'Eua
1226 1823 1266 1904 ίξί
1277 1824 1448 1887 πυνθανομένου
1459 1832 1499 1880 τοῦ
1507 1829 1620 1878 Ξενιάδου
1628 1837 1679 1888 πῶς
1687 1833 1866 1900 αθτθνιάψιιιι,

262 1916 411 1976 educebat.
434 1914 542 1975 Contra
572 1915 622 1972 isti
652 1915 791 1990 Diogenis
816 1917 911 1994 ipsius
943 1938 1041 1977 curam
1087 1889 1138 1951 ‘ll'
1147 1892 1200 1978 ’ΚΜ
1210 1908 1345 1988 appromp.
1357 1897 1407 1980 too
1417 1898 1442 1946 δὲ
1458 1899 1576 1962 ‘ww
1590 1901 1637 1950 Δίὰ
1646 1902 1682 1964 “⁵
1691 1903 1747 1990 :⁰²²
1760 1910 1866 1996 lstf'filffi·

262 2016 378 2079 agentes
391 2023 410 2062 a
421 2001 591 2081 parentibus
605 2002 756 2080 petebant,
770 2017 803 2062 ut
811 2024 878 2064 eum
888 2005 946 2065 sibi
961 2027 1042 2066 com-
1085 1965 1339 2094 idiffii'lfd'ssdss
1350 1967 1487 2096 mlh
1492 1972 1867 2109 ῗήίέρταίέέινῖέέῖοορηιᾶνήῗρτςῗ

263 2090 429 2150 mendatum
449 2089 598 2149 haberent.
618 2089 668 2149 Est
679 2103 774 2150 autem
789 2091 922 2152 Eubulus
940 2109 1042 2154 auctor
1085 2105 1173 2152 νισιαι.
1183 2131 1213 2139 -
1225 2105 1259 2166 (7)
1269 2105 1386 2167 Diogenes
1397 2109 1504 2159 Laertius
1517 2110 1558 2160 lib.
1571 2114 1612 2173 vi,
1624 2117 1710 2164 ισ-ιοι
1724 2118 1824 2178 Λέγεται
1839 2119 1866 2169 δὲ

262 2177 420 2254 Diogenem
430 2177 508 2256 apud
518 2177 676 2236 Xeniadem
690 2179 727 2238 ad
738 2193 912 2238 senectutem
923 2183 1040 2242 venisse
1085 2177 1141 2259 cpia
1153 2175 1326 2234 ίὰίίῑνίίθνῖα
1336 2177 1376 2260 ἔτι
1387 2179 1606 2240 incurrissemus.
1617 2183 1752 2244 Πειλθὲτοῡ
1762 2189 1865 2238 θανάτου

1084 2248 1189 2308 θιαφσρσι
1198 2247 1303 2308 λέγονται
1318 2248 1391 2309 λογον·
1411 2252 1433 2298 oi
1446 2249 1487 2311 ρέν
1497 2251 1542 2315 γὰρ
1556 2253 1676 2302 πολύπσθα
1683 2255 1784 2317 φαγόντα
1794 2259 1863 2320 ὠμὸν

1084 2318 1193 2381 χολαρικῆ
1208 2318 1321 2376 ληφθῆναι
1334 2318 1381 2367 thia
1389 2321 1532 2380 τελευτῆσαι·
1549 2326 1572 2372 σί
1581 2323 1606 2372 θλ
1619 2325 1646 2372 τθ
1663 2329 1751 2386 πνεῦμα
1763 2345 1866 2393 συγκρα·

259 2393 338 2455 ρίμσυς
347 2392 509 2456 λυτρώσασθαι
525 2391 595 2440 αὐτὸν
609 2393 715 2450 θελῆσας’
727 2391 768 2440 τόν
779 2392 804 2441 θλ
817 2392 906 2450 τύήθεις
915 2395 1000 2452 αὐτούς
1010 2399 1040 2448 εί·
1083 2387 1196 2446 τίσαιτο,
1207 2388 1295 2437 hilm
1305 2391 1344 2438 ml
1354 2391 1466 2450 Κιυιιθᾶς
1475 2391 1489 2440 θ
1498 2393 1689 2453 Μεγαλοπολίτης
1698 2397 1713 2454 ῆ
1722 2398 1783 2458 Κρῆς
1789 2400 1864 2459 λέγων

259 2468 318 2512 ῃῑν·
335 2461 509 2524 οὺοὶγὰρςοῦς
528 2461 621 2518 λέοντας
641 2462 737 2518 δούλους
754 2462 814 2511 εἶναι
827 2469 875 2511 τῶν
895 2465 1037 2533 τρεφόντων,
1083 2457 1107 2506 ἐν
1118 2463 1166 2516 τοῖς
1178 2458 1312 2520 μελιάμθοις
1324 2459 1406 2516 σύτως·
1416 2460 1452 2508 oi
1464 2460 1653 2526 μάνθπύρσςγε
1664 2467 1781 2523 Σινωπεὺς
1790 2471 1863 2529 Τῆνος

258 2531 379 2588 θλλὰτσθς
390 2532 512 2594 τρέφοντας
523 2535 570 2580 τῶν
582 2530 689 2580 λεόντων·
709 2531 793 2582 θσύλσυ
807 2533 852 2593 γάρ
868 2534 897 2584 τὸ
908 2536 1036 2596 maraon·
1083 2529 1097 2576 θ
1111 2527 1277 2591 βακτροφόρας,
1289 2529 1467 2592 διπλοείματος,
1477 2531 1648 2595 αίθιριόόσκας,
1664 2533 1725 2584 Ἀλλ·
1736 2539 1807 2587 άνέόα
1816 2545 1864 2602 χεῖ-

258 2601 289 2650 τὰ
304 2602 330 2651 ολ
339 2600 408 2665 θηρία
420 2601 506 2664 φοοερα
523 2605 572 2656 τοῖς
584 2600 712 2663 ἀνθρώποις
730 2601 798 2650 ιλναι.
811 2603 882 2651 Philo
900 2605 1000 2656 luanus
1013 2608 1038 2657 ῑῃ
1082 2600 1120 2654 λος
1127 2599 1181 2648 ποτ’
1195 2597 1291 2651 θθόντατ
1301 2599 1391 2660 ἐρείσας
1406 2598 1455 2662 [καί
1467 2601 1494 2650 rh
1506 2607 1598 2664 πνεῦμα
1607 2604 1747 2669 συνθακώνλ
1763 2608 1806 2664 'tic
1820 2610 1864 2670 γάρ

257 2668 477 2720 ithetioomu.iihr.
491 2669 588 2732 μεθίημι
608 2674 653 2720 88³
665 2669 703 2718 ed.
717 2671 825 2720 anool.
838 2691 844 2720 τ
858 2673 1038 2734 deonacum:
1083 2671 1185 2726 ἇ-θαίίωί
1195 2670 1305 2728 Amittit
1317 2669 1390 2724 Ζανὸς
1405 2670 1474 2730 γόνος
1486 2671 1591 2736 oirpdutdc
1603 2689 1629 2722 τε
1638 2675 1709 2725 κύων.
1721 2677 1796 2727 Ἄλλοι
1807 2681 1863 2741 paci
1967 2681 1968 2684 ’

256 2741 381 2804 primm
398 2739 508 2798 Διογένης
524 2741 579 2802 ὕψει
595 2741 637 2788 ui
655 2740 745 2801 μεγέθει
763 2740 870 2803 emp
890 2744 1035 2806 φρονήματος
1081 2736 1200 2787 πολύπουν
1225 2737 1280 2786 κυσλ
1301 2738 1489 2802 συμμερίσασθαι
1509 2741 1650 2804 βουλόμενον
1672 2745 1735 2794 οὕτω
1752 2747 1862 2808 δηχθῆναι

256 2811 373 2874 ἐχρήσατο
381 2845 389 2870 ,
398 2809 456 2858 ὥσθ’
472 2809 542 2865 άλσλις
553 2809 600 2859 ύπθ
610 2811 711 2870 λησττῖνν,
726 2809 776 2858 ἐπελ
786 2810 902 2874 γλίσχρως
916 2814 957 2862 καλ
969 2816 1037 2878 μόγις
1081 2812 1123 2856 τοῦ
1136 2807 1205 2863 ποθός
1216 2807 1257 2855 τὸν
1268 2807 1363 2856 τένοντα
1373 2809 1414 2856 καί
1426 2813 1594 2874 καταστρέψαι.
1609 2815 1639 2862 0l
1660 2815 1738 2876 μέντοι
1749 2817 1862 2880 ,γνώριμοι

256 2881 297 2938 τὰς
307 2879 435 2942 αναγνιαίας
445 2883 557 2941 παρεῖχον
569 2878 634 2940 αύτῷ
643 2878 736 2940 τροφάς,
748 2880 798 2928 σύθ·
807 2882 853 2930 dxi
862 2889 904 2939 τῆς
915 2886 1036 2946 παρούσης
1081 2877 1163 2938 αὑτοῦ,
1173 2877 1234 2926 καθά
1246 2894 1316 2939 φησιν
1329 2879 1470 2940 Ἀντισθένης
1480 2882 1503 2931 ἐν
1511 2883 1649 2946 θιαθοχαῖς,
1661 2885 1753 2943 eluctor
1761 2890 1804 2946 τὴν
1821 2892 1862 2938 τού

254 2951 327 3013 τύχης
341 2949 465 3011 muricis.
475 2949 529 2998 οὔτε
543 2950 585 3009 τῆν
599 2949 710 3011 ὠμότητα
725 2954 772 2999 τῶν
787 2952 926 3013 ὑπηγμένων
942 2954 1036 3015 θείοις,
1057 2979 1060 2996 ·
1080 2948 1210 3011 πνεύματος
1220 2947 1385 3014 συγκράτησιν.
1395 2951 1522 3018 ’lirinum
1530 2954 1572 3015 μὲν
1581 2955 1720 3019 γὰροιάγσνν
1729 2958 1794 3022 ἐντῷ
1804 2964 1855 3025 αρε

254 3020 430 3077 armorum,
445 3018 498 3079 ἐφη,
509 3018 597 3080 γίνεται
605 3055 612 3079 ,
625 3020 735 3079 θελφίικια
744 3022 787 3081 μέν
800 3022 815 3079 ῆ
832 3021 940 3083 πρόὸατα
965 3026 1037 3075 andeg
1054 3002 1060 3093 Ι
1080 3019 1135 3081 νείῳ
1143 3024 1177 3083 τῷ
1183 3022 1228 3085 πρὸ
1236 3026 1277 3079 τῆς
1291 3021 1402 3083 Κορίνθου
1416 3026 1547 3088 γυμνασίῳ·
1559 3027 1619 3075 κατὰ
1631 3027 1656 3076 θὲ
1665 3028 1692 3077 τθ
1706 3028 1755 3085 έθσς
1769 3029 1828 3089 ἧκον
1839 3035 1861 3081 σί

255 3090 334 3153 μέλλοι
348 3088 536 3150 πιπράσκεσθαι,
552 3094 646 3152 τροφαῖς
664 3090 849 3152 ἐπιμελεστέραις
860 3093 893 3148 εἷς
907 3089 1035 3157 admisi
1056 3104 1060 3135 τ
1079 3091 1190 3153 γνώριμοι
1203 3093 1241 3139 καί
1257 3090 1326 3141 αὐτὸν
1336 3096 1552 3155 καταλαμθάνουσιν
1565 3096 1764 3161 ἐγκεκαλυμμένον
1778 3104 1819 3149 καί
1834 3103 1863 3151 εί·

254 3163 366 3223 πιαίνειν,
375 3162 442 3224 ζῴων
455 3160 482 3208 θλ
494 3160 522 3208 τό
530 3160 636 3222 άριστσν,
647 3158 776 3221 ἅνθρωποι,
789 3162 891 3219 άσιτίσις
900 3169 1034 3215 κατασιιλη-
1055 3152 1060 3199 3
1079 3176 1156 3209 αασαν
1165 3162 1236 3211 αὐτὸν
1243 3165 1376 3222 κοιμᾶσθαι·
1385 3163 1489 3227 σύθλγὰρ
1495 3164 1523 3223 ῆν
1530 3181 1564 3221 τις
1570 3168 1694 3223 νυσταλέος
1702 3170 1742 3217 παλ
1752 3172 1861 3231 ὑπνηλός,

115 3276 145 3293 ,,
181 3292 186 3298 Ι
205 3233 377 3293 wissa,
391 3230 580 3287 ἐπευωνίζωθατ.
593 3230 680 3280 Aethi
692 3230 718 3277 θε
731 3231 815 3290 τρορὰς
830 3233 941 3294 διοριεῖς,
954 3236 1035 3296 θεοειδῆ
1055 3214 1060 3275 ί
1079 3232 1149 3281 Ὅθεν
1162 3231 1349 3287 ἀποπετάσαντες
1364 3233 1403 3281 τθν
1417 3233 1518 3295 τρίθωνα
1533 3234 1632 3283 ἐκπνσυν
1650 3236 1720 3286 αύτθν
1739 3245 1863 3304 καταλαμ-

15 3314 18 3323 “
76 3296 82 3303 ’
254 3303 303 3365 μεθ’
312 3304 396 3365 ἐτέρων
408 3302 500 3363 ἐμιλλαν
513 3301 708 3362 άπεμπολιῖσθαι,
717 3300 816 3357 καθίσας
827 3302 937 3364 πρότερον
950 3305 1035 3370 ἐμέο-ια
1080 3302 1177 3351 άάνουσι
1190 3302 1229 3349 καί
1240 3300 1355 3349 ύττέλαόσν
1367 3308 1436 3351 τοῦτο
1448 3305 1532 3364 πρᾶξαι
1545 3304 1685 3367 βουλόμενον
1703 3308 1784 3358 λοιπὸν
1796 3314 1864 3369 harei·

254 3372 308 3437 μόλ’
315 3372 443 3435 εὐθαρσῶς,
456 3370 571 3427 ἐπιδιδοὺς
583 3371 624 3417 καὶ
634 3373 683 3425 τοῖς
694 3369 802 3427 πλησίον.
812 3372 879 3427 ‘liuha
889 3372 914 3421 θλ
923 3373 952 3422 σύ
963 3375 1034 3436 μόνον
1079 3374 1150 3422 ελθεῑν
1164 3374 1206 3420 τοῦ
1226 3369 1287 3433 βίον.
1299 3370 1373 3419 Ἔνθα
1384 3372 1424 3419 καλ
1438 3372 1534 3430 στάσις,
1550 3374 1581 3428 ὥς
1603 3390 1672 3435 φασιν
1678 3410 1686 3435 ,
1706 3376 1798 3437 ἐγένετο
1811 3388 1864 3431 ,τῶν

253 3444 414 3505 λυπουμένου,
430 3441 490 3490 ἀλλὰ
506 3442 545 3490 καί
557 3441 647 3502 σρόθρα
659 3446 832 3503 κατηφοῦντος,
847 3444 883 3491 Oh
895 3444 975 3507 παύση
993 3451 1034 3505 τῆς
1078 3441 1211 3505 γνωρίμων,
1224 3440 1364 3501 τίνεςαύτθν
1375 3440 1494 3503 θάψωσιν·
1512 3442 1571 3491 ἀλλά
1586 3444 1625 3491 καί
1643 3444 1710 3507 μέχρι
1722 3454 1809 3510 χειρῶν
1823 3452 1866 3513 ῆι.
1968 3484 1969 3491 ,

252 3513 375 3573 ουννοίαςς
387 3511 440 3573 ἐφη,
457 3516 507 3573 χρῶ
519 3515 567 3567 τοῖς
580 3514 689 3573 παροῦσι.
703 3511 749 3558 Καὶ
760 3512 803 3575 γάρ
814 3513 835 3559 τ’
845 3512 951 3576 ἠύκομος
959 3516 1033 3573 Nassa
1078 3516 1125 3562 θον.
1139 3512 1289 3573 Ἀφικομένων
1299 3511 1324 3559 θέ
1338 3514 1385 3559 τῶν
1396 3513 1502 3575 πατέρων
1518 3515 1615 3562 καὶτῶν
1628 3514 1789 3580 ὑπερεχόντων
1797 3555 1805 3578 ,
1813 3524 1863 3572 ὑπὸ

252 3585 370 3647 ἐμνήσατο
381 3583 457 3641 σίτου,
467 3586 547 3645 Τῆπτρ
558 3582 651 3632 θύθεκα
661 3582 742 3638 παίθες
757 3582 789 3631 ἐνί
800 3583 934 3645 μεγάροισιν
943 3585 1032 3645 όλσντο,
1077 3584 1166 3639 τούτοις
1177 3587 1277 3645 ταρῆναι
1289 3581 1330 3631 τθν
1345 3581 1416 3653 άνθρα
1426 3582 1491 3645 παρὰ
1501 3588 1530 3645 τῇ
1546 3584 1607 3647 πύλη
1619 3589 1648 3647 τῆ
1661 3587 1761 3648 φερούσῃ
1773 3590 1808 3646 εἰς
1821 3594 1862 3642 τὸν

252 3657 294 3713 Ἓξ
311 3656 353 3717 μέν
368 3656 503 3718 θυγατέρες,
519 3653 542 3709 ἐξ
557 3652 578 3702 θ’
591 3652 650 3708 υίέες
669 3655 792 3711 ῆόὼοντες.
811 3654 1032 3717 Ἐπινεανιευμίνοις
1082 3654 1183 3717 Ἰσθμόν.
1195 3652 1344 3711 Ἐπέστησάν
1359 3652 1380 3701 τΙ
1393 3652 1458 3715 αύτῷ
1469 3653 1537 3702 ιιίσνα
1548 3656 1588 3703 καί
1603 3654 1640 3705 ἐπ’
1652 3656 1716 3715 αύτῷ
1728 3658 1794 3707 λίθου
1810 3664 1861 3711 Πα.

207 3755 211 3762 ·
251 3728 299 3776 τισί
309 3730 356 3774 τῶν
368 3725 489 3782 ι’σνητιιιῶς
505 3722 621 3786 ἐχόντων,
631 3723 660 3772 Τί
671 3723 690 3772 θ’
700 3726 780 3785 ολθας;
792 3724 891 3788 Ἆρχειν,
903 3726 981 3788 εἶπεν,
991 3728 1033 3774 iu·
1077 3725 1128 3787 ρίου
1139 3724 1209 3775 siue.
1222 3723 1336 3787 Ὕστερον
1348 3722 1374 3771 ti
1386 3724 1425 3771 καλ
1435 3726 1457 3773 ol
1466 3724 1561 3773 πολῖται
1576 3724 1647 3775 αὐτοῦ
1659 3728 1758 3788 χαλκαῖς
1769 3730 1859 3781 ελκόσιν

252 3797 366 3860 θρύπων,
378 3798 411 3851 ὡς
424 3796 500 3851 ἐοικε,
512 3800 552 3852 τῆς
568 3796 644 3857 ψυχῆς
661 3796 689 3844 τλ
705 3795 820 3857 ἐλεύθερον
836 3796 976 3857 καὶείπγενές
991 3801 1031 3847 καί
1077 3794 1189 3859 ἐτίμησαν
1204 3794 1273 3843 αὐτὸν
1293 3794 1333 3842 καί
1344 3794 1477 3855 ἐπέγραψαν
1492 3796 1562 3844 οὕτω·
1581 3795 1696 3860 Γηράσιιει
1720 3799 1759 3847 καί
1771 3802 1859 3862 χαλκὸς

251 3866 320 3929 φύσει
334 3865 458 3927 βασιλικόν
474 3865 617 3925 ὑπηχούσης.
631 3864 692 3921 'litu
706 3866 732 3914 ἐέ
746 3866 786 3913 καὶ
798 3864 855 3927 πρὸς
871 3869 1031 3929 χαριεντισμθν
1076 3866 1289 3929 ύπθχρόνσυ,θλλά
1298 3864 1340 3915 σθν
1352 3866 1401 3917 σιἰττ
1416 3866 1491 3921 Κῦθος
1504 3866 1518 3913 θ
1532 3870 1578 3922 πᾶς
1595 3868 1667 3931 αίύν,
1681 3868 1790 3931 Διόγενες
1799 3908 1807 3933 ,
1817 3890 1857 3921 κα·

250 3936 298 3986 iro
308 3942 349 3993 τῆς
358 3936 471 3991 συνήθους
485 3935 622 3997 ἐκεχειρίας,
632 3935 656 3983 ἐν
666 3934 686 3996 ᾧ
697 3938 719 3983 οί
729 3936 794 3983 ἄλλοι
806 3936 913 3991 συννοίας
925 3939 1031 3997 γέμοντες
1076 3936 1148 4005 ider
1155 3942 1238 3997 μοῦνος
1253 3935 1303 3983 ἐπεὶ
1319 3936 1399 3998 βιοτᾶς
1408 3933 1524 3998 αὐτάρκεα
1540 3936 1608 3991 θόξαν
1618 3937 1701 3993 ἐθειίας
1712 3940 1811 3997 θνατοῖς
1820 3942 1857 3989 καί

251 4007 379 4069 κατήφουν,
390 4006 513 4067 ἐτράπετο.
530 4007 629 4066 Λέγεται
642 4010 711 4065 γοῦν,
726 4008 761 4054 ότι
770 4006 911 4067 θεασάμενός
921 4024 974 4056 τινα
983 4014 1031 4057 τῶν
1076 4008 1135 4062 ζωᾶς
1150 4006 1218 4068 σίμον
1228 4006 1390 4066 ἐλαφροτάταν.
1403 4004 1471 4053 Ἐστι
1484 4006 1523 4054 καλ
1532 4008 1599 4068 ῆμιῖιν
1607 4008 1630 4055 ἐν
1640 4012 1674 4071 τῷ
1683 4011 1856 4073 προκελευσμα·

250 4078 398 4139 ὠνουμένων,
411 4076 437 4123 θν
446 4076 527 4133 θήλεια
536 4075 604 4131 νόσος
617 4076 696 4137 εἶχεν,
705 4077 733 4124 ἐκ
739 4081 779 4134 τῆς
788 4075 864 4137 histee
877 4077 921 4125 σύκ
930 4077 1029 4142 άρρενα,
1075 4080 1133 4138 τιαῷ
1144 4078 1228 4141 μέτρῳ·
1238 4074 1388 4137 Α.Διόγενες,
1398 4074 1440 4137 άγε
1451 4076 1503 4136 λέγε
1509 4076 1543 4131 τίς
1552 4077 1621 4125 itate·
1630 4094 1658 4127 σε
1665 4078 1733 4143 μέρος
1743 4082 1765 4135 ἐς
1773 4080 1853 4137 Ἅῑθσς.

178 4174 184 4182 ·
250 4149 384 4212 προσελθὼν
395 4146 446 4208 ἐφη·
458 4147 490 4196 Σύ
504 4162 533 4207 με
546 4146 615 4207 πρίω·
631 4147 661 4195 σὺ
671 4148 715 4209 γάρ
727 4147 807 4209 άνθρὸς
819 4146 901 4209 χρείαν
912 4148 974 4212 ἐχειν
990 4166 1031 4212 μοι
1075 4149 1103 4194 Δ.
1114 4146 1292 4209 ἐλαθέμεκυνὸς
1298 4144 1377 4209 άγριον
1387 4145 1449 4201 hirii.
1459 4146 1533 4195 Ἔνιοι
1542 4148 1631 4209 θέραοι
1639 4150 1779 4197 τελευτῶντα
1786 4152 1854 4199 αὐτὸν

249 4217 333 4279 θοκτῖς,
349 4221 382 4273 ὡς
392 4217 433 4265 τθν
443 4218 485 4278 μέν
496 4216 673 4277 θυσωπηθέντα,
683 4216 718 4277 ἐφ’
728 4216 763 4272 ολς
772 4218 849 4277 ἐαυτῷ
861 4216 966 4281 ούνοιθε,
983 4236 1029 4269 κα·
1074 4218 1217 4267 ἐντείλασθαι
1227 4216 1314 4279 ἄταφον
1327 4218 1391 4279 pidet
1407 4218 1439 4272 θις
1452 4220 1500 4265 πᾶν
1516 4216 1593 4279 θηρίον
1611 4218 1682 4267 αὐτοῦ
1698 4218 1828 4283 μετάσχοι,
1840 4222 1854 4278 ῆ

242 4289 353 4351 ,ταθύνεη
367 4287 421 4343 τοὺς
441 4287 466 4336 θλ
477 4287 560 4343 ἄλλους
575 4286 602 4335 τὸ
612 4287 655 4335 σὺν
672 4286 782 4349 εὐτολμία
792 4286 915 4335 εύθύόολον
932 4288 1031 4346 ἐκπλήτ-
1074 4288 1107 4345 είς
1116 4306 1143 4351 γε
1154 4290 1236 4351 βόθρον
1252 4290 1357 4336 συνῶσαι
1369 4288 1408 4335 καί
1421 4286 1501 4347 ὀλίγην
1516 4286 1581 4335 κόνιν
1594 4287 1723 4349 ἐπαμῆσαι·
1738 4291 1760 4337 ολ
1771 4290 1812 4350 θέ,
1825 4292 1854 4345 είς

248 4361 335 4409 τεσθαι.
344 4383 375 4394 -
388 4358 422 4420 (θ)
435 4358 503 4419 Diog.
513 4359 591 4406 baeti.
603 4356 643 4406 lih.
657 4360 782 4419 visto-3²
797 4376 803 4404 ι
822 4357 937 4413 Eteocle:
946 4358 972 4407 θέ
982 4376 1028 4420 φη·
1073 4360 1113 4408 τέν
1128 4360 1227 4408 Ἰλισσὸν
1243 4358 1366 4420 ἐμόαλεῑν,
1377 4358 1416 4405 ίνα
1430 4363 1480 4413 τοῖς
1497 4358 1602 4420 άθελφσῖς
1618 4358 1732 4422 χρήσιμος
1750 4360 1851 4420 γένηται.

251 4438 289 4478 σιν
297 4431 321 4478 ἐν
335 4432 370 4491 τῷ
380 4428 558 4491 ἐπιγραφομένῳ
570 4426 692 4488 Διογένους
705 4426 884 4489 πράσις,σύτως
899 4428 964 4485 άγειν
975 4430 1028 4485 τοὺς
1074 4428 1203 4491 Δημήτριος
1212 4425 1232 4475 θ’
1240 4425 1264 4473 ἐν
1276 4430 1325 4480 τοῖς
1337 4426 1484 4495 Ὁμωνύμοις
1495 4427 1551 4488 φησί
1563 4427 1687 4485 τῆςιαύτῆς
1696 4430 1782 4491 ἡμέρας
1796 4428 1853 4478 Ἁλέ-

246 4500 382 4555 παῑθαςτσύ
394 4497 692 4559 Ξενιάθσυμετὰτάλοιπὰ
701 4497 1026 4561 μαθήματα,όιστείππεύειν,
1074 4498 1165 4563 ξανθρσν
1176 4497 1218 4558 μὲν
1233 4495 1257 4544 έν
1268 4496 1399 4556 basona,
1409 4496 1519 4557 Διογένην
1528 4496 1549 4545 θ’
1562 4496 1585 4545 ἐν
1598 4498 1702 4563 Κορίνθῳ
1710 4500 1852 4557 τελευτῆσαι.
1880 4552 1883 4561 Ι

246 4569 360 4631 τοξεύειν,
382 4570 526 4631 σφενδονᾶν,
541 4567 676 4625 άιισντίζειν.
695 4566 793 4617 Ἔπειτα
806 4567 830 4615 ἐν
851 4572 879 4630 τῆ
898 4568 1030 4633 παλαίστρα
1073 4568 1118 4617 'liv
1132 4568 1158 4617 θέ
1169 4568 1242 4630 γέρων
1252 4566 1313 4615 κατὰ
1323 4566 1364 4623 τῆν
1378 4566 1455 4629 τρίτην
1466 4566 1505 4614 καί
1516 4566 1612 4625 δεκάτην
1621 4570 1660 4615 καὶ
1673 4569 1801 4625 ἑκατοστήν
1812 4572 1853 4618 ’0-

247 4640 291 4690 aira
300 4630 410 4703 ἐπέτρεπε
419 4644 454 4701 τῷ
464 4639 602 4703 πατθοτρίόη
612 4640 741 4697 ἀθλητικῶς
753 4640 826 4702 άγειν,
841 4639 890 4688 ἀλλ’
906 4640 1029 4690 αύτυύτού
1073 4638 1198 4701 λυμπιάθα,
1217 4635 1304 4685 suidas
1318 4646 1341 4683 υ.
1360 4636 1476 4695 Διογένης·
1486 4636 1580 4699 γηραιὸς
1594 4636 1619 4685 θέ
1636 4638 1670 4685 ὢν
1686 4636 1731 4691 ύπό
1745 4638 1852 4699 πειράτου

246 4710 387 4774 ἐρυθήματος
402 4709 470 4774 χάριν
483 4712 524 4759 καί
543 4710 639 4767 εύιξίας.
650 4712 767 4773 Κατεῖχον
778 4712 804 4759 θλ
815 4713 838 4759 ol
855 4712 937 4767 παῖδες
953 4712 1026 4761 πολλὰ
1074 4704 1200 4769 Σκιρτάλου
1211 4706 1296 4768 ἐλήφθη
1304 4706 1344 4753 καὶ
1356 4704 1448 4767 πραθεὶς
1459 4704 1484 4753 ἐν
1495 4705 1600 4769 Κορίνθῳ
1611 4706 1710 4768 Ξενιάδῃ
1721 4705 1780 4767 τινί,
1790 4707 1852 4770 παρὰ

246 4785 351 4837 ποιητῶν
362 4781 402 4827 καλ
417 4780 568 4845 συγγραφέων
577 4780 617 4827 καὶ
628 4784 675 4829 τῶν
687 4781 759 4829 αὐτοῦ
768 4782 899 4841 Διογένους·
914 4780 994 4829 πᾶσάν
1003 4798 1028 4831 τε
1074 4781 1109 4839 τῷ
1121 4776 1240 4839 πριαμένῳ
1256 4777 1365 4837 διέμεινεν
1383 4774 1429 4838 οὐχ
1441 4773 1547 4837 ἐλόμενος
1559 4778 1654 4833 λυθῆναι
1665 4776 1711 4825 ὑπὸ
1728 4780 1775 4823 τῶν
1787 4776 1850 4834 Ἁθη·

246 4848 328 4912 λροθσν
341 4850 465 4911 σύντομον,
475 4851 531 4913 πρὸς
542 4850 570 4899 τὸ
578 4850 776 4913 εὐμνημόνευτον,
790 4851 897 4911 ἐπήσκει,
911 4852 950 4899 Ἐν
968 4851 1028 4915 οϊνῳ
1072 4846 1143 4910 ναίων
1153 4847 1193 4894 ιιαί
1209 4851 1256 4894 τῶν
1275 4845 1367 4894 οίκείων
1386 4844 1466 4906 φίλων.
1482 4848 1536 4895 Ἐπί
1549 4846 1573 4894 θλ
1587 4851 1627 4903 τῆς
1639 4844 1683 4907 ριγ’
1697 4844 1851 4907 Ὀλυμπιάδος

246 4935 272 4967 τε
284 4919 393 4969 ἐθίθααιιε
408 4921 565 4969 διακονεῖσθαι
580 4922 632 4984 λιτῇ
650 4926 726 4984 τρσφῆ
743 4923 891 4984 χρωμένους,
909 4922 949 4970 καλ
965 4921 1028 4983 ύθωρ
1073 4917 1211 4979 ratinpah:
1219 4916 1259 4965 τὸν
1268 4916 1319 4979 βίον
1336 4916 1427 4977 θηχθεὶς
1437 4916 1483 4965 harh
1498 4916 1566 4971 κυνθς
1584 4916 1612 4965 τθ
1628 4918 1710 4972 σκελος
1729 4919 1769 4966 καί
1785 4920 1848 4981 θερα-

245 4986 362 5044 πίνσντας.
375 4990 415 5039 Ἐν
424 4994 474 5053 χρῷ
487 4989 581 5053 κουρίας
594 5007 620 5039 τε
633 4994 673 5040 καὶ
688 4989 880 5048 ἀκαλλωπίστους
893 4989 1026 5054 εἰργάζετο,
1071 4988 1137 5043 ποίας
1150 4986 1264 5051 θπιριθὼν
1277 4986 1338 5035 κατὰ
1349 4987 1390 5044 τῆν
1400 4986 1473 5045 αὐτὴν
1488 4987 1587 5050 ἡμέραν,
1599 4986 1638 5035 ὅτε
1657 4987 1721 5036 καλθ
1737 4988 1850 5036 Μακεδὼν

246 5059 287 5105 πελ
297 5056 412 5119 ἀχίτωνας
423 5060 464 5108 καί
476 5061 646 5119 όνυπσθήτους,
658 5062 700 5109 καί
712 5062 860 5118 σιωπηλσύς,
875 5062 927 5110 καθ’
943 5061 1027 5117 αύτούς
1072 5057 1213 5121 Ἀλέξανδρος
1224 5057 1248 5105 ἐν
1257 5058 1377 5106 nemina
1391 5056 1511 5106 ἀπέθανεν.
1525 5056 1686 5118 Hieronymus
1704 5056 1746 5106 lib.
1766 5060 1795 5106 Ιί·
1806 5058 1849 5105 ad·

248 5127 405 5189 βλίπσντσιςέν
417 5134 468 5185 ταῖς
479 5130 549 5187 θθσις.
570 5130 653 5191 ’litim
664 5130 777 5187 θάθτσύς
791 5133 831 5180 καὶ
841 5132 879 5180 ἐπὶ
889 5129 1025 5193 κυνηγισίᾳ.
1073 5139 1158 5177 versus
1169 5128 1345 5179 turinianum:
1361 5129 1481 5179 Virtutem
1494 5140 1546 5189 ενοι
1556 5129 1581 5178 εί
1598 5128 1770 5179 continentiam
1786 5141 1849 5179 mors

247 5198 278 5247 Οί
288 5195 314 5244 θλ
321 5195 360 5243 καὶ
368 5197 439 5247 αὐτού
448 5201 569 5268 Διογένους
580 5200 712 5263 ἐπιμέλιιαν
722 5201 852 5259 ἐποιοῦντο,
859 5202 900 5250 καλ
909 5201 965 5265 πρὸς
973 5200 1027 5259 τοὺς
1072 5210 1167 5262 quoque
1180 5196 1278 5249 intimi
1289 5200 1348 5249 Nem
1365 5210 1442 5259 quum
1452 5198 1481 5247 ad
1490 5208 1590 5259 agonem
1602 5197 1734 5261 Olympia,
1747 5199 1788 5260 qui
1799 5212 1847 5248 ma·
