3959 5925
285 360 339 402 xri
924 342 975 400 DE
996 341 1236 403 PYTHAGORA

285 474 492 553 hemicylindri
509 476 637 534 sectione
652 475 724 533 duas
739 476 848 534 medias
860 496 916 554 pro
929 477 1065 554 portione
1108 478 1151 535 les
1164 477 1223 555 (99)
1240 488 1297 535 tres
1311 477 1406 536 libros
1418 478 1456 536 de
1469 460 1803 557 Archytae-philosophia
1817 480 1887 538 reli·

284 584 397 625 sumere
411 564 529 623 studens
546 563 581 637 ad
598 563 666 621 cubi
682 563 920 641 duplicationem.
944 562 1010 640 lpse
1020 566 1065 622 vi·
1108 577 1212 642 querat
1225 578 1311 642 atque
1325 564 1454 642 ejusdem
1465 579 1493 624 ct
1506 567 1609 625 Timaei
1624 566 1796 643 placitorum
1809 586 1891 625 sum-

199 716 206 733 ,
284 654 390 713 delicet
402 653 515 731 primus
527 652 558 709 in
572 652 730 728 geometria
749 652 817 709 cubi
837 651 1063 729 duplicationem
1107 672 1184 711 mam
1198 653 1378 728 vulgaverat.
1395 654 1538 711 Praeterea
1552 654 1744 711 Aristoxenus
1756 653 1837 728 (roo)
1853 654 1891 711 de

284 742 428 820 repperit,
449 739 693 817 quemadmodum
716 739 799 797 Plato
814 739 944 797 inlibris
960 739 1063 797 delle·
1109 740 1246 818 Archytae
1267 741 1329 798 vita
1348 741 1618 800 commentariolum
1641 739 1788 810 ediderat,
1804 740 1891 817 cujus

283 828 401 908 publica
419 841 547 887 testatur.
567 827 674 887 Eodem
689 827 816 904 pertinet
836 827 923 884 etiam
938 827 1065 901 insignis
1107 830 1283 888 mentionem
1311 831 1380 888 facit
1405 830 1556 887 Athenaeus
1571 828 1623 889 lib.
1646 827 1712 899 llll,
1742 848 1807 906 cap.
1836 832 1884 896 64,

282 917 410 975 Vitruvii
423 917 523 989 locus,
541 915 612 975 libri
628 916 698 974 noni
713 915 744 971 in
766 914 860 991 capite
880 917 966 972 tertio
986 913 1065 973 hunc
1108 918 1200 995 psas
1215 920 1250 977 A.
1261 917 1477 995 Suntquihunc
1489 918 1533 975 vel
1545 917 1633 975 alium
1642 915 1798 993 Archytam
1810 917 1886 992 (ror)

282 1004 314 1062 in
333 1002 451 1061 modum
473 1001 627 1061 scribentis
651 1023 658 1057 :
681 999 913 1058 «Transferatur
933 1018 1015 1057 mens
1028 1000 1064 1058 ad
1109 1005 1279 1082 crepitaculi
1299 1006 1481 1063 inventorem
1503 1004 1613 1075 ferant,
1634 1002 1712 1079 quod
1728 1001 1890 1061 infantibus

284 1090 419 1168 Archytae
433 1091 585 1149 Tarentini
599 1102 628 1147 et
641 1088 854 1147 Erastosthenis
865 1087 999 1165 Cyrenaei
1013 1110 1063 1147 co·
1108 1092 1155 1149 vel
1169 1094 1302 1170 puerulis
1315 1093 1385 1151 dare
1399 1091 1539 1152 solebant.

283 1180 382 1255 gitata.
406 1178 443 1236 lli
466 1178 544 1237 enim
568 1176 659 1234 multa
672 1188 700 1233 et
717 1188 832 1251 gratae
854 1176 1065 1235 mathematicis
1148 1178 1270 1256 Excjus
1289 1180 1412 1238 decretis
1430 1179 1503 1237 illud
1518 1180 1599 1256 quod
1614 1178 1649 1235 ad
1668 1191 1778 1236 motum
1800 1191 1888 1236 natu-

283 1264 371 1324 rebus
391 1264 561 1324 hominibus
582 1264 767 1323 invenerunt.
792 1262 894 1340 ltaque
917 1284 1007 1341 quum
1030 1266 1062 1322 in
1107 1267 1197 1326 ralem
1220 1281 1333 1347 spectat
1348 1268 1488 1342 allegatur
1509 1264 1547 1323 ab
1561 1264 1716 1322 Aristotele
1736 1263 1886 1325 Problem.

284 1352 394 1410 caeteris
412 1349 633 1409 inventionibus
648 1349 756 1408 fuerint
767 1350 861 1425 grati,
881 1352 913 1409 in
935 1351 1000 1429 ejus
1020 1352 1064 1409 rei
1106 1354 1181 1426 XVI,
1197 1377 1216 1431 9
1231 1354 1321 1435 (roa).
1337 1354 1479 1413 Censebat
1491 1366 1584 1411 autem
1596 1351 1774 1409 Tarentinus
1788 1353 1889 1429 physi-

283 1438 548 1497 concertationibus
570 1438 697 1496 maxime
717 1452 785 1496 sunt
814 1442 951 1517 suspecti.
980 1440 1064 1498 Alius
1107 1464 1158 1503 cus
1172 1444 1203 1501 in
1218 1457 1299 1501 motu
1320 1442 1452 1501 naturali·
1467 1458 1579 1517 aequam
1598 1439 1819 1517 proportionem
1838 1441 1888 1497 in-

282 1527 359 1583 enim
373 1527 431 1584 alia
451 1526 564 1584 ratione
584 1526 732 1605 explicare
746 1530 874 1598 curavit,
890 1527 969 1604 quod
987 1528 1062 1586 Delo
1107 1551 1180 1601 esse,
1194 1533 1292 1588 omnia
1300 1528 1613 1609 proportionemoreri
1625 1540 1762 1585 statuens.

208 1632 211 1639 ·
280 1615 473 1691 imperaverat
484 1614 634 1692 responsis
645 1613 766 1691 Apollo,
778 1614 821 1671 uti
834 1632 891 1671 arae
899 1614 963 1690 ejus
971 1635 1062 1692 quan·
1147 1618 1279 1677 Transeo
1291 1618 1327 1675 ad
1335 1617 1445 1692 ingenii
1460 1617 1522 1689 ejus
1536 1626 1733 1684 monumenta,
1747 1634 1812 1690 quae
1821 1616 1889 1692 plu-

281 1716 341 1761 tum
356 1702 476 1761 haberet
486 1701 592 1780 pedum
608 1701 830 1778 quadratorum,
851 1702 881 1760 id
894 1702 1062 1780 duplicare·
1106 1708 1182 1764 rima
1199 1707 1287 1765 fuere.
1304 1706 1436 1763 Primum
1450 1703 1568 1780 quidem
1582 1720 1700 1775 agamus
1714 1701 1752 1765 de
1770 1703 1890 1780 scriptis
1964 1727 1965 1772 3

282 1804 329 1849 tur
347 1813 353 1847 :
370 1804 399 1849 ct
412 1791 453 1847 ita
467 1790 543 1860 fore,
561 1802 593 1847 ut
616 1788 647 1845 hi
662 1790 713 1865 qui
729 1802 823 1847 essent
844 1791 875 1847 iu
897 1809 931 1848 ea
949 1791 1062 1862 insula,
1107 1794 1276 1855 moralibus.
1296 1792 1466 1870 Composuit
1490 1790 1583 1848 libros
1608 1790 1650 1846 De
1671 1790 1736 1847 riro
1754 1788 1834 1847 bono
1860 1806 1889 1848 et

281 1893 349 1938 tunc
361 1880 503 1954 religione
520 1878 727 1937 liberarentur.
742 1878 843 1956 ltaque
857 1878 999 1954 Archytas
1009 1878 1062 1935 he·
1105 1881 1275 1954 beato,item
1289 1883 1331 1939 lle
1340 1881 1472 1940 doctrina
1485 1879 1602 1948 morali,
1612 1897 1702 1955 porro
1715 1876 1758 1934 De
1771 1879 1886 1957 sapien·
1964 1941 1965 1948 .

281 1967 523 2043 micylindrorum
563 1966 828 2044 descriptionibus,
857 1965 1062 2025 Eratosthenes
1106 1972 1163 2046 tia,
1178 1984 1317 2049 praeterea
1330 1970 1450 2045 Delege
1463 1979 1492 2025 et
1502 1967 1633 2043 justitia,
1647 1965 1772 2041 denique
1786 1966 1829 2023 De
1842 1967 1887 2024 di-

281 2056 420 2131 organica
430 2054 581 2131 mesolabii
597 2056 709 2114 ratione
719 2054 794 2112 idem
806 2056 1036 2132 explicaverunt.
1049 2080 1062 2106 ν
1106 2060 1257 2137 sciplinis,
1280 2077 1297 2116 e
1318 2057 1426 2135 quibus
1442 2054 1575 2113 Stobaeus
1588 2066 1617 2111 et
1634 2052 1812 2111 lamblichus
1826 2054 1882 2111 fra·

280 2141 451 2219 columbam
477 2144 623 2201 volantem
648 2163 664 2200 e
688 2144 769 2218 ligno
793 2143 917 2201 confecit
946 2144 994 2201 vir
1017 2161 1061 2200 sa·
1106 2161 1222 2222 gmenta
1234 2145 1398 2224 proferunt,
1409 2162 1474 2221 quae
1488 2142 1568 2199 Phil.
1584 2140 1638 2199 Gr.
1654 2138 1767 2213 Fragm.
1782 2142 1842 2198 vol.
1859 2141 1888 2212 l,

280 2231 399 2310 pientiae
410 2222 595 2309 professione
613 2233 725 2301 clatus,
747 2230 783 2289 de
798 2250 857 2307 quo
871 2244 1007 2308 portento
1020 2234 1062 2289 sic
1106 2255 1137 2313 p.
1153 2234 1282 2292 553-562
1297 2235 1446 2309 leguntur.
1461 2230 1542 2288 Adde
1556 2227 1701 2306 Epistulas
1719 2246 1737 2283 a
1755 2227 1887 2303 Diogene

280 2320 316 2379 A.
333 2318 446 2377 Gellius
463 2318 517 2377 lib.
531 2318 575 2391 X,
591 2339 625 2375 ra
641 2340 647 2374 :
663 2346 674 2371 ι
694 2318 749 2375 Sed
766 2319 798 2376 id
813 2319 893 2395 quod
904 2319 1060 2396 Archytam
1107 2322 1225 2380 Laertio
1238 2328 1369 2380 'servatas
1383 2333 1412 2378 et
1427 2317 1560 2377 libellum
1583 2316 1626 2373 De
1640 2333 1795 2393 puerorum
1814 2316 1890 2374 edu-

280 2406 505 2483 Pythagoricum
518 2420 710 2464 commentum
719 2425 782 2464 esse
792 2420 878 2483 atque
892 2406 994 2465 fecisse
1006 2421 1062 2465 tra·
1107 2408 1333 2485 catione‚¹cujus
1341 2406 1473 2464 meminit
1483 2404 1692 2474 Philostratus,
1705 2403 1805 2480 paucis
1817 2403 1889 2461 inde

280 2494 371 2564 ditur,
395 2513 489 2572 neque
520 2496 616 2553 minus
640 2493 827 2565 admirabile,
848 2512 942 2571 neque
967 2510 1061 2553 tamen
1106 2497 1205 2555 verbis
1224 2496 1378 2572 excerptis.
1399 2494 1457 2551 llas
1480 2510 1597 2569 quoque
1613 2490 1752 2566 reliquias
1775 2490 1888 2548 ibidem

280 2600 388 2640 vanum
405 2599 488 2658 aeque
499 2581 596 2639 videri
608 2580 703 2641 debet.
722 2581 792 2638 Nam
805 2594 834 2637 et
851 2581 986 2658 plerique
1002 2601 1061 2638 no-
1107 2604 1138 2661 p.
1152 2585 1208 2640 562
1224 2602 1285 2659 seq.
1301 2582 1510 2639 recensuimus.
1527 2579 1617 2637 Plura
1631 2578 1717 2644 etiam
1732 2590 1793 2635 tum
1809 2578 1888 2657 phy-

279 2668 385 2727 bilium
414 2668 584 2727 Graecorum
618 2681 648 2726 et
678 2668 839 2727 Favorinus
870 2668 1063 2746 philosophus
1106 2673 1168 2730 sica
1181 2685 1240 2730 tum
1257 2670 1457 2728 mathematica
1470 2667 1580 2745 scripta
1588 2665 1724 2742 Archytae
1738 2664 1891 2741 adjudica·

280 2756 488 2814 memoriarum
502 2769 633 2813 veterum
648 2756 923 2833 exsequentissimus
934 2755 1062 2814 affirma·
1107 2761 1223 2819 bantur.
1243 2758 1277 2816 ln
1300 2758 1346 2815 his
1360 2757 1561 2817 nobilissimus
1575 2754 1690 2812 videtur
1705 2753 1794 2813 fuisse
1811 2753 1889 2812 liber

280 2843 391 2901 tissime
420 2843 617 2920 scripserunt,
648 2844 837 2900 Simulacrum
875 2842 1017 2900 ⁰⁰lufflbae
1047 2861 1064 2900 e
1107 2850 1144 2907 de
1155 2848 1364 2917 mathematica,
1376 2841 1681 2921 citatusaPorphyrio
1693 2842 1729 2898 ad
1739 2841 1889 2901 Ptolemaei
1964 2835 1965 2848 ¹

280 2931 361 3006 ligno
379 2929 415 2988 ab
431 2930 561 3007 Archyta
574 2928 686 2988 ratione
704 2930 828 3007 quadam
848 2929 1063 3006 disciplinaque
1108 2936 1298 3006 Haemonios,
1329 2952 1424 3012 neque
1452 2931 1577 2990 minoris
1608 2932 1748 2988 momenti
1768 2929 1889 2988 fortasse
1964 2962 1965 2965 =

281 3018 447 3077 mechanica
459 3018 563 3076 factum
578 3018 703 3076 volasse.
720 3018 762 3075 lta
776 3017 1062 3076 crat'scilicetlibra-
1110 3026 1228 3083 suerunt
1252 3023 1464 3100 disputationes
1500 3019 1653 3096 libellique
1665 3018 1719 3102 ‘lle
1742 3031 1836 3076 mente
1859 3032 1892 3076 et

281 3107 386 3164 mentis
395 3124 584 3184 suspensum,
600 3119 628 3162 et
639 3108 710 3162 aura
720 3106 841 3182 spiritus
853 3106 966 3163 inclusa
977 3119 1063 3182 atque
1108 3130 1212 3182 sensu,
1233 3112 1276 3168 De
1298 3111 1473 3188 principiis,
1491 3109 1533 3165 De
1547 3119 1629 3178 ente,
1652 3105 1693 3162 De
1707 3105 1890 3164 definitioni.

281 3194 394 3251 occulta
406 3183 562 3252 concitum.
580 3191 665 3250 Libet
679 3192 775 3250 hercle
793 3213 881 3270 super
895 3213 927 3250 re
941 3208 999 3250 tam
1012 3193 1062 3251 ab·
1106 3196 1179 3269 bus,
1196 3197 1239 3254 De
1252 3197 1391 3254 universo
1396 3237 1406 3265 ‚
1430 3213 1555 3272 quorum
1578 3192 1755 3250 mentionem
1776 3193 1890 3267 agitant

279 3282 413 3339 horrenti
435 3302 452 3338 a
474 3280 531 3338 lide
550 3281 644 3358 ipsius
661 3280 801 3338 Favorini
823 3280 913 3339 verba
927 3300 1037 3359 ponere
1053 3303 1060 3338 τ
1107 3271 1239 3344 Stobaeus
1250 3326 1258 3354 ,
1270 3283 1455 3352 Aristoteles,
1469 3281 1645 3359 Simplicius.
1656 3277 1728 3335 Vide
1743 3279 1890 3354 fragmen·

286 3368 414 3449 Ἀρχύτας
424 3371 599 3448 Ταραντῖνος,
615 3367 753 3448 φιλόσοφος
776 3367 832 3446 ἅμα
849 3367 894 3428 καὶ
918 3369 1062 3447 μηχανικὸς
1108 3385 1206 3429 torum
1228 3374 1331 3430 seriem
1352 3370 1372 3429 l.
1387 3392 1414 3428 c.
1438 3369 1538 3427 iudea
1559 3385 1624 3445 pag·
1653 3364 1710 3431 564
1733 3384 1827 3442 usque
1850 3367 1890 3424 ad

286 3454 338 3527 ὧν,
352 3457 460 3529 ἐποίησε
480 3456 635 3537 περιστερὰν
649 3455 750 3528 ξυλίνην
763 3457 927 3532 πετομένην,
946 3455 1004 3528 ἥτις
1024 3455 1062 3513 εἴ·
1107 3479 1173 3538 pag.
1191 3461 1260 3531 570.
1271 3459 1449 3536 Opusculum
1463 3457 1529 3534 ejus
1540 3457 1582 3514 De
1597 3451 1740 3530 oppositis
1752 3447 1761 3530 (
1769 3453 1830 3531 περὶ
1843 3454 1891 3510 ἄν·
1964 3530 1965 3541 ¹

280 3567 343 3604 ποτε
362 3547 508 3619 καθίσειεν,
533 3545 621 3604 οὐκέτι
652 3545 817 3603 ἀνίστατο.»
842 3543 961 3602 Accedit
984 3544 1063 3620 quod

282 3635 474 3693 Tarentinum
488 3633 671 3710 intelligendi
683 3647 829 3692 auctorem
844 3634 920 3691 inter
934 3632 1063 3690 illustres

282 3722 502 3781 mathematicos
523 3736 656 3781 numerat
669 3722 791 3780 Proclus
810 3720 864 3780 lib.
878 3719 907 3777 ll
924 3720 960 3777 ad
982 3719 1064 3778 lEu·
1106 3703 1235 3786 καμπύλων
1260 3701 1403 3783 Υίαμμάτίῖν
1426 3702 1467 3750 ²⁰³
1494 3701 1621 3763 'llum
1651 3699 1837 3787 limiam
1855 3725 1889 3734 “
1964 3722 1965 3731 ’

1040 3811 1046 3821 .
1108 3775 1157 3836 (99)
1177 3777 1244 3834 Drog.
1270 3775 1347 3821 laert.
1370 3771 1410 3820 lth.
1422 3775 1454 3832 V,
1467 3772 1586 3834 asznspt
1606 3775 1647 3828 τῆς
1668 3774 1776 3832 Αρχυτου
1792 3769 1888 3830 φιλοσο-

284 3810 374 3867 clidis
384 3811 566 3887 eundemque
580 3831 725 3870 summum
740 3783 953 3870 arithmeticum
968 3829 1064 3867 nomr-
1107 3843 1159 3905 pta<
1172 3844 1205 3904 p,
1221 3844 1251 3905 μ’
1274 3845 1306 3904 g'.
1331 3841 1393 3890 [bid.
1416 3841 1452 3890 T&
1464 3840 1492 3888 ρ,
1504 3844 1546 3888 ,οὔ
1565 3838 1666 3901 oswio„
1683 3839 1723 3888 ,αἱ
1744 3842 1791 3886 τῶ,
1811 3837 1892 3897 Ἄρῃ,

282 3911 332 3955 nat
342 3896 423 3954 Theo
438 3895 605 3972 Smyrnaeus
617 3897 648 3954 in
659 3897 735 3955 libro
748 3898 784 3960 de
797 3896 994 3955 Arithmetica.
1006 3894 1064 3953 Nec
1106 3912 1182 3960 retus.

268 3987 270 3992 ’
283 3983 437 4042 defuerunt
448 3984 499 4060 qui
515 3983 551 4041 de
564 3998 643 4042 tanto
657 3986 723 4042 viro
735 3986 856 4062 ejusque
870 3985 973 4042 iurem
985 3984 1064 4042 litte·
1139 3984 1203 4043 (¹0⁰)
1214 3981 1344 4031 libemus
1360 3983 1466 4042 lib-llll,
1478 3995 1531 4044 νῦν·
1544 3985 1584 4041 ὓίι
1594 3995 1617 4043 Ρ·
1629 3984 1675 4031 545
1687 3985 1707 4030 A
1721 3976 1890 4041 ῑἏεῑπὸῑΜς
1964 3994 1965 3997 ’

283 4072 390 4130 ruriam
418 4071 530 4130 meritis
563 4070 733 4131 scriberent.
763 4071 894 4148 Namque
922 4073 1063 4130 Aristote·
1107 4050 1127 4099 δ’
1141 4053 1154 4099 ⁶
1170 4052 1315 4112 μουσῑχὸῑὲν
1329 4055 1364 4114 ‘f'
1380 4050 1479 4115 ’Ap-goes
1503 4050 1611 4113 piacet.
1626 4047 1891 4120 ’(101)Αήὸιοῑοάθ
1964 4090 1965 4095 “

1109 4121 1211 4182 Republ.
1225 4121 1265 4171 lib.
1278 4125 1343 4180 vlll,
1355 4127 1370 4169 δ
1384 4140 1390 4170 ι
1403 4122 1466 4184 ’δρα
1476 4122 1501 4170 δὲ
1511 4122 1551 4169 καὶ
1560 4121 1595 4169 δεῖ
1602 4119 1656 4175 τοὺς
1668 4120 1752 4175 παῖδας
1764 4118 1825 4180 ἔχειν
1837 4118 1891 4165 τινὰ
1964 4120 1965 4155 l

1110 4191 1241 4254 διατριὸήν,
1254 4193 1295 4240 καὶ
1310 4193 1352 4249 τὴν
1363 4190 1473 4255 Ἀρχύτου
1490 4191 1611 4251 πλαταγὴν
1623 4189 1713 4238 οῑεσδατ
1726 4188 1832 4249 γενέσθαι
1846 4204 1890 4234 κα·
1964 4240 1965 4257 ἢ

282 4253 329 4304 lius
341 4252 383 4302 lib.
395 4254 464 4316 lllll,
478 4252 605 4308 δδτοῦτος
618 4257 708 4316 πρῶτος
722 4253 751 4301 τὰ
770 4251 888 4315 μηχανικὰ
905 4258 954 4308 ταῖς
969 4267 1065 4314 μηχανι-
1109 4263 1209 4322 lgm„
1222 4262 1313 4312 &am
1329 4268 1377 4318 τοῖς
1396 4263 1497 4318 παιδίοις
1515 4263 1578 4317 ὄπως
1593 4261 1710 4324 χρώμενος
1727 4258 1801 4319 ταύτῃ
1818 4257 1891 4318 μηδὲν
1964 4260 1965 4281 t

282 4330 334 4381 ²²⁸²<
343 4322 551 4389 προσλδησάμῑνθῧ
564 4323 646 4388 ἀρχαῖς
660 4323 811 4385 ίμῐθόδῑυθῑι
821 4323 861 4372 καί
870 4327 960 4386 apum
973 4323 1064 4381 κῖνησῑν
1109 4332 1258 4395 καταγνύωσι
1278 4338 1325 4382 τῶν
1339 4334 1400 4382 κατὰ
1414 4335 1455 4391 την
1475 4333 1565 4381 οὶκίαν·
1583 4333 1612 4381 οὐ
1625 4333 1670 4393 γὰρ
1682 4329 1777 4378 δύναται
1796 4329 1824 4376 τὸ
1838 4330 1892 4376 νέον

282 4397 406 4460 balamir
424 4394 582 4458 δῑαῖρᾶψτῑ
610 4399 761 4458 γεωμετρικῷ
786 4395 937 4466 προσήγαγεν
962 4393 1001 4442 δνᾶ
1024 4397 1064 4451 τῆς
1106 4401 1423 4465 scopata-memorabis
1437 4399 1663 4464 Ἀρχύτουπλαταγὴ
1673 4397 1891 4457 progenierum,
1964 4392 1965 4419 l

282 4473 354 4530 τννῆε
365 4471 407 4517 τοῦ
425 4466 589 4530 ἡμικυλίνδρου
603 4466 645 4515 δύο
658 4467 729 4528 μέσαι
743 4465 789 4515 ἀνὰ
806 4465 875 4526 λόννν
886 4465 963 4513 λαθεῖν
973 4467 1063 4524 ζητῶν,
1107 4480 1137 4524 ss
1153 4493 1159 4522 :
1175 4473 1284 4537 Ἀρχύτου
1299 4473 1422 4533 starcia·
1441 4473 1479 4520 aa
1499 4477 1546 4521 τσο
1562 4471 1685 4534 saciaco
1702 4469 1730 4517 ot
1747 4468 1891 4528 ωαμινων.
1964 4510 1965 4531 ,

283 4538 314 4593 τίς
326 4538 366 4587 τδν
386 4541 428 4587 τοῦ
446 4537 519 4586 atton
533 4537 714 4596 διπλασιασμόν.
731 4538 777 4586 Καὶ
794 4534 867 4600 [add.
881 4533 921 4598 lv]
933 4533 1064 4596 γεωμετρία
1107 4546 1137 4595 ὀ
1148 4544 1193 4607 γὰρ
1209 4544 1316 4607 Ἀρχύτας
1330 4544 1418 4592 τέκτων
1433 4543 1466 4591 ὢν
1478 4542 1590 4600 ἐπενόησε
1600 4540 1773 4600 mmmmm
1784 4539 1892 4588 ἐδίδοσαν

282 4608 455 4670 afflatibus>
465 4608 639 4671 tartesiacum
652 4607 731 4671 εὗρεν,
746 4609 777 4662 ὥς
791 4624 847 4670 φησι
862 4607 963 4656 Πλάτων
975 4605 1001 4654 ἓν
1012 4607 1063 4656 1¹0·
1107 4621 1157 4672 τοῖς
1176 4615 1276 4670 παιδίοις
1298 4615 1338 4663 ἶνα
1360 4613 1431 4675 μηδὲν
1454 4617 1501 4661 τῶν
1521 4613 1583 4663 κατὰ
1601 4612 1677 4661 οἰκίαν
1698 4615 1789 4658 σκευῶν
1805 4609 1893 4657 διασα·

181 4711 182 4714 “
283 4675 574 4740 δῑῖῑίδ·ΡΙ“ίθῑΰίῐῦ”ῗῑ·
588 4679 693 4728 Mlloell·
706 4691 758 4740 ω1)·
772 4680 798 4726 ¹4
812 4675 1064 4738 ²t¹llt⁵2t>⁸2l²¹t⁰tff¹
1107 4685 1229 4734 λεύουσιν.
1246 4687 1278 4733 at
1297 4682 1383 4731 Suldas
1401 4694 1426 4730 v.
1444 4679 1554 4744 Ἀρχύτας
1567 4685 1705 4744 Ταραντῖνος
1725 4679 1771 4728 hoc
1792 4691 1892 4739 proret-

283 4763 324 4804 νην
335 4747 421 4804 ταύτην
436 4749 476 4798 καὶ
492 4749 633 4813 περιδὸητον
643 4748 767 4812 ὀργανικὴν
785 4748 883 4811 ἠφίεντο
897 4747 939 4810 μὲν
950 4752 1024 4796 κινεῖν
1041 4748 1064 4795 νῑ
1110 4755 1177 4804 bium
1194 4768 1242 4803 non
1264 4752 1295 4802 ad
1316 4751 1488 4814 architectum,
1510 4751 1553 4803 sed
1569 4751 1600 4800 ad
1622 4750 1790 4813 philosophum
1808 4748 1891 4797 refert.
1964 4738 1965 4799 ί

283 4817 336 4880 περὶ
350 4815 496 4872 Εὗδοξονκαὶ
508 4821 633 4883 Ἀρχύταν,
646 4820 801 4874 ποικίλλοντες
811 4823 844 4881 τῷ
856 4819 963 4880 γλαφυρῷ
979 4833 1066 4881 ruant·
1108 4827 1148 4876 att
1160 4826 1224 4875 enlm
1242 4844 1248 4874 :
1268 4824 1314 4873 Kal
1333 4821 1449 4885 παροιμία
1459 4821 1569 4886 Ἀρχύτου
1589 4818 1892 4882 autoritatemve:
1964 4850 1965 4855 =

283 4894 357 4958 τρίεν,
366 4894 405 4943 καὶ
411 4897 504 4958 λογικῆς
513 4901 554 4947 καὶ
562 4904 722 4961 πραγματικῆς
729 4897 866 4954 ἀποδείξεως
874 4895 917 4944 οὐκ
923 4896 1066 4957 εὐποροῦντα
1108 4898 1228 4954 πλαταγὴν
1239 4895 1316 4958 εὗρεν,
1327 4896 1378 4953 ἣτις
1389 4896 1452 4945 ἐστὶν
1462 4896 1522 4951 εἶδος
1534 4893 1633 4957 ὀργάνου
1646 4893 1706 4957 ἦχον
1716 4893 1732 4951 ἢ
1744 4891 1819 4955 ψόφον
1831 4891 1891 4940 διτο-

283 4967 436 5030 προδλήματα
444 4967 474 5016 δι’
485 4970 602 5027 αἰσθητῶν
612 4971 651 5017 καὶ
662 4971 790 5033 ὀργανικῶν
803 4967 996 5032 παραδειγμάτων
1009 4969 1065 5015 δαε-
1108 4970 1235 5023 τελοῦντος.
1246 4969 1275 5016 ‘0
1285 4967 1310 5015 δὲ
1322 4968 1442 5028 πλαταγὴν
1451 4964 1640 5030 χαλκευσάμενος
1645 4963 1778 5025 ἐπλαταγει.
1788 4963 1892 5024 -(102)

284 5033 459 5100 ρείδοντες·’ὡς
480 5038 507 5086 τδ
524 5041 576 5102 περὶ
587 5039 637 5088 ’δύο
656 5042 728 5101 μέσας
740 5039 784 5088 ἀνὰ
799 5039 868 5100 λόγον
878 5037 1003 5100 ritmico
1023 5035 1063 5084 καί
1108 5037 1248 5087 Aristoteles
1259 5036 1377 5086 Problem.
1394 5039 1459 5097 XVI,
1472 5042 1486 5085 9
1500 5035 1626 5098 :Andros
1639 5033 1715 5096 ἔλεγεν
1726 5034 1750 5082 lv
1761 5032 1893 5095 τῄκινήσει

284 5113 401 5172 στοιχεῖον
415 5108 453 5157 ἐπὶ
468 5109 544 5158 πολλὰ
557 5114 605 5158 τῶν
615 5112 766 5173 γραφομένων
779 5112 907 5172 ἀναγκαῖον
922 5109 954 5163 εἰς
972 5107 1064 5170 δργανι·
1108 5113 1137 5170 τῇ
1151 5113 1237 5171 φυσικῇ
1256 5109 1340 5156 ἐνεῖναι
1361 5108 1403 5166 τὴν
1425 5111 1467 5155 τοῦ
1480 5105 1534 5154 locu
1554 5103 1692 5166 ἀναλογίαν·
1707 5105 1821 5153 κινεῖσθαι
1839 5103 1888 5164 γὰρ

284 5179 328 5236 κάς
346 5179 425 5243 ἐξῆγον
439 5179 563 5242 ἀμφότεροι
582 5181 744 5242 κατασκευάς,
761 5180 919 5244 μεσογράφους
937 5180 1001 5235 τινὰς
1017 5179 1064 5228 dud
1109 5178 1221 5241 ἀνάλογον
1235 5177 1310 5228 πάντα
1322 5179 1372 5227 κτλ.
