3959 5925
520 419 691 494 EJUSQUE
712 422 931 485 DISClPULlS
952 428 1003 489 ET
1027 429 1340 497 successoribus,

104 560 194 603 'rum
209 546 335 622 primum
351 545 387 603 de
401 549 448 604 via
464 548 604 624 majorum
620 554 752 629 vestigiis
771 555 837 613 trita
852 556 907 614 de·
954 550 1040 617 etiam
1055 575 1159 638 praeter
1173 565 1335 624 Philolaum
1352 562 1583 645 ePythagoricis
1598 576 1628 631 in
1644 575 1728 635 ltalia

127 636 254 691 llexisse.
281 634 350 691 Nam
369 655 458 710 quum
478 637 698 714 Pythagor-icam
721 644 904 721 disciplinam
954 646 1125 721 degentibus
1140 651 1253 709 audivit
1274 654 1377 725 Plato,
1394 658 1417 713 si
1433 677 1502 714 vera
1517 660 1605 717 tradit
1617 662 1725 737 Dioge-

128 723 328 800 profiteretur,
344 723 453 799 placuit
467 724 493 781 ei
513 738 607 783 tamen
626 748 703 785 nova
715 734 779 787 vitae
794 733 907 790 institu·
954 752 1005 791 nes
1020 738 1150 795 Laertius
1163 741 1251 813 (133).
1269 740 1302 798 ln
1319 744 1448 801 ornanda
1467 766 1651 807 numerorum
1674 752 1725 809 do·

37 866 42 874 ,
128 812 173 867 tio
189 822 217 866 et
228 808 454 886 philosophandi
468 813 553 883 ratio,
569 834 626 891 qua
640 817 908 893 Pythagoristarum
953 822 1047 879 ctrina
1059 837 1140 882 acute
1160 826 1289 902 quaedam
1310 833 1485 905 excogitavit
1505 834 1641 911 Eurytus,
1663 857 1727 913 quae

129 917 164 954 ac
178 896 488 973 Cynicoruminsaniae
509 902 692 976 praeluderet.
709 906 824 983 Quippe
844 908 905 984 pal·
954 920 1047 966 tamen
1072 911 1138 970 aliis
1165 932 1224 970 uon
1250 918 1450 991 probarentur.
1475 919 1564 978 lllulta
1591 924 1726 981 videlicet

130 985 174 1042 lio
190 1003 260 1041 usus
273 998 315 1041 est
330 1004 422 1061 coque
441 987 552 1061 duplici
572 988 721 1066 barbaque
741 1004 768 1048 et
788 993 904 1069 capillis
952 1011 1119 1070 argumenta
1137 998 1322 1076 Pythagorici
1337 1004 1497 1063 asserebant
1513 1008 1619 1083 quibus
1638 1010 1724 1067 doce·

131 1072 287 1149 promissis
307 1073 392 1129 simul
412 1074 563 1148 squalidus
585 1094 617 1133 ac
632 1076 818 1135 discalceatus
833 1078 906 1149 suit,
952 1095 1016 1139 rent
1033 1103 1078 1141 res
1101 1106 1200 1145 omnes
1226 1106 1242 1145 e
1265 1092 1392 1149 numeris
1417 1111 1479 1150 esse
1503 1108 1590 1153 ortas.
1611 1096 1723 1153 Etenim

132 1178 186 1215 nec
200 1178 259 1215 nou
273 1156 404 1216 baculum
420 1173 448 1217 et
470 1180 568 1237 peram
590 1165 688 1237 gessit.
710 1164 806 1233 Quare
820 1178 853 1222 ut
869 1176 908 1221 tc·
951 1172 1177 1245 contendebant,
1191 1177 1337 1251 quomodo
1354 1193 1460 1255 puncta
1481 1181 1637 1240 formarum
1657 1204 1721 1258 geo·

130 1248 198 1304 nuis
227 1247 284 1303 riri
309 1247 403 1304 victus
422 1248 574 1326 cultusque
598 1271 656 1327 quo
680 1253 731 1309 vix
755 1272 771 1309 a
795 1253 904 1311 ruendi·
952 1260 1132 1318 metricorum
1146 1263 1218 1321 fines
1232 1279 1340 1335 essent,
1355 1268 1397 1324 sic
1416 1272 1544 1328 numeris
1558 1285 1725 1330 cunctarum

129 1332 267 1409 cis(129)
293 1334 446 1392 dill'erebat
468 1336 588 1413 ejusque
609 1337 782 1397 abstinentia
802 1344 906 1399 multo·
951 1364 1048 1403 rerum
1065 1349 1175 1423 species
1206 1350 1331 1409 deliniri.
1357 1354 1442 1421 Quod
1464 1370 1494 1414 ut
1516 1359 1726 1417 demonstraret

130 1440 191 1477 rum
210 1421 333 1478 fortasse
348 1422 458 1480 facetiis
468 1425 738 1501 perstringehantur
750 1450 756 1484 :
769 1429 808 1486 ita
819 1431 904 1491 etiam
951 1432 1093 1510 Eurytus,
1107 1436 1271 1510 hominum,
1289 1439 1458 1515 bestiarum,
1480 1447 1662 1522 plantarum,
1677 1451 1725 1506 de·

128 1507 293 1565 studiorum
316 1510 470 1567 assiduitas
489 1511 601 1570 ridetur
616 1513 652 1571 ab
672 1516 822 1594 Antbippo
843 1512 906 1578 sive¹
951 1521 1040 1597 nique
1067 1542 1166 1580 eorum
1197 1545 1262 1601 quae
1300 1543 1367 1585 sunt
1406 1552 1527 1607 quasque
1564 1550 1722 1594 cernuntur

129 1598 302 1673 sinaxippo,
315 1597 390 1674 apud
404 1616 489 1673 quem
501 1598 624 1674 jactator
637 1622 746 1680 coquus
760 1604 820 1664 haec
833 1628 902 1685 pro·
949 1609 1080 1665 onmium
1092 1611 1198 1684 figuras
1213 1632 1246 1669 cx
1258 1616 1344 1673 certis
1359 1618 1532 1691 quibusdam
1548 1621 1724 1680 calculorum

129 1683 263 1759 loquitur
278 1684 352 1762 (130)
373 1703 380 1741 ι
953 1698 1082 1754 numeris
1103 1700 1302 1775 componebat.
1320 1702 1404 1761 Tales
1419 1706 1579 1765 doctissimi
1597 1708 1723 1771 hominis

949 1785 1072 1861 ineptias
1079 1786 1278 1864 Aristoteleslr
1286 1790 1332 1865 δέ.)
1340 1789 1650 1867 ejusqueassectatores
1663 1810 1723 1855 turn

1667 466 1727 506 ΜΗ

209 1824 261 1885 Τὸν
277 1823 365 1904 ὄρθρον
381 1828 408 1883 έν
419 1826 476 1893 ταῖς
488 1826 577 1906 χερσὶν
593 1828 651 1907 ὄψει
664 1830 753 1908 βιόλία

207 1913 300 1991 ἔχοντα
312 1913 358 1969 καί
370 1917 495 1981 ζητοῦντα
509 1913 542 1971 τδι
552 1916 620 1976 κατδ
633 1916 679 1987 τὴν
691 1918 796 1998 τέχνην.

207 1999 289 2059 Οὐδὲν
308 2001 438 2079 Διοδώρου
453 2003 566 2081 διαφέρω
578 2006 602 2061 τι
618 2004 767 2065 Ἀσπενδίου
948 1983 971 2029 δὲ
994 1982 1105 2045 ἀκροαταὶ
1127 1986 1242 2035 Φιλολάου
1265 1990 1304 2036 καλ
1325 1989 1427 2052 Εὐρύτου
1451 1996 1497 2040 τῶν
1517 1993 1670 2054 Ταραντίνων.
1694 2025 1723 2038 -

949 2054 1015 2112 (133)
1028 2055 1144 2116 Diogenes
1165 2059 1243 2105 tren.
1261 2060 1303 2116 lll,
1315 2066 1330 2109 δ
1341 2079 1347 2107 ε
1359 2060 1462 2108 κάκεῖθεν
1477 2063 1510 2118 είς
1521 2062 1620 2112 Ἰταλίαν
1638 2066 1724 2125 ἀπῆλθε

947 2124 1002 2185 πρός
1012 2125 1064 2179 τοὺς
1074 2128 1247 2189 Πυθαγορικοὺς
1259 2129 1374 2177 Φιλόλαον
1386 2133 1425 2178 καὶ
1436 2132 1544 2192 Εὔρυτον.
1555 2135 1657 2195 -(13ἰ)
1672 2138 1723 2185 ari-

126 2151 267 2225 Dogmata
279 2149 343 2227 ejus
353 2164 462 2209 veteres
477 2154 640 2211 accuratius
653 2174 710 2211 non
725 2156 901 2233 perscripse-

129 2251 204 2296 runt.
237 2238 363 2296 Unicum
387 2240 465 2315 quod
490 2254 581 2299 exstat
606 2242 798 2317 fragmentum
826 2246 902 2322 apud

127 2324 340 2383 Theodoretum
364 2326 469 2395 Quaest.
488 2328 518 2384 in
542 2328 669 2387 Genesin
693 2352 722 2407 p.
748 2352 782 2406 19
801 2330 902 2389 toml

126 2412 173 2469 ed.
191 2412 338 2471 Sirmond.
368 2414 444 2471 infra
466 2414 548 2476 inter
563 2414 811 2493 Pythagoreorum
835 2418 902 2475 reli·

127 2500 210 2573 quias
222 2498 387 2557 recensebo.

167 2589 283 2653 Eurytus
294 2587 357 2644 sive
371 2591 492 2661 Eurysus
512 2588 725 2667 Metapontinus
742 2592 817 2648 inter
832 2590 899 2649 illos

127 2672 215 2729 luisse
224 2672 331 2731 dicitur
342 2676 393 2752 qui
403 2675 525 2751 juvenes
535 2676 725 2753 Pythagoram
731 2677 790 2753 jam
802 2698 899 2736 senem

125 2758 300 2817 audiverunt
325 2764 414 2837 (131).
441 2761 525 2820 Alius
553 2763 678 2841 Eurytus
704 2764 897 2837 Tarentinus,

126 2842 251 2901 Philolai
266 2846 444 2924 discipulus,
461 2860 703 2909 commemoratur
718 2852 749 2909 in
769 2864 898 2909 veterum

125 2934 243 3009 scriptis
259 2932 349 3011 (132),
362 2937 412 3012 qui
426 2956 525 2995 eorum
536 2937 681 2998 auditores
692 2938 899 3024 llepophilum,

125 3019 318 3096 Phantonem,
337 3022 528 3096 Echecratem,
547 3027 677 3085 Dioclem
696 3039 724 3084 ct
741 3026 896 3104 Polymne-

126 3119 202 3164 stnm
214 3106 457 3183 Pythagoreorum
469 3116 630 3189 postremos
641 3115 802 3172 nominant.
818 3114 900 3172 llunc

946 2193 1041 2242 stoteles
1050 2198 1180 2259 lletaplrys.
1193 2198 1232 2246 lib.
1243 2202 1299 2247 xtrt
1309 2213 1360 2261 cap.
1374 2208 1396 2249 5.
1409 2216 1432 2263 p.
1445 2207 1511 2251 1092.
1523 2204 1546 2253 b.
1557 2204 1595 2253 ed.
1606 2206 1721 2257 Bellen:

947 2264 1010 2310 οὐθὲν
1022 2266 1045 2312 δὲ
1059 2268 1177 2328 διώρισται
1195 2270 1246 2315 οὐδὲ
1264 2272 1379 2332 ὁποτέρως
1398 2274 1420 2319 ol
1439 2272 1529 2334 ἀριθμοὶ
1546 2275 1616 2323 clrior
1627 2283 1672 2324 τῶν
1686 2280 1723 2327 οὐ·

947 2338 1004 2379 σιῶν
1015 2336 1054 2382 καὶ
1063 2341 1105 2384 τοῦ
1119 2338 1176 2385 εἶναι
1184 2371 1192 2398 ,
1201 2338 1297 2399 πότερον
1310 2342 1341 2395 ὠς
1351 2340 1413 2403 όροι,
1424 2342 1473 2389 olor
1485 2345 1611 2405 αἱστιγμαὶ
1623 2351 1669 2393 τῶν
1683 2364 1721 2407 με·

945 2404 1033 2463 γεθῶν,
1044 2408 1083 2453 καὶ
1092 2410 1124 2461 ὡς
1134 2410 1234 2470 Εὔρυτος
1246 2408 1325 2457 ἔταττε
1334 2410 1368 2463 τίς
1377 2410 1474 2471 ἀριθμός
1483 2413 1553 2472 τίνος,
1566 2416 1615 2463 οἷον
1632 2416 1667 2463 ὁδί
1679 2418 1720 2476 μὲν

947 2472 1082 2535 ἀνθρώπου,
1093 2477 1128 2524 ddi
1139 2478 1162 2525 δὲ
1172 2479 1261 2535 turco,
1275 2479 1354 2539 ῶσπερ
1364 2481 1386 2526 ol
1398 2480 1451 2534 τοὺς
1466 2481 1573 2542 ἀριθμοὺς
1584 2484 1677 2543 ἄγοντες
1688 2488 1720 2542 είς

945 2546 974 2592 τὰ
985 2546 1097 2606 σχήματα
1105 2548 1214 2608 τρίγωνον
1226 2549 1265 2594 καὶ
1280 2548 1431 2608 τετράγωνον,
1446 2550 1519 2604 οὕτως
1535 2551 1654 2612 ἀρομοιῶν
1668 2560 1719 2610 ταῖς

945 2616 1028 2677 ψήροις
1043 2617 1083 2670 τόις
1095 2619 1181 2678 μορρὰς
1200 2621 1246 2665 τῶν
1258 2622 1343 2677 φυτῶν.
1356 2619 1387 2666 Ἢ
1403 2619 1439 2665 ότι
1458 2620 1471 2666 θ
1485 2620 1550 2678 λόγος
1565 2624 1580 2677 ἡ
1599 2624 1721 2683 συμρωνία

945 2684 1056 2745 ἀριθμῶν,
1067 2686 1151 2746 δμοίως
1160 2687 1184 2734 δὲ
1193 2688 1233 2733 καὶ
1246 2686 1364 2747 ἅνθρωπος
1373 2688 1413 2733 καὶ
1416 2693 1468 2747 μῶν
1480 2690 1554 2735 ἄλλων
1566 2692 1666 2740 ἕκαστον
1675 2710 1682 2753 ;
1692 2695 1721 2741 τὰ

945 2754 969 2801 δὲ
983 2755 1010 2810 δὴ
1020 2754 1082 2810 πάθη
1090 2760 1139 2809 πῶς
1149 2756 1250 2817 ἀριθμοί,
1259 2758 1285 2804 td
1295 2758 1375 2805 λευκόν
1387 2760 1427 2805 καὶ
1441 2760 1514 2818 γλυκὺ
1523 2762 1562 2807 καὶ
1577 2763 1604 2809 τὸ
1622 2764 1702 2825 θερμόν
1712 2781 1720 2823 3

945 2824 1229 2886 Theophrastusllctaph.
1236 2830 1371 2887 τιμωρός.
1379 2828 1470 2875 312ed.
1478 2830 1584 2878 Brandis.
1592 2837 1671 2881 ιτοῦτο
1677 2834 1721 2895 γὰρ

944 2896 1023 2942 τελέου
1034 2894 1074 2941 καί
1083 2900 1233 2956 φρονοῦντος,
1245 2896 1301 2959 ὅπερ
1313 2897 1420 2959 Ἀρχύτας
1432 2899 1485 2946 ποτ’
1504 2899 1545 2957 ἔφη
1557 2904 1718 2968 ποιεῖνΕῡρυ-
1778 2903 1782 2911 “

944 2981 983 3012 τον
995 2965 1122 3013 διατιθέντα
1131 2965 1192 3022 τινὰς
1202 2967 1299 3028 ψήρους·
1314 2969 1387 3027 λέγειν
1397 2970 1441 3030 γὰρ
1453 2973 1484 3026 ῶς
1497 2973 1534 3018 όδε
1545 2971 1586 3033 μὶν
1595 2974 1720 3035 ἀνθρώπου
1734 2995 1737 3000 ·

945 3033 958 3080 θ
969 3033 1072 3094 ἀριθμός,
1081 3034 1119 3082 δδε
1129 3035 1153 3082 δὲ
1166 3036 1247 3095 ἵππου,
1257 3037 1296 3083 ὅδε
1305 3037 1326 3083 δ’
1336 3039 1407 3085 ἄλλον
1420 3039 1480 3094 τινός
1490 3040 1608 3102 τυγχάνει.
1619 3043 1719 3092 Alexan·

944 3105 986 3154 der
996 3105 1184 3165 Aphrodisiensis
1193 3107 1222 3152 ad
1231 3107 1363 3155 Aristotelis
1374 3108 1391 3156 1.
1401 3121 1422 3156 c.
1435 3121 1486 3170 pag.
1500 3117 1546 3160 8⁰5
1560 3111 1599 3160 ed.
1610 3115 1702 3165 Bonita.
1712 3135 1719 3164 :

944 3178 1033 3237 μήποτε
1045 3173 1094 3233 οὖν,
1107 3175 1184 3237 ῶσπερ
1198 3177 1330 3238 αἱστιγμαὶ
1344 3177 1393 3238 ὅροι
1408 3175 1476 3225 οὖσαι
1494 3183 1540 3228 τῶν
1555 3186 1667 3242 γραμμῶν
1676 3183 1720 3245 opt·

944 3251 1021 3302 ζουσιν
1032 3243 1115 3303 αὐτάς,
1129 3245 1190 3292 οὕτω
1203 3245 1298 3294 δυνατόν
1306 3246 1379 3307 λέγειν
1389 3246 1424 3295 δτι
1435 3249 1474 3296 καὶ
1483 3250 1513 3297 τὰ
1526 3250 1576 3309 είδη
1588 3255 1619 3307 ὡς
1632 3255 1720 3314 πέρθτα

122 3317 223 3364 στέλλων
234 3317 247 3364 θ
257 3317 405 3379 Στρατόνικος
410 3320 517 3370 ἐκέλευσε
526 3323 565 3372 τόν
578 3323 704 3384 ἀπαίροντα
709 3325 736 3372 τὸ
748 3324 813 3386 ῥηθὲν
824 3324 900 3386 duay·
943 3321 990 3362 τῶν
1004 3315 1059 3377 fit&
1071 3313 1157 3362 οὐσιῶν
1171 3314 1285 3376 ‘llllwffw
1307 3316 1391 3376 aare,
1412 3321 1451 3366 ml
1469 3320 1542 3372 odra:
1558 3321 1621 3368 αῐτια
1632 3322 1720 3370 τούτων

122 3389 196 3446 psthac
207 3393 241 3449 τῷ
257 3391 308 3451 περὶ
320 3408 332 3431 ιι
347 3390 496 3454 (Ιρρ,ςςαςρὶ)
516 3395 659 3456 θηροπέπλου
680 3393 741 3457 (leg,
760 3396 898 3456 ὶροςςέπλρμ)
943 3388 1002 3446 εἰσί,
1015 3384 1196 3470 καθάπρρμαὶθ
1215 3387 1370 3470 Πυθαγόρειος
1388 3390 1488 3454 Εὔρυτος
1509 3393 1572 3451 ίλεγε
1591 3395 1658 3441 τοῦδε
1678 3397 1720 3455 μὲν

123 3457 206 3516 μανίας
227 3459 315 3519 taso<
338 3475 363 3506 τε
389 3460 555 3521 περιστάσιμον
576 3462 647 3509 στοὰν
665 3463 740 3525 ἔχοντι
761 3463 899 3525 Πυθαγόρου
943 3455 1191 3537 τθῦθυῐθῦῑθνῡῆῖὸν
1204 3456 1361 3520 ἆθῑθμθλὸθθν
1376 3459 1497 3518 ῑῖλθῑιλωιί
1510 3460 1578 3541 ἄλλον
1594 3463 1634 3521 μλλ
1647 3463 1720 3513 ἷππῦυ

86 3545 91 3556 ¹
122 3526 220 3589 πελάτᾳ.
234 3546 245 3570 λι
258 3528 434 3590 Σωσικράτηςδ’
448 3531 471 3578 ἐν
488 3531 558 3594 τρίτῳ
571 3530 701 3593 φιλοσόρωυ
714 3531 822 3592 διαδοχῆς
835 3533 900 3594 βαθεῖ
943 3524 982 3572 ml
996 3524 1211 3586 ἆλλονθνθρωπθυ,
1227 3528 1267 3574 καί
1281 3527 1566 3590 δπὶτῶνᾶλλωνθμοιως.
1582 3532 1667 3579 Kaloi
1677 3533 1719 3594 μό-

122 3598 220 3654 noyon
232 3600 361 3661 χρησασθαι
373 3601 413 3648 τόν
427 3601 543 3663 Διόδωρον
553 3603 641 3664 ίστορεῖ
652 3603 691 3648 καὶ
705 3601 805 3662 τρίθωνα
814 3600 899 3649 όιναλα-
943 3611 982 3642 λον
994 3595 1071 3649 ἅπλῶς
1084 3594 1183 3649 otto&
1201 3595 1299 3658 Εὖρυτθς
1314 3598 1389 3656 ἔλεγεν
1401 3598 1438 3645 ὅτι
1457 3601 1479 3645 οἱ
1496 3599 1588 3660 ἀριθμοὶ
1604 3601 1653 3662 ὅροι
1672 3604 1718 3651 εἰσὶ

122 3669 173 3716 fisis
193 3667 267 3730 κόμην
282 3685 305 3717 τι
323 3675 436 3731 ρορῆσαι,
454 3671 514 3718 κατά
533 3686 584 3718 τινα
606 3674 676 3731 τῦφον
689 3671 731 3726 τήν
752 3670 899 3727 ἐπιτήδευσιν
942 3668 989 3712 τῶν
1005 3668 1081 3726 φυτῶν
1096 3666 1136 3711 καὶ
1147 3663 1535 3750 δ·ιθρώπωνκαὶ.βοῶν,1ἀλλδικαλ
1548 3670 1627 3731 ὥσπερ
1641 3672 1654 3718 θ
1667 3671 1718 3734 άρι-

121 3738 210 3794 ταύτην
220 3740 411 3801 προσαγαγόντας
430 3746 477 3788 τῶν
486 3741 532 3801 πρό
541 3741 611 3788 αὐτοῦ
628 3741 794 3800 Πυθαγορικῶν
804 3740 899 3802 λαμπρᾷ
943 3733 1062 3796 θμητικός,
1073 3734 1128 3782 όταν
1135 3735 1175 3781 τὸν
1182 3735 1247 3782 ἐννέα
1258 3736 1352 3798 άριθμον
1363 3738 1565 3798 τιτραγωνονόντοι
1573 3741 1716 3805 καταγράρη,

121 3823 148 3856 τε
157 3809 237 3865 ἐσθῆτι
253 3808 438 3871 ἀμφιεννυμένων
452 3810 493 3857 και
506 3811 609 3872 λουτροῖς
626 3808 666 3855 καὶ
685 3807 811 3866 ἀλείμμασι
827 3811 899 3870 κουρᾷ
942 3809 1033 3863 πρῶτον
1045 3805 1086 3864 μὲν
1095 3809 1154 3864 τρεῖς
1167 3805 1266 3865 μονάδας
1278 3806 1331 3853 κατ’
1342 3805 1430 3856 εὐθεῖαν
1442 3806 1523 3868 γράφει
1533 3810 1654 3871 γραμμήν,
1667 3811 1718 3860 τινα

120 3883 185 3940 τετῇ
199 3878 291 3935 συνήθει
311 3880 445 3940 χρωμένων.
467 3877 584 3937 Diogenes
600 3875 708 3925 Laertius
729 3875 769 3923 lib.
785 3877 830 3935 Vl,
850 3881 896 3924 13:
931 3874 1011 3942 ,ἄλλοις
1024 3877 1082 3932 τρεῖς
1094 3873 1155 3920 κατὰ
1166 3873 1312 3934 παράλληλον
1326 3876 1366 3922 καὶ
1375 3875 1446 3930 αὐτὰς
1457 3881 1486 3938 τῇ
1499 3878 1598 3941 προτέρᾳ
1613 3886 1717 3944 γραμμῇ,

122 3947 273 4009 Σωσικράτης
293 3949 313 3996 δ’
327 3949 351 3996 ἐν
364 3948 428 4009 τρίτῃ
447 3948 564 4010 διαδοχῶν
581 3946 696 4008 Διόδωρον
708 3945 748 3994 τὸν
769 3945 898 3994 Ἀσπένδιον
943 3943 984 3990 εἶτ’
996 3942 1024 3988 ἂν
1037 3942 1106 3997 atas:
1117 3943 1185 3990 πάλιν
1194 3948 1255 4006 τρεῖς
1268 3944 1329 3992 κατὰ
1348 3944 1494 4006 παράλληλον
1506 3951 1613 4009 γραμμὴν
1627 3956 1655 4011 τῇ
1667 3953 1717 4001 διυ-

122 4019 163 4064 καὶ
185 4018 289 4078 πώγωνα
309 4019 413 4066 καθεῖναι
435 4019 475 4064 καὶ
497 4017 589 4078 βάκτρῳ
612 4017 651 4064 καὶ
673 4015 735 4077 πήρᾳ
756 4015 897 4076 χρήσασθαι.
941 4011 996 4074 τέρᾳ
1006 4015 1114 4073 thaleri.
1129 4013 1168 4060 καὶ
1179 4013 1253 4069 οὕτως
1262 4014 1371 4064 &mlii
1381 4015 1528 4076 παράλληλον
1534 4024 1625 4081 σχῆμα,
1639 4022 1718 4086 ῶσπερ

122 4087 193 4135 Gonl.
204 4086 305 4136 llleluelt.
315 4091 397 4136 Exere.
408 4087 465 4147 phil.
473 4087 497 4136 in
507 4087 594 4137 Athen.
603 4088 627 4135 ll
635 4098 657 4146 p.
670 4088 772 4146 areu·
780 4084 843 4145 (129)
852 4087 898 4133 Pro
925 4082 1072 4131 ’θπόκιιταα
1086 4083 1131 4130 Καὶ
1147 4082 1185 4130 ίπὶ
1198 4089 1240 4131 τοῦ
1251 4083 1303 4145 τρία
1320 4086 1432 4148 τριγώνου
1450 4086 1514 4143 ὄντος
1527 4090 1614 4149 ὁμοίως
1626 4097 1718 4153 πρῶτον

122 4157 269 4216 θηροπέπλου
286 4157 349 4217 apud
368 4157 511 4205 Athenaeum
532 4155 550 4205 l.
574 4168 596 4205 o.
617 4153 742 4216 legendum
759 4155 894 4214 ἰροπέπλου.
942 4150 982 4210 μὲν
997 4149 1077 4211 γράριι
1086 4150 1140 4210 μίαν
1150 4152 1251 4212 μονάδα,
1267 4153 1317 4201 εἶτα
1325 4156 1371 4202 ὑπὸ
1380 4155 1465 4212 ταιίιην
1475 4157 1550 4219 ἐτέρας
1562 4157 1667 4219 δύο,καλ
1678 4163 1718 4209 οὕ-

82 4210 90 4226 ’
120 4227 239 4275 fstcoim
250 4226 310 4289 Ἶρος
324 4227 458 4276 consulum
466 4226 567 4276 mendici
580 4224 742 4286 uomeuapud
755 4226 897 4282 homerum,
942 4236 986 4276 τως
997 4221 1097 4282 ἐξομοιοῖ
1109 4223 1148 4270 ιον
1157 4222 1210 4286 τρία
1229 4228 1264 4284 τῷ
1274 4225 1380 4287 τριγώνῳ
1391 4226 1561 4288 affimant
1575 4227 1612 4276 ἐπὶ
1620 4234 1667 4276 τῶν
1675 4231 1718 4280 sy.

120 4295 247 4343 sedetiam
260 4309 302 4356 pro
315 4297 401 4356 quovis
414 4297 522 4346 mendico
533 4298 558 4344 et
570 4295 664 4344 homine
679 4306 780 4355 paupere
792 4295 897 4355 ponitur.
941 4291 987 4338 λων
1002 4291 1096 4353 δμοίως·
1109 4293 1188 4355 ῶσπερ
1197 4291 1238 4340 οὖν
1248 4294 1262 4340 θ
1272 4294 1435 4359 δριθμητικδς,
1448 4297 1521 4353 οὕτως
1535 4298 1576 4345 καὶ
1585 4299 1599 4346 ὁ
1608 4299 1716 4361 Εὔρυτος,

118 4366 260 4414 Eustatlrius
273 4366 302 4414 ad
319 4366 403 4428 Odyes.
424 4367 465 4416 lib.
478 4369 561 4417 xvtlt
576 4381 583 4414 τ
598 4366 673 4415 ἰστέον
683 4367 708 4413 δὲ
718 4367 758 4413 καὶ
770 4365 804 4412 ὅτι
816 4364 843 4412 τὸ
855 4369 896 4412 τοῦ
941 4361 1020 4418 ἐπειδὴ
1036 4361 1124 4423 lam
1139 4362 1192 4418 τοὺς
1212 4362 1320 4424 ἀριθμοὺς
1339 4365 1405 4426 ὄρους
1424 4366 1483 4415 εἶναι
1502 4371 1549 4413 τῶν
1566 4367 1717 4428 πραγμάτων.

118 4437 173 4497 δρου
185 4436 259 4496 ὄνομα
270 4439 359 4500 φέρεται
370 4439 436 4500 μέχρι
446 4439 486 4486 καὶ
496 4443 536 4486 νῦν
544 4437 663 4501 naphsci:
676 4436 770 4496 ὕπερθεν
781 4435 896 4494 Σινώπης,
942 4430 1036 4478 Κείσθω
1052 4429 1122 4490 λόγου
1136 4431 1202 4493 χάριν
1221 4431 1273 4494 όρος
1289 4438 1332 4482 τοῦ
1349 4435 1469 4496 ἀνθρώπου
1490 4437 1504 4483 ό
1522 4436 1715 4494 διακοσιαπεντή-

120 4508 143 4554 οἳ
160 4507 201 4554 τδν
212 4507 263 4554 λίαν
271 4509 365 4569 πτωχὸν
375 4508 591 4570 (ιποδαρότρίζοντις
601 4507 695 4568 πτωχόν
709 4507 773 4566 ἇίρον
782 4505 896 4566 λέγουσιν.
941 4517 1013 4548 κοντα
1028 4499 1160 4563 aptarim
1173 4503 1197 4550 δὲ
1206 4503 1238 4558 τῖ’
1247 4507 1287 4551 τοῦ
1295 4509 1374 4566 φυτοῦ·
1387 4510 1455 4554 τοῦτο
1467 4505 1511 4560 θεὶς
1522 4505 1635 4567 έλάμδανε
1645 4509 1717 4569 ψςρῖ·

121 4577 226 4626 Lesicon
239 4579 289 4626 MS.
303 4577 365 4638 apud
385 4577 530 4638 Ducangium
544 4575 650 4640 append.
672 4575 775 4624 Glossar.
793 4574 856 4622 med.
872 4575 897 4621 et
941 4575 980 4629 δνς
993 4574 1112 4629 διακοσίας
1125 4576 1333 4639 πςνιήςουςς,ςὰς
1347 4578 1388 4640 ptr
1398 4579 1512 4641 npcclrar
1522 4579 1563 4633 τὰς
1573 4579 1598 4626 ὃς
1609 4580 1716 4640 μελαίνας

119 4647 165 4695 iul.
184 4650 225 4696 Gr.
242 4662 265 4708 p.
279 4651 294 4696 9
310 4647 505 4709 ιῖρσς,πτωχός,
517 4648 595 4704 πίνης.
607 4646 647 4696 Sio
659 4645 759 4695 Ovidius
770 4644 842 4692 Tritt.
855 4643 901 4694 tib.
941 4644 1045 4698 άλλαςδὲ
1057 4643 1151 4708 ἐρυθρός
1164 4647 1205 4694 καὶ
1223 4647 1282 4701 δλως
1295 4648 1450 4704 παντοδαποῖς
1468 4648 1577 4711 χρώμασι
1594 4653 1716 4712 κεχρισμέ-

119 4719 154 4764 lll
172 4717 232 4777 eleg.
247 4721 270 4776 7,
282 4730 320 4767 rs.
334 4721 364 4766 la
376 4736 382 4766 ι
393 4722 447 4767 lius
462 4719 487 4766 el
498 4719 535 4766 τοί
552 4716 631 4766 subito
649 4715 692 4777 qui
712 4713 782 4764 modo
800 4715 897 4762 Groesus
940 4729 989 4768 νας·
1003 4713 1186 4777 εἶταπιριχρίιον
1195 4716 1235 4764 τὸν
1247 4720 1327 4777 τοῖχον
1341 4718 1449 4778 ὰσδὲστφ
1464 4719 1504 4768 καὶ
1516 4726 1666 4781 σκιαγραρῶν
1678 4722 1716 4769 ἇν-

119 4789 181 4835 οτιθ.
196 4789 307 4848 -(1ao)
323 4787 409 4836 Athen.
425 4787 467 4836 lib.
486 4790 518 4838 tx
537 4800 560 4848 p.
578 4789 633 4837 tot.
652 4785 689 4834 (δέ.
707 4783 808 4832 llelnelt.
825 4785 894 4832 Com.
942 4786 1032 4846 θρωπον
1043 4784 1084 4831 καὶ
1096 4787 1166 4845 φυτὸν
1181 4786 1253 4840 οὕτως
1270 4786 1356 4846 δπήγνν
1370 4785 1440 4834 τάσδε
1458 4787 1499 4848 μὲν
1512 4788 1553 4843 τὰς
1571 4789 1670 4851 ψηφῖδας
1692 4792 1715 4839 δν

98 4857 201 4906 ·Graec.
217 4857 265 4905 rol.
286 4859 319 4906 tv
341 4872 365 4918 p.
385 4860 429 4906 lot
453 4859 526 4920 atquc
540 4861 624 4906 Exere.
640 4855 698 4918 phil.
719 4854 744 4902 iu
765 4853 852 4902 Athen.
872 4856 895 4906 Π
941 4860 969 4917 τῇ
994 4857 1035 4902 τοῦ
1057 4856 1190 4918 προσώπου
1219 4855 1372 4919 σκιαγραφίᾳ,
1395 4855 1437 4911 τὰς
1463 4857 1488 4905 δλ
1511 4859 1572 4921 ἔντη
1592 4865 1639 4907 τῶν
1664 4877 1713 4922 χιι-

118 4939 144 4988 p.
156 4927 291 4987 9.-(131)
304 4928 447 4978 lamblichus
456 4927 499 4977 vit.
510 4927 610 4988 Pythag.
620 4939 673 4988 cap.
684 4924 831 4986 23.—(132)
842 4924 896 4974 Dio·
941 4929 996 4989 ρῶν,
1009 4924 1079 4978 ἄλλος
1095 4926 1119 4974 a
1141 4927 1165 4974 ἐν
1182 4926 1271 4985 ἄλλοις,
1285 4927 1325 4974 καὶ
1345 4925 1449 4974 ἀπιτελιι
1462 4927 1504 4984 τὴν
1519 4931 1716 4989 τοῦ-μιμουμένου

115 5007 194 5054 κειται
216 4996 323 5045 Laertius
346 4998 421 5056 lllll,
441 4999 494 5045 46:
516 4997 640 5044 τελευταῖοι
659 4997 703 5058 γὰρ
725 4994 828 5055 δγένοντσ
850 5001 896 5042 τῶν
942 4995 1063 5056 ἀνθρώπου
1086 4997 1124 5044 διὰ
1151 4995 1255 5057 ψηφίδων
1272 4996 1401 5057 ἰσαρίθμων
1420 4999 1471 5050 ταῖς
1491 4995 1603 5056 μονάσιν,
1622 4997 1648 5051 ἃς
1666 4998 1716 5060 θρί·

114 5063 285 5125 Πυθαγορείων
299 5067 339 5120 οὓς
350 5067 389 5114 καὶ
402 5065 552 5128 Ἀριστόξενος
565 5065 627 5124 εἶδε,
643 5064 801 5128 Ξτνόριλόςτε
813 5065 897 5112 δΧαλ-
941 5069 985 5121 ζειν
1000 5067 1085 5128 ίρασκι
1103 5067 1142 5114 τὸν
1156 5066 1284 5127 ἅνθρωπον.
1306 5066 1381 5113 Τοῦτο
1398 5069 1472 5113 ποιῶν
1492 5065 1568 5125 έλιγιν
1582 5066 1618 5114 ότι
1637 5068 1717 5126 ὥσπερ

114 5135 200 5188 κιδεὺς
212 5134 258 5182 ἀπὸ
270 5136 377 5198 θρᾲκης,
386 5138 426 5184 καὶ
434 5136 533 5185 Φάντων
545 5134 687 5195 όΦλιάσιος,
699 5135 738 5182 καὶ
748 5131 896 5196 Ἐχεκράτης,
941 5135 1005 5183 test
1027 5135 1184 5198 γεγραμμένος
1199 5135 1317 5198 ἅνθρωπος
1330 5133 1357 5181 ἐκ
1374 5137 1421 5182 τῶν
1434 5135 1560 5184 διακοσίων
1574 5136 1717 5190 πεντήκοντα

114 5208 163 5256 καὶ
176 5210 287 5268 Διοκλῆς,
307 5209 346 5256 ναὶ
365 5209 539 5271 Πολύμναστος,
552 5207 661 5258 Φλιάσιοι
674 5209 713 5255 καὶ
722 5208 800 5256 αὐτοί.
817 5205 895 5254 Ἦσαν
942 5206 993 5268 ρέρε
1009 5205 1080 5254 εἰπεῖν
1092 5205 1142 5253 ἐστι
1153 5204 1271 5266 ψηφίδων,
1287 5203 1360 5260 οὕτως
1369 5204 1410 5251 καλ
1425 5205 1439 5251 ό
1454 5204 1540 5263 tanta<
1556 5205 1675 5267 ἄνθρωπος
1689 5205 1717 5255 ἐκ
