3959 5925
296 379 354 430 432

292 504 359 563 aliis
385 502 487 561 atheus
505 502 713 559 nominaretur.
733 502 938 571 Querebantur
954 504 1033 562 enim
1051 505 1075 563 i·
1099 530 1103 625 p

293 606 369 651 stum
401 589 523 651 sublatis
550 589 608 649 diis
636 590 710 648 nihil
737 592 796 649 nisi
825 593 991 669 priscorum
1021 596 1077 651 im·

292 692 476 759 peratorum,
493 698 610 755 regum,
633 682 846 737 navarchorum
870 682 990 739 nomina
1004 682 1076 739 reli-

292 770 402 847 quisse.
417 767 604 845 Quidiquod
616 766 757 826 Cadmum
772 768 845 843 (rol,
856 769 961 827 bacchi
976 790 1074 841 arum,

292 876 417 933 coquum
459 856 549 916 luisse
579 856 746 917 affirmavit.
773 855 938 915 Notandum
978 873 1074 917 tamen

290 944 464 1003 Euemerum
478 944 588 1023 duplex
603 945 723 1003 deorum
746 964 837 1020 genus
856 947 989 1005 statuisse
1000 948 1025 1026 (r
1035 950 1071 1023 ¹l·

290 1032 405 1091 Etenim
421 1033 495 1093 alios
510 1045 634 1091 aeternos
648 1046 676 1089 et
689 1033 867 1091 immortales
882 1052 946 1092 esse
963 1033 1072 1111 ajebat,

242 1170 247 1181 .
291 1123 372 1179 velut
386 1122 476 1180 solem
490 1135 519 1180 et
532 1121 631 1179 lunam
647 1134 807 1197 ceteraque
823 1122 919 1179 sidera
932 1123 1008 1180 coelo
1023 1124 1071 1180 in-

291 1210 366 1281 fixa,
391 1221 533 1284 praeterea
556 1223 659 1267 ventos
683 1223 711 1266 et
731 1228 796 1285 quae
816 1222 884 1267 sunt
910 1210 1024 1286 reliqua
1039 1210 1074 1267 ad

290 1298 396 1357 horum
411 1311 521 1356 naturae
536 1296 758 1356 similitudinem
770 1296 953 1367 accedentia;
974 1316 1075 1355 eorum

290 1386 428 1444 videlicet
446 1383 608 1461 siugulaab
621 1384 736 1443 infinito
752 1396 881 1460 tempore
897 1398 1032 1459 generata
1045 1387 1075 1443 in

291 1486 429 1531 aeteruum
462 1492 593 1532 manere.
615 1472 699 1529 Alios
727 1490 797 1529 vero
825 1484 977 1531 terrestres
1004 1473 1075 1532 deos

292 1561 381 1619 luisse
394 1580 455 1638 prae
474 1580 506 1618 se
529 1557 723 1631 le1·ebat‚sed
742 1571 865 1637 propter
884 1558 1027 1618 beneficia
1044 1560 1075 1619 in

290 1648 425 1707 homines
443 1649 547 1707 collata
562 1648 681 1708 divinos
694 1648 822 1705 honores
839 1661 867 1705 et
881 1649 1074 1706 immortalem

292 1735 417 1811 gloriam
438 1733 495 1792 sibi
520 1752 723 1812 comparasse,
749 1747 782 1791 ut
805 1733 975 1805 Herculem,
1006 1735 1076 1792 Bne-

293 1823 397 1891 chum,
412 1823 577 1880 Aristaeum.

331 1909 428 1978 Quum
443 1922 537 1969 autem
560 1907 717 1967 Eremerus
733 1908 889 1967 Cassandri
904 1909 982 1983 regis
1001 1912 1074 1965 ami-

293 2014 347 2053 cus
373 2008 448 2054 esset
478 1994 538 2075 (ια)
561 1996 683 2074 ejusque
700 1995 784 2073 jussu
799 1994 886 2053 modo
901 1996 981 2071 regia
995 2015 1074 2072 quae·

801 366 1117 431 cvuuuatcotttltt
1138 370 1394 435 FRAGMENTA.

1123 505 1189 563 dam
1205 508 1337 583 negotia,
1353 507 1442 565 modo
1454 508 1559 567 itinera
1571 513 1750 591 susciperet,
1768 532 1875 576 narrat
1891 540 1924 578 se

1124 586 1155 642 in
1172 606 1252 644 mare
1266 586 1460 646 meridianum
1478 589 1539 647 sire
1549 590 1682 649 indicum
1693 612 1758 651 esse
1770 594 1918 656 delatum.

1123 672 1238 751 Quippe
1250 674 1287 731 ab
1302 674 1411 734 Arabia
1426 676 1504 735 felici
1525 691 1696 755 provectum
1719 694 1917 760 posteaquam

1123 760 1222 837 plures
1235 761 1463 829 dies,0ceanum
1486 766 1667 840 navigasset,
1689 766 1726 825 ad
1744 769 1864 829 insulas
1886 775 1916 831 in

1123 848 1181 906 alto
1205 851 1274 909 sitas
1298 852 1457 929 appulisse,
1473 872 1596 929 quarum
1621 874 1678 912 una
1697 857 1825 917 nomine
1843 859 1918 918 Pan-

1123 936 1200 995 chaea
1210 942 1313 999 ceteris
1328 940 1521 1000 antecelleret.
1542 940 1611 1018 Ejus
1624 942 1736 1001 incolas
1748 944 1916 1007 Panchaeos

1122 1044 1152 1083 se
1167 1024 1277 1085 vidisse
1287 1029 1394 1105 pietate
1417 1029 1542 1087 maxime
1557 1042 1695 1107 praestare
1709 1030 1847 1110 deosque
1859 1056 1917 1094 ma-

1122 1112 1367 1187 gnificentissimis
1378 1116 1531 1175 sacrificiis
1543 1130 1572 1174 et
1585 1117 1779 1195 amplissimis
1794 1140 1834 1179 ex
1846 1143 1917 1183 auro

1122 1214 1208 1277 atque
1219 1215 1338 1278 argento
1352 1202 1437 1261 donis
1452 1204 1555 1261 colere.
1568 1208 1638 1263 Esse
1655 1198 1747 1280 porro
1768 1208 1856 1265 illam
1873 1213 1917 1269 in·

1122 1289 1214 1347 sulam
1224 1290 1343 1348 deorum
1358 1309 1478 1363 sacram,
1494 1291 1656 1369 multasque
1668 1292 1742 1351 alias
1754 1293 1802 1353 ibi
1818 1299 1917 1357 videri

1122 1397 1169 1435 res
1182 1378 1268 1437 simul
1290 1382 1459 1456 antiquitate
1479 1380 1567 1437 simul
1588 1379 1745 1439 artificiosa
1763 1396 1916 1445 structura

1122 1465 1476 1541 insignesbrstarenltro
1487 1468 1517 1524 in
1531 1467 1582 1525 illa
1597 1468 1693 1525 insula
1701 1488 1797 1547 super
1810 1475 1916 1533 collem

1123 1553 1295 1614 altissimum
1316 1554 1401 1613 lovis
1422 1554 1573 1632 Triphylii
1596 1557 1735 1633 templum
1761 1562 1916 1623 conditum

1122 1638 1252 1719 abipso,
1270 1663 1328 1720 quo
1341 1656 1471 1720 tempore
1483 1642 1577 1701 adhuc
1592 1644 1668 1702 inter
1683 1644 1827 1707 homines
1842 1668 1916 1710 esset

1122 1728 1281 1807 orbemque
1298 1744 1382 1789 terrae
1399 1731 1525 1809 imperio
1542 1744 1662 1806 regeret.
1682 1731 1717 1790 ln
1729 1733 1791 1792 hoc
1807 1742 1916 1817 templo

1122 1816 1248 1876 inveniri
1261 1819 1426 1877 columnam
1443 1837 1577 1891 auream,
1589 1818 1828 1896 quael’anchaeis
1842 1827 1916 1885 litte·

1122 1905 1164 1963 ris
1196 1907 1338 1985 inscripta
1361 1907 1453 1979 Cocli,
1479 1906 1596 1968 Saturni
1622 1918 1650 1964 et
1672 1905 1762 1968 loris
1781 1927 1914 1973 aetorum

1122 2012 1263 2053 summam
1288 1997 1445 2055 contineat.
1467 1994 1669 2072 Quapropter,
1694 1997 1722 2054 si
1746 1999 1827 2060 fides
1847 2003 1914 2061 Ere·

1123 2101 1220 2153 mero,
1237 2083 1358 2141 deorum
1381 2095 1460 2158 gesta
1477 2082 1595 2158 collegit
1609 2081 1835 2163 historiamque
1850 2111 1914 2148 eon·

1124 2172 1215 2227 texuit
1234 2189 1271 2227 ex
1285 2171 1378 2231 titulis
1400 2184 1429 2228 et
1448 2170 1691 2248 inscriptionibus
1707 2176 1821 2234 sacris.
1839 2178 1911 2235 llanc

1122 2254 1273 2315 historiam
1297 2258 1375 2337 apud
1400 2258 1547 2315 llomanos
1570 2270 1598 2315 et
1626 2259 1847 2336 interpretatus
1871 2278 1910 2321 est

1123 2342 1233 2403 Ennius
1246 2359 1274 2403 et
1289 2359 1403 2404 secutus
1419 2346 1490 2421 (ιδ).

291 2160 370 2224 ὄαραιν
384 2163 407 2209 οί
421 2163 582 2225 προειρημένοι
595 2163 635 2210 καὶ
645 2162 703 2229 εἶναι
717 2163 796 2220 θεούς,
812 2164 853 2211 καί
865 2166 971 2225 προνοεῖν
988 2164 1071 2221 ἡμῶν,

289 2232 330 2277 καὶ
339 2232 505 2295 προσημαίνειν
513 2233 542 2281 τὰ
550 2234 662 2294 μελλοντα
671 2268 678 2293 ,
687 2234 726 2280 καὶ
735 2234 773 2280 διὰ
784 2233 881 2295 ὀρνίθων
889 2269 896 2290 ,
910 2233 951 2279 καὶ
965 2232 1004 2279 διὰ
1013 2249 1074 2293 συμ-

290 2300 376 2359 totos,
388 2301 429 2349 καί
444 2302 482 2350 διὰ
498 2302 655 2363 σπλάγχνων,
672 2304 712 2350 καὶ
721 2300 751 2349 δι’
761 2302 837 2349 ἄλλων
848 2305 918 2349 τινῶν
930 2300 1076 2362 μαθημάτων

289 2386 315 2419 τε
327 2371 367 2418 καί
376 2371 531 2433 θιθαγμίτυν.
540 2373 652 2422 Clemens
659 2370 829 2420 alexandrinus
837 2374 953 2429 Protrept.
962 2382 985 2431 p.
1003 2374 1075 2420 τελε

291 2442 610 2506 θανμύζεενίπεισίμοι,ὄτῳ
623 2442 704 2505 τρόπῳ
715 2443 833 2504 Εὐήμερον
842 2442 882 2488 τὸν
893 2440 1069 2503 Ἀκραγαντῖνον
1162 2431 1227 2490 Jam
1245 2452 1316 2492 vero
1327 2435 1454 2512 primum
1471 2452 1567 2507 regent
1579 2432 1692 2492 Coelum
1711 2436 1812 2496 fuisse
1829 2452 1907 2497 lesta-

289 2512 502 2574 τθίῑίτῐᾰθνατὺθ
512 2511 802 2576 Κύπίτνοθνὶθταλὸίθνν
812 2512 1015 2559 aetuoso-usti
1025 2513 1075 2577 ‚tt-l,-
1122 2532 1170 2578 tur
1186 2519 1257 2599 (τί),
1270 2523 1366 2581 virum
1390 2534 1446 2579 tam
1462 2522 1560 2580 mitem
1577 2536 1605 2581 et
1624 2518 1812 2597 beneficum,
1828 2547 1909 2603 qnam

289 2580 1076 2714 ζχχγχςξξχτχγχχχχιγχχχξὸβῗχξχξξξζχς
1122 2608 1508 2687 cremoniensium,
1524 2610 1617 2685 qne
1630 2610 1910 2687 primussacrinciis

291 2721 470 2785 mmm,
487 2721 592 2785 ὀξύηρὸ,
605 2737 651 2769 m„
662 2724 709 2769 τῶ,
721 2720 810 2768 γ,,,,;,,
826 2719 1005 2781 ἆ,γρώπ,,,,,ἠ,
1020 2721 1075 2779 „p
1123 2696 1192 2754 deos
1206 2697 1333 2755 coelestes
1347 2698 1471 2755 coluerit
1488 2720 1495 2754 :
1512 2696 1636 2774 ideoque
1652 2717 1718 2755 eum
1736 2702 1829 2758 etiam
1849 2704 1909 2761 Coe·

289 2791 345 2847 τοὺς
357 2791 423 2847 θεοὺς
432 2793 527 2848 τούτους
539 2792 927 2851 πλάνην,ὰνέυυ;ἐπινενλ.ήν.ασν,
943 2792 963 2837 εἰ
981 2792 1021 2838 νεὶ
1035 2792 1076 2848 τὴν
1123 2782 1371 2862 lumappellatum
1389 2804 1461 2847 esse.
1474 2784 1566 2843 Filios
1575 2797 1669 2841 autem
1682 2804 1751 2843 eum
1769 2788 1910 2848 habuisse
1970 2836 1971 2839 ς

290 2864 519 2924 ἅλήθθαθθῦίῆθμῆ
532 2863 802 2922 θίθθηθὸῐθίνᾶίίνάτθθ
816 2862 905 2917 etim
918 2863 1077 2921 Υῑῦθωθῐῑθ·
1122 2872 1237 2930 eVesta
1261 2892 1353 2930 uxore
1380 2872 1406 2929 Τ
1409 2873 1515 2933 itanem
1542 2884 1570 2929 et
1590 2871 1749 2930 Saturnum
1775 2876 1910 2953 filiasque

290 2932 955 3066 maflss‘gxffiffisffiffi,mm
971 2933 1076 3052 ξ’ἓζυὲον
1124 2956 1231 3060 llbeam
1248 2975 1276 3062 et
1290 2961 1435 3021 Cererem.
1449 2961 1530 3020 Coelo
1541 2961 1602 3035 regi
1617 2957 1778 3062 Saturnum
1796 2983 1910 3023 succes-
1969 3003 1970 3014 ν

290 3073 380 3135 ἀγνοεῖν
395 3090 434 3135 μοι
449 3074 537 3120 δοκεῖτε
550 3074 591 3133 ,ὢ
611 3073 689 3134 ἄνδρες
707 3075 838 3130 δαιταλεῖς,
857 3075 893 3121 ὅτι
907 3075 948 3122 καὶ
965 3075 1074 3136 Κάδμος,
1122 3067 1209 3126 ⁵¹⁵⁵et
1227 3045 1504 3126 ‘1¹¹¹‘luumlllleam
1520 3067 1641 3106 mrem
1656 3049 1810 3124 (hussel,
1826 3073 1864 3112 ΕΣ
1880 3075 1910 3112 ⁸³

290 3146 361 3193 θεοῦ
374 3143 488 3192 Διονύσου
500 3142 608 3202 πάππος,
624 3144 731 3205 μάγειρος
749 3143 787 3203 ἧν.
804 3144 979 3202 Σιωπηυάνπων
993 3145 1017 3194 δὲ
1037 3147 1076 3194 καί
1121 3133 1245 3208 lovem,
1267 3134 1411 3194 lunonem
1433 3147 1461 3192 et
1485 3133 1649 3213 Neptunum
1669 3143 1847 3215 susceperit.
1870 3143 1911 3198 lle

292 3214 419 3276 tetresse
435 3213 545 3276 “ms
565 3214 700 3276 stampe,
718 3213 778 3276 ἔφυν
799 3216 937 3269 streete
956 3215 1075 3278 coeptu>
1120 3223 1245 3282 Saturno
1260 3226 1320 3282 haec
1334 3235 1401 3282 sunt
1414 3220 1502 3280 Ennii
1520 3220 1677 3300 verba(15)
1695 3247 1702 3280 ι
1719 3251 1732 3274 π
1761 3225 1904 3285 lirinSa·
1968 3193 1969 3285 l

291 3291 332 3370 ”lff
348 3287 410 3402 ¹⁵⁹}
425 3283 756 3401 {flffll‘ffffil'ffQ‘J'
775 3287 807 3340 ὡς
826 3285 943 3381 {zeusius
957 3285 1072 3372 ›qo'vzpv
1122 3323 1224 3369 turnus
1240 3330 1361 3369 uxorem
1386 3310 1473 3369 duxit
1495 3309 1599 3388 Opem.
1621 3310 1729 3388 Titan,
1744 3314 1798 3389 qui
1817 3315 1911 3392 major
1967 3345 1968 3372 l

291 3372 376 3414 τουτο,
411 3371 419 3401 ι
455 3367 526 3412 αομος
540 3369 647 3416 μαγειρο,
682 3369 742 3401 arou
755 3353 870 3414 βασιλεω,
883 3356 1075 3416 καιπαραλαϋων

290 3428 333 3486 τήν
351 3424 487 3490 Ἁρμονίαν,
505 3425 630 3485 αὐλητρίδα
650 3424 690 3472 καί
710 3423 781 3482 αὐτὴν
793 3423 868 3472 οὐσαν
884 3429 926 3472 τοῦ
943 3426 1059 3487 βασιλέως
1068 3463 1076 3488 ,
1121 3412 1190 3457 mm
1206 3413 1282 3472 erat,
1305 3401 1450 3478 P⁰⁵l¹¹l³lr
1469 3413 1501 3457 ul
1519 3399 1582 3476 ll)se
1597 3413 1743 3475 regum·
1760 3401 1807 3460 lbi
1823 3403 1910 3462 lem

291 3497 361 3558 ἔρυγε
381 3497 424 3545 σὺν
448 3496 515 3556 αὐτῇ.
544 3496 595 3556 (tl)
613 3494 734 3544 Diodorus
752 3493 816 3555 apud
845 3496 975 3560 Eusebium
998 3499 1075 3559 Praep.
1966 3505 1967 3520 ³

292 3570 384 3629 πνους.
395 3566 438 3615 tib.
449 3568 471 3616 lt
483 3579 507 3628 p.
521 3572 565 3615 sa:
578 3567 630 3630 περὶ
642 3567 701 3614 θεῶν
712 3565 788 3612 τοίνυν
799 3565 876 3622 διττὰς
888 3568 910 3614 οι
922 3567 1020 3615 πειειυί
1029 3575 1076 3617 τῶν
1120 3564 1160 3611 καὶ
1179 3563 1233 3618 τούς
1253 3563 1317 3620 θεοὺς
1335 3568 1453 3624 τιμῶντας
1472 3563 1731 3627 μεγαλοπρεπεστάτας
1752 3565 1849 3621 θυσίαις
1870 3572 1910 3616 καί
1966 3525 1967 3617 ί

295 3639 423 3701 ἀνθρώπων
446 3640 496 3692 τοῖς
521 3636 721 3698 μεταγενεστέροις
742 3634 872 3684 δεδώκασιν
901 3636 997 3692 ἐννοίας·
1023 3637 1075 3694 τούς
1121 3634 1267 3697 διαδήμασιν
1283 3633 1409 3695 ἀξιολόγοις
1422 3635 1530 3698 ἀργυροῖς
1544 3635 1620 3682 τεκαὶ
1634 3639 1739 3696 χρυσοῖς.
1754 3634 1911 3695 Εἶναιδὲπῂν

295 3709 336 3770 μὲν
354 3709 399 3770 γὰρ
419 3705 508 3763 ἀϊδίους
528 3706 707 3768 καίδιρθάρτους
720 3704 873 3768 εἶναίφασιν,
887 3707 937 3755 olor
959 3708 1075 3766 ἧλιονιιαὶ
1120 3711 1190 3761 νῆσον
1204 3705 1266 3767 lepino
1278 3705 1399 3764 θεῶν,ιιαλ
1412 3705 1478 3767 ίτερα
1490 3704 1562 3754 πλείω
1573 3705 1736 3766 θαυμαζόμενα
1750 3709 1815 3754 κατά
1828 3724 1857 3756 τε
1872 3711 1911 3766 τὴν
1965 3703 1966 3783 l

294 3777 393 3835 σελήνην
411 3779 451 3824 καὶ
466 3777 496 3824 τὰ
512 3776 572 3823 ἄλλα
585 3776 615 3824 τὰ
631 3775 685 3823 κατ’
697 3775 795 3837 οὐρανὸν
810 3776 899 3840 ἄστρα,
912 3777 969 3840 πρὸς
982 3778 1007 3826 δὲ
1021 3778 1076 3827 τού-
1121 3775 1264 3837 διρχαιότητα
1274 3775 1363 3832 aeti-tp
1373 3780 1414 3831 τῆς
1426 3779 1573 3832 κατασκευῆς
1585 3775 1748 3837 πολυτεχνίαν,
1763 3779 1820 3840 περὶ
1835 3780 1870 3826 ὧν
1884 3781 1912 3829 τὰ

294 3863 341 3902 τοις
352 3847 450 3906 ἀνέμους
461 3848 501 3893 τεαὶ
514 3846 567 3901 τοὺς
579 3846 661 3900 ἄλλους
673 3845 727 3901 τούς
736 3851 776 3903 τῆς
791 3847 873 3906 ὁμοίας
887 3848 978 3908 ρύσεως
987 3847 1076 3904 τούτοις
1120 3845 1181 3892 κατὰ
1195 3847 1263 3908 μέρος
1277 3848 1301 3892 ὲν
1313 3849 1362 3901 ταῖς
1371 3846 1417 3907 πρὸ
1426 3847 1510 3904 ταύτης
1523 3846 1610 3907 βίδλοις
1625 3845 1832 3909 ἁναγεγράραμεν,
1846 3852 1912 3900 Εἶναι

293 3915 431 3978 τετευχότας
450 3915 555 3974 (τούτων
573 3916 617 3977 γὰρ
634 3916 733 3963 ίκαστον
747 3915 822 3962 ἀίδιον
842 3916 903 3978 ἔχειν
921 3916 965 3974 τήν
985 3917 1076 3972 γε’νετνν
1121 3913 1140 3962 δ’
1151 3916 1174 3963 ἐν
1184 3913 1243 3978 αὐτῇ
1256 3915 1317 3962 κατά
1326 3931 1377 3962 τινα
1385 3915 1455 3978 λὸρον
1468 3917 1559 3976 ύψηλδν
1572 3914 1625 3962 καθ’
1637 3917 1768 3978 ὐπτρθολὴν
1779 3920 1848 3982 ἱερὸν
1859 3923 1913 3977 Διὸς

294 3987 334 4035 καί
354 3986 396 4044 τὴν
409 3985 546 4046 διαμονήν),
559 3986 649 4046 ἐτέρους
668 3983 693 4032 δὲ
713 3984 820 4043 λέγουσιν
835 3985 950 4047 ἐπιγείους
970 3986 1075 4047 γενέσθαι
1120 3987 1255 4048 Τριφυλίου,
1273 3986 1436 4048 καθιδρυμένον
1456 3988 1497 4035 ὐπ’
1512 3986 1589 4035 αὐτοῦ
1608 3987 1660 4036 καθ’
1673 3987 1699 4034 δν
1719 3990 1805 4050 καιρὸν
1829 3992 1912 4041 ε’ὅισί-
1963 3985 1964 4024 l

294 4056 368 4118 θεούς,
381 4057 507 4112 testere<
521 4058 553 4112 τίς
565 4056 700 4118 ἀνθρώπους
710 4056 841 4116 εὐεργεσίας
850 4055 965 4105 ἀθανάτου
978 4073 1075 4120 τετυχη·
1120 4057 1187 4104 λευσε
1203 4061 1244 4114 τῆς
1259 4057 1395 4117 οἰκουμένης
1412 4055 1504 4114 ἁπάσης
1524 4057 1557 4105 ίτι
1578 4059 1639 4106 κατὰ
1660 4057 1798 4120 ἀνθρώπως
1815 4063 1861 4110 ὧν.
1874 4063 1913 4112 Ἔν
1963 4025 1964 4117 l

293 4128 364 4184 αὐτας
373 4132 440 4189 τιμῆς
451 4127 491 4175 καί
504 4125 643 4187 δύξης,οίον
655 4127 786 4188 Ἡρακλέα,
802 4126 930 4188 Διόνυσον,
944 4126 1076 4190 'aptaretur
1120 4125 1196 4190 τούτῳ
1209 4130 1244 4188 τῷ
1264 4129 1318 4189 ίιρῷ
1335 4129 1421 4184 στήλην
1445 4129 1505 4177 εἶναι
1522 4136 1626 4193 χρυσῆν,
1641 4129 1693 4192 lsi
1712 4135 1762 4186 τοῖς
1775 4135 1913 4197 Παγχαίας

293 4198 334 4247 καὶ
349 4199 403 4253 τούς
418 4198 501 4254 ἄλλους
521 4197 576 4255 τούς
594 4196 712 4253 τοιούτους
731 4196 825 4259 ὁμοίως.
849 4201 908 4263 llepl
922 4199 946 4250 bl
960 4205 1007 4249 τῶν
1025 4201 1076 4251 lm·
1121 4197 1253 4258 pptppwu
1268 4199 1379 4260 ὓπᾶρχίῑν
1393 4200 1636 4262 Υεγρτμμίναςτάςτε
1646 4202 1806 4264 (λλρανούιεαὶ
1821 4208 1913 4268 Κρόνου

292 4269 364 4330 γείειν
383 4269 441 4317 θεῶν
463 4269 545 4317 πολλοὶ
559 4269 600 4316 καί
621 4268 722 4317 ποικίλοι
745 4268 914 4329 παραδέδονται
927 4269 993 4332 λύγοι
1011 4273 1075 4336 παρὰ
1110 4271 1160 4316 ’καί
1175 4269 1228 4325 Διὸς
1238 4268 1329 4332 πράξεις
1344 4271 1561 4334 κεραλαιινιδεῖις.-
1575 4273 1625 4333 (ta)
1636 4271 1721 4320 cicero
1733 4271 1765 4321 tle
1777 4279 1834 4325 nat.
1846 4277 1913 4328 deor,

209 4374 215 4392 .
292 4342 479 4404 εοῖςίστοριιιοῖς
497 4341 575 4387 τεκαὶ
592 4338 753 4402 μυθογράροις·
771 4340 812 4387 καὶ
829 4345 876 4388 τῶν
890 4341 931 4404 μὲν
951 4343 1075 4405 ίστοριιιῶν
1121 4339 1164 4389 lib.
1182 4343 1200 4400 l,
1212 4343 1242 4389 ta
1256 4359 1262 4388 :
1276 4341 1337 4396 Quae
1349 4342 1410 4392 ratio
1421 4341 1528 4391 maxime
1538 4343 1641 4391 tractata
1649 4341 1680 4390 ab
1697 4340 1842 4394 Euhemero
1856 4351 1911 4396 est:

293 4411 413 4473 Εὐήμερος
437 4411 450 4458 θ
472 4409 515 4467 τὴν
537 4410 599 4474 ἱερὰν
616 4410 749 4473 ἀναγραφὴν
765 4411 922 4475 ποιησάμενος
938 4413 1001 4469 ἰδίως
1022 4415 1075 4463 ἀνί·
1120 4423 1192 4473 quem
1203 4413 1285 4458 noster
1296 4413 1321 4460 et
1335 4410 1504 4472 interpretatus
1516 4413 1541 4461 et
1551 4417 1648 4462 εεουιυι
1658 4415 1695 4460 est
1705 4419 1797 4473 praeter
1808 4423 1914 4466 eeteros

292 4482 441 4543 γραψε,τῶν
459 4479 485 4528 δὲ
507 4479 643 4543 μυθολόγων
658 4481 764 4543 Ὀμηρος
783 4482 947 4541 καλἯσίοδος
964 4486 1005 4533 καὶ
1022 4483 1075 4546 Ὀρ-
1120 4482 1218 4530 Ennius.
1245 4481 1282 4530 (ll.
1302 4481 1439 4531 bacltttlius
1460 4482 1638 4532 lnslllullontttn
1660 4481 1691 4531 de
1714 4482 1774 4531 {alsa
1794 4486 1914 4548 religione
1960 4487 1961 4494 ’

293 4551 348 4614 ρεύς
360 4553 401 4600 καὶ
414 4551 489 4613 θειροι
500 4555 603 4601 τοιοῦτον
617 4552 830 4617 τιρατυιδεστέρους
849 4553 934 4614 μύθους
947 4557 999 4620 περὶ
1018 4557 1075 4604 θεῶν
1120 4551 1162 4601 lib.
1177 4554 1190 4602 1
1206 4555 1307 4614 capit.
1331 4551 1421 4614 -(tt)
1442 4552 1561 4601 Diodorus
1583 4552 1648 4615 apud
1672 4552 1809 4603 Eusebium
1826 4559 1912 4618 Prsp.

292 4621 448 4672 πεπλεύκασιν.
475 4651 508 4664 -
522 4621 572 4684 (ta)
595 4621 715 4672 Diodotus
743 4624 806 4685 apud
835 4624 966 4674 Eusebium
996 4629 1074 4687 Prmp.
1120 4623 1209 4684 bivang.
1223 4621 1267 4672 lib.
1281 4624 1302 4671 ll
1317 4635 1339 4684 ρ.
1354 4623 1482 4672 θθτΜττὰ
1495 4617 1570 4670 ταῦτά
1580 4638 1636 4684 φησι
1645 4627 1736 4686 πρῶτον
1747 4624 1860 4686 Οἰρανὸν
1872 4629 1915 4690 βπ-
1959 4643 1960 4648 ’

293 4693 386 4755 Etang.
409 4691 451 4742 lilt.
474 4693 498 4743 11
515 4705 541 4753 ρ.
563 4696 613 4742 θθτ
631 4693 751 4756 Εὐήμερος
766 4695 807 4758 μὲν
821 4693 876 4754 οὐν,
894 4696 958 4758 ςίλος
974 4699 1075 4758 γεγονὼς
1119 4693 1186 4741 τελέα
1194 4693 1328 4754 γεγονέναι,
1347 4691 1438 4758 lateran
1452 4707 1503 4740 τινα
1518 4693 1589 4755 ἄνδρα
1602 4693 1643 4741 καὶ
1662 4693 1786 4755 εὐεργέτην
1807 4698 1853 4744 καί
1871 4704 1913 4755 τῆς

293 4762 432 4826 Κασάνδρου
453 4762 567 4826 βασιλέως
586 4764 626 4812 καί
646 4762 685 4811 διὰ
708 4770 792 4815 τοῦτον
812 4767 989 4828 ἠναγκασμίνος
1003 4768 1075 4816 τελεῖν
1119 4771 1166 4815 τῶν
1178 4765 1270 4826 ἄστρων
1290 4764 1403 4821 κινήσεως
1417 4763 1575 4824 ἐπιστήμονα,
1593 4761 1622 4811 δν
1640 4765 1679 4811 καὶ
1699 4768 1794 4826 πρῶτον
1815 4767 1913 4822 θυσίαις
1958 4821 1959 4824 ς

294 4831 417 4895 βασιλικάς
427 4849 490 4889 τινας
509 4832 588 4897 χρείας
601 4833 642 4882 καί
654 4833 755 4896 μεγάλας
766 4835 913 4898 ἀποδημίας,
926 4839 997 4898 ρησίν
1013 4837 1076 4886 tere
1119 4842 1217 4898 τιμῆσαι
1228 4835 1281 4892 τούς
1295 4835 1414 4896 οὐρανίους
1429 4834 1502 4891 θεούς·
1515 4835 1551 4883 διὸ
1563 4835 1604 4883 καί
1625 4835 1730 4897 Οὐρανὸν
1743 4850 1913 4900 προσαγορευ-

293 4903 403 4957 πισθδναε
417 4904 478 4952 κατὰ
488 4903 529 4961 τὴν
540 4902 685 4965 μισημύρίαν
695 4904 727 4960 ἀς
736 4905 776 4955 τδν
790 4903 902 4965 ὠκεανόν,
915 4905 1075 4955 ίκπλεύσαντα
1120 4909 1194 4966 θῆναι.
1214 4907 1281 4962 trote
1297 4906 1321 4954 δί
1335 4905 1399 4966 αὐτῷ
1415 4905 1521 4965 γενέσθαι
1531 4903 1578 4952 ἀπὸ
1587 4905 1695 4966 γυναικὸς
1705 4904 1805 4960 Ἑστίας
1818 4909 1911 4955 Τιτᾶνα

293 4969 318 5018 δὲ
334 4971 404 5022 αύτδν
425 4973 452 5022 ίκ
465 4978 506 5031 τῆς
518 4972 653 5036 εὐδαίμονος
665 4973 770 5036 Ἀραδίοις
794 4975 938 5033 ποιήσασθαι
951 4977 992 5026 τὸν
1003 4978 1075 5026 πλούν
1120 4981 1159 5026 καὶ
1175 4977 1278 5040 Κρόνον,
1292 4976 1417 5039 θυγατέρας
1435 4975 1459 5023 δὲ
1471 4975 1536 5024 Ῥέαν
1550 4975 1591 5023 καί
1611 4975 1746 5036 Δήμητραν.
1766 4975 1863 5037 Κρόνον
1885 4979 1911 5025 δὲ

294 5038 324 5086 δι’
332 5039 438 5090 ὠκεανοῦ
449 5040 541 5098 πλείους
551 5041 653 5106 ἡμέρας,
670 5043 711 5092 καί
719 5046 901 5109 προσενεχθῆναι
913 5046 993 5104 νήσοις
1006 5048 1075 5096 τελα-
1120 5051 1258 5112 βασιλεῦσαι
1273 5048 1332 5109 μετὰ
1344 5045 1461 5109 Οὐρανόν,
1474 5047 1514 5096 καὶ
1530 5047 1637 5109 γήμαντα
1652 5046 1721 5095 Ῥέαν
1729 5049 1848 5103 γεννῆσαι
1863 5049 1911 5095 Δία

294 5107 367 5168 γίιιις,
385 5109 418 5158 ὧν
434 5111 489 5171 μίαν
500 5113 673 5175 θπιρέχειντύγν
688 5115 859 5177 ὀνομαζομένην
875 5117 1011 5180 Παγχαίαν,
1026 5117 1075 5179 luri
1119 5119 1159 5166 καὶ
1169 5117 1245 5181 Ἥραν
1257 5117 1297 5166 καὶ
1310 5118 1455 5167 Ποσειδῶνα.
1472 5143 1503 5153 -
1516 5115 1565 5178 (ts)
1581 5117 1685 5178 Ennius,
1703 5129 1779 5166 sacrte
1794 5119 1912 5167 historie
1956 5157 1957 5168 .

294 5179 415 5228 τεθεᾶσθαι
433 5181 486 5236 τούς
504 5181 650 5241 ἐνοικοῦντας
662 5185 798 5248 Παγχαίους
810 5185 918 5250 εὐσεθεία
927 5188 1074 5250 διαρὲροντας
1120 5189 1251 5252 ἰιιίετρτεε,
1273 5187 1338 5250 apud
1354 5187 1503 5238 bettanllttm
1519 5186 1706 5237 Institutionum
1716 5186 1748 5236 (le
1767 5185 1830 5236 tusa
1856 5189 1912 5238 reli·
