3959 5925
712 392 952 480 autumnum
973 383 1103 482 vnum.
1670 442 1707 492 ει

117 549 218 625 ὁρμῆς,
244 546 307 605 iti
332 547 391 625 περί
414 551 514 611 παθῶν.
556 546 635 609 Ἤτοι
665 551 716 631 γάρ
737 560 790 610 πᾶν
809 552 890 619 πάθος
912 565 917 654 γ
975 555 1010 613 Ὁ
1036 552 1082 633 μὲν
1105 544 1150 613 σύν
1174 556 1262 627 ἠθικός
1278 558 1352 633 λόγος
1374 561 1409 624 είς
1430 562 1511 617 ταῦτα
1533 560 1578 617 καὶ
1593 566 1708 621 τοσαῦτα

115 634 191 712 ὁρμὴ
208 633 401 705 πλεονάζουσα,
418 632 486 705 λ’τά
500 658 530 713 γε
543 639 652 702 πλεῖστα
671 641 737 714 μεθ’
747 642 829 718 ὁρμῆς
848 640 893 699 καὶ
935 641 1047 719 τέμνοιτ’
1069 642 1115 701 ἄν·
1132 644 1239 723 ἀρκτέον
1255 644 1281 703 δὲ
1302 649 1353 703 τῶν
1367 646 1576 727 προύλημάτων,
1592 648 1708 727 προτάτ-

116 721 154 779 τδ
168 721 362 802 θόρωσι-ἤματα
373 720 409 779 ¹⁵.
421 722 581 805 Ἰὀῦδίπερί
592 730 639 796 τῆς
647 724 764 805 πράξεως
777 726 855 802 λόγου
867 726 892 763 ¹⁶
935 751 1012 786 τοντα
1031 728 1066 787 τά
1084 728 1147 807 γένη
1167 730 1237 793 κατὰ
1256 730 1305 803 τὴν
1330 732 1389 809 έμοί
1407 735 1564 813 φαινομένην
1582 734 1709 809 διάταξιν,

116 809 193 885 ὁμέν
207 812 262 869 ἐστι
275 811 335 889 περί
352 815 405 869 τῶν
424 808 585 871 οίκτιούντων
603 812 667 891 πρός
686 836 758 881 τινας
771 814 889 893 πράξεις,
935 814 1027 886 ἥντινα
1041 816 1165 893 πείθομαι
1179 817 1243 897 πρὸς
1256 818 1285 877 τό
1300 820 1458 901 σαφέστερον
1469 822 1629 901 διῃρηκέναι.

115 896 177 955 όδὲ
191 898 250 979 περὶ
264 903 316 957 τῶν
332 898 538 976 άλλοτριούντων
559 898 611 959 dud
628 923 705 960 τινων
726 901 892 981 πράξεων,θ
974 902 1055 974 Τέλος
1070 912 1095 951 ¹9
1113 904 1216 985 λέγεται
1234 907 1387 987 πολλαχῶς·
1400 912 1435 974 ὡς
1448 909 1477 967 τδ
1491 908 1584 989 πέρας,
1600 902 1623 991 ᾧ
1639 912 1708 968 άντι·
1769 906 1775 917 '

116 986 147 1045 δέ
172 992 225 1047 τῶν
252 990 342 1047 αἰτιῶν
361 986 515 1053 άποδοτικθς
536 988 588 1045 τῶν
611 988 797 1048 ἐπιτελούντων
821 988 893 1057 τινδις
935 991 1070 1071 διαιρεῖται
1085 994 1154 1071 άρχὴ
1170 993 1214 1053 καὶ
1229 994 1323 1072 μέσον·
1337 996 1383 1054 καὶ
1402 999 1437 1063 ὡς
1457 997 1488 1056 τὸ
1500 998 1614 1073 τίλεσμα
1635 1020 1709 1077 φορτ-

115 1072 251 1151 σχέσειςῆ
264 1072 393 1146 κινήσιος,
406 1078 420 1132 ὁ
434 1072 461 1131 δέ
475 1072 594 1153 περὶτῆς
607 1074 780 1147 άσκήσεως,ὅ
794 1075 821 1134 δέ
832 1077 891 1157 περὶ
933 1077 994 1137 κόν·
1010 1080 1045 1145 ὡς
1053 1080 1083 1137 τὸ
1097 1080 1238 1157 ἀνάλωμα,
1249 1082 1308 1139 καθ’
1322 1081 1454 1161 ὃλέγεται
1468 1082 1563 1154 ἀτελής
1576 1107 1614 1151 τις
1625 1089 1651 1119 ²⁰
1663 1086 1708 1143 καὶ

113 1165 165 1230 τῆς
175 1162 247 1227 ἰδίως
260 1162 305 1220 καὶ
318 1160 462 1238 ὁμωνύμως
472 1165 511 1242 τῷ
526 1160 594 1239 γένει
608 1162 749 1241 λεγομένης
762 1163 888 1243 πράξεως.
935 1166 1051 1237 εὖτελής·
1067 1170 1102 1236 ῶς
1113 1172 1127 1227 δ
1139 1168 1224 1246 γάμος
1238 1170 1310 1249 παρὰ
1324 1172 1377 1237 τοῖς
1390 1176 1548 1252 Δωριεῦσιν,
1559 1172 1616 1243 ἤτοι
1634 1174 1708 1251 παρὰ

115 1248 176 1306 Καὶ
190 1251 203 1305 θ
220 1247 267 1322 μὲν
283 1247 343 1327 περὶ
356 1252 408 1307 τῶν
429 1247 590 1307 οίκτιούντων
601 1250 665 1328 πρός
680 1274 751 1317 τινας
770 1250 890 1329 πράξεις,
933 1255 964 1313 τὸ
985 1255 1164 1335 συμπέρασμα
1180 1260 1226 1329 τῆς
1245 1258 1381 1329 νεότητος,
1395 1256 1412 1328 ἦ
1434 1257 1477 1319 idi
1491 1258 1520 1318 τδ
1534 1264 1648 1320 τελειοῦν
1664 1262 1707 1322 τδν

114 1335 258 1413 διαιρεῖται
268 1333 304 1402 τίς
314 1358 343 1394 τε
356 1335 401 1393 τδν
413 1337 565 1395 ὑποθετικὸν
579 1336 625 1395 καὶ
639 1337 682 1396 τδν
693 1338 889 1417 προτρεπτικόν·
934 1340 1015 1422 ἄνδρα
1029 1349 1062 1422 τῇ
1074 1344 1136 1422 πρὸς
1146 1344 1193 1414 τὴν
1205 1354 1315 1423 γυναῖκα
1328 1346 1445 1427 συνόδῳ,
1457 1351 1516 1407 καθ’
1528 1348 1542 1407 δ
1555 1348 1602 1419 τὴν
1617 1351 1705 1426 γαμή·

112 1421 178 1478 ἔνιοι
190 1420 241 1500 γάρ
254 1422 299 1479 καὶ
311 1428 399 1481 τοῦτον
413 1422 464 1479 ὑπὸ
477 1422 555 1493 τήνδε
564 1416 697 1485 τάττουσι.
739 1424 773 1484 ‘0
788 1427 816 1485 δέ
830 1427 890 1504 περὶ
933 1432 986 1488 λιον
1008 1430 1094 1511 Ἥραν
1119 1432 1240 1510 συζυγίαν
1263 1433 1309 1492 καί
1335 1433 1437 1493 τελείαν
1461 1437 1649 1513 ἐπονομάζουσι
1672 1447 1706 1472 ²¹·

111 1511 166 1565 τῶν
181 1509 380 1587 ἀποτρεπόντων
390 1512 509 1568 καλεῖται
519 1511 783 1589 παραμυθητικός,θς
795 1515 890 1573 καλού-
931 1518 1005 1585 τέλος
1031 1520 1058 1577 δὲ
1079 1518 1125 1577 καί
1147 1519 1267 1593 γνώσεως
1284 1520 1330 1579 καὶ
1351 1521 1468 1601 πράξεως
1486 1523 1531 1581 καί
1549 1524 1706 1603 ποιήματος·

111 1594 191 1669 μενός
208 1598 265 1656 ἐστι
283 1596 348 1675 πρὸς
364 1597 438 1656 ἐνίων
463 1597 644 1674 παθολογικός.
654 1608 689 1645 ¹7·
715 1604 761 1658 τοῶ
779 1600 807 1659 δὲ
829 1603 889 1680 περί
931 1606 961 1663 τὸ
973 1606 1018 1665 καὶ
1033 1604 1184 1677 άποὸαῖνον,
1198 1610 1233 1673 ὡς
1242 1609 1308 1685 παρ’
1319 1606 1447 1688 Εὐριπίδῃ
1464 1608 1499 1646 ²²·

110 1688 160 1754 τῆς
183 1682 328 1760 ὁμωνύμως
346 1684 487 1761 λεγομένης
507 1686 623 1765 πράξεως
636 1686 681 1744 καί
701 1688 784 1758 Ξδικῆς
807 1688 886 1766 ὁμέν

110 1773 169 1830 tots
182 1770 244 1850 περί
259 1774 311 1828 τῶν
324 1770 510 1846 καθηκόντων,
526 1778 541 1833 ὁ
560 1771 588 1830 δὲ
605 1774 667 1852 περί
684 1778 736 1832 τῶν
754 1781 887 1853 κατορθω-

111 1857 216 1934 μάτων.
258 1857 335 1918 Ἐπεί
343 1858 378 1925 ,δέ
390 1862 443 1917 τῶν
457 1860 622 1932 καθηκόντων
632 1861 677 1919 καὶ
693 1864 743 1919 τῶν
757 1867 886 1941 κατορθω·

112 1946 205 2022 μάτων
216 1944 251 2004 τθ
263 1944 310 2021 μέν
325 1948 380 2005 ἐστι
393 1950 452 2005 καθ’
469 1948 566 2021 ἑαυτά,
581 1947 615 2005 cd
629 1946 656 2007 δὲ
673 1948 742 2007 κατά
761 1948 809 2018 τὴν
823 1949 887 2027 πρὸς

109 2031 172 2098 τοθς
184 2032 296 2103 πλησίον
308 2033 417 2112 σχέσιν,
432 2033 542 2105 συνέστη
555 2034 633 2100 τόπος
649 2038 664 2092 δ
675 2035 734 2114 περὶ
747 2036 798 2091 τῶν
810 2035 887 2113 χαρί-
929 2034 955 2092 Τ
955 2032 1002 2103 ε’λη
1016 2030 1044 2089 δὲ
1057 2030 1176 2107 λέγονται
1187 2029 1232 2089 καὶ
1245 2031 1272 2088 αί
1283 2032 1334 2090 τῶν
1345 2032 1481 2088 πολιτειῶν
1493 2031 1588 2110 ἀρχαί,
1598 2030 1631 2091 τά
1642 2032 1704 2105 τέλη

109 2142 163 2176 των
181 2122 213 2179 ἐκ
232 2126 279 2178 τοῦ
302 2117 380 2198 λόγου
398 2127 442 2179 τοῦ
464 2122 532 2180 κατὰ
547 2121 594 2192 την
617 2120 680 2200 πρδς
699 2119 757 2187 τοὺς
776 2122 885 2191 πλησίον
929 2116 1143 2191 Λακεδαιμονίων
1157 2118 1180 2175 τί
1193 2116 1279 2195 τύχοι.
1322 2116 1403 2194 ssope
1422 2120 1445 2175 δ’
1460 2117 1573 2198 Ὁμήρῳ
1587 2116 1611 2154 ²³
1628 2122 1654 2178 ἐν
1666 2124 1705 2199 τῷ

109 2206 202 2284 σχέσιν
215 2207 352 2287 ὑπάρχων.
394 2208 514 2268 Πάλινδ
528 2210 585 2268 έπιλ
595 2212 647 2268 τῶν
661 2208 827 2279 καθηκόντων
840 2209 886 2267 καὶ
928 2211 974 2277 τῆς
987 2204 1097 2272 Ἰλιάδος
1111 2205 1229 2283 δεκάτῳ·
1242 2195 1315 2285 Αίψα
1333 2206 1355 2262 δ’
1369 2203 1412 2264 ἐπὶ
1421 2210 1535 2287 θρηκῶν
1550 2208 1648 2287 ἀνδρῶν
1659 2206 1705 2266 τέ-

109 2298 162 2352 τῶν
175 2296 382 2373 κατορθωμάτων
395 2295 471 2372 &piu
479 2295 583 2376 λέγεται
593 2296 719 2365 σύνθετα,
733 2295 750 2353 θ
762 2294 790 2353 δὲ
805 2296 885 2353 άσύν-
929 2294 972 2359 λος
984 2282 1040 2361 ἷξον
1055 2292 1147 2361 ίόντις·
1166 2298 1241 2351 τοῦτο
1255 2294 1279 2351 δ’
1297 2291 1366 2352 ἐστίν
1388 2292 1497 2372 ίναρχον
1511 2293 1611 2371 τάγμα.
1652 2294 1704 2355 Λέ-

109 2387 190 2455 θιτα,
204 2382 317 2455 συνέστη
338 2382 407 2441 κατθι
427 2382 460 2442 τά
479 2383 587 2443 σύνθετα
601 2388 615 2441 ὁ
639 2382 699 2462 περὶ
715 2382 778 2461 βίων
794 2382 886 2459 λόγος,
928 2404 1003 2457 γεται
1019 2378 1046 2438 δέ
1059 2380 1110 2438 ὑπὸ
1127 2383 1181 2439 τῶν
1197 2382 1321 2440 Στωϊκῶν
1344 2378 1368 2415 ²⁴
1380 2382 1490 2463 ὁρικῶς,
1504 2380 1578 2449 τέλος
1591 2382 1661 2442 ἐστίν
1674 2374 1703 2442 ού

109 2461 141 2525 ού
155 2469 234 2547 μέρος
247 2465 284 2527 ῶν
306 2470 393 2549 ύπιρλ
406 2470 492 2546 γάμου
506 2471 565 2529 κατ’
583 2470 651 2529 ἰδίαν
670 2470 784 2549 ἐτάχθη,
799 2468 841 2528 διά
854 2468 884 2528 τὸ
928 2468 1004 2527 ἕνεκα
1017 2467 1105 2527 πάντα
1119 2466 1263 2546 πράττεται
1277 2465 1458 2538 καθηκόντως,
1473 2468 1535 2527 αὐτδ
1549 2468 1576 2527 δὲ
1591 2470 1704 2549 πράττε-

107 2558 212 2626 πλῆθος
225 2553 276 2614 τῶν
291 2558 318 2614 ίν
341 2559 408 2635 αὐτῇ
430 2558 596 2634 ζητημάτων.
636 2553 719 2616 'ssot’
742 2547 884 2624 εἶναιτοὺς
925 2579 970 2614 ται
991 2555 1092 2621 οὐδενὸς
1114 2552 1200 2616 ἕνεκα.
1242 2553 1310 2614 ‘dni
1335 2554 1361 2591 ²⁵
1389 2554 1542 2632 Κράτητος,
1564 2550 1595 2617 ού
1622 2558 1699 2637 χάριν

108 2643 212 2711 πάντας
225 2642 452 2712 τόπουςκατδιτδν
467 2649 514 2716 τῆς
525 2645 642 2726 πράξεως
654 2644 746 2718 τόπον,
757 2668 884 2727 παραμυ-
924 2633 1028 2717 vitia,
1048 2640 1112 2700 αὐτὸ
1135 2641 1158 2699 δ’
1181 2640 1281 2709 οὐδενὸς
1299 2641 1386 2699 ἕνεκα.
1429 2642 1484 2700 Καὶ
1506 2642 1602 2715 πάλιν,
1624 2646 1663 2724 ἐρ’
1687 2644 1701 2704 θ

107 2732 231 2803 θητικόν,
246 2730 454 2813 [παθολογικόν]
471 2732 506 2805 ¹⁸,
521 2733 580 2812 περί
592 2735 743 2806 ἀσκήσεως,
756 2733 817 2810 περὶ
832 2755 883 2791 κα·
926 2730 1014 2789 πάντα
1025 2728 1058 2787 τά
1068 2731 1094 2788 ἐν
1108 2733 1146 2808 τῷ
1162 2729 1211 2809 βίῳ
1220 2728 1388 2807 πραττόμενα
1401 2728 1565 2799 καθηκόντως
1576 2729 1624 2801 τὴν
1637 2734 1703 2791 ἀνα·

106 2818 253 2893 θηαάντων,
266 2819 327 2900 περὶ
346 2821 573 2900 κατορθωμάτων,
592 2820 652 2898 περὶ
669 2820 804 2899 χαρίτων,
820 2820 881 2898 περὶ
925 2818 1007 2900 γορδιν
1025 2815 1173 2893 λαμύάνει,
1188 2816 1288 2875 αὐτόθ’
1308 2818 1351 2875 ἐπ’
1375 2816 1447 2877 οὐδέν
1463 2814 1499 2877 ²⁶.
1515 2817 1584 2879 Ὑπδ
1605 2818 1631 2877 δέ
1648 2822 1699 2877 τῶν

108 2906 191 2985 βόων,
203 2906 266 2987 περί
278 2907 377 2986 γάμου.
926 2904 1057 2998 νεωτέρων
1071 2906 1308 2983 Περιπατητικῶν,
1324 2908 1375 2964 τῶν
1390 2905 1443 2964 άπὸ
1456 2907 1619 2985 Κριτολάου,
1629 2906 1659 2966 τδ
1671 2910 1702 2966 ἐκ

1130 1757 1256 1821 tapetium
1268 1758 1390 1820 στομάτων

1130 1828 1219 1889 ἀνόμου
1228 1828 1249 1877 τ’
1260 1829 1388 1892 ἀφροσύνας

1129 1899 1155 1946 τὸ
1166 1898 1230 1953 τελος
1242 1897 1364 1960 δυστυχία.

106 3099 287 3150 titudinemeos
300 3100 342 3162 q'ui
354 3103 411 3150 suut
420 3101 450 3150 de
460 3114 541 3151 umore
553 3113 582 3150 ae
591 3101 622 3151 de
631 3102 754 3150 conviviis.
786 3105 880 3151 vesun·
925 3098 1298 3161 deexercitatione‚deotdciis,
1314 3099 1345 3149 de
1360 3092 1654 3164 recteiaotis',degrutia,
1672 3101 1703 3151 de

105 3190 186 3236 tanuen
201 3188 254 3236 baee
264 3188 368 3249 quidem
379 3189 460 3238 omnia
472 3189 574 3250 generati
590 3189 710 3239 bonosum
724 3189 881 3246 etmalorum
924 3187 989 3250 vita,
999 3188 1029 3237 de
1038 3187 1136 3249 nuptiis.
1233 3241 1236 3250 ¹

106 3275 260 3337 explicationi
270 3275 378 3336 subiicit.
409 3276 567 3338 Appetitionis
579 3282 661 3326 autem
675 3277 743 3327 loeus
756 3277 841 3339 partim
851 3277 882 3326 de
955 3281 1105 3328 domorum
1127 3274 1225 3336 quidem
1247 3273 1345 3324 scientis
1363 3278 1411 3336 tot,
1430 3279 1490 3337 quot
1509 3278 1702 3326 commemoratae

106 3364 218 3424 peculiari
229 3365 390 3427 appetitione,
399 3365 486 3428 partim
497 3366 527 3416 de
538 3366 665 3416 affectibus
676 3367 772 3416 tractat.
789 3367 882 3429 Quippe
922 3365 993 3421 suut,
1006 3362 1079 3412 babet
1095 3365 1173 3425 partes
1185 3382 1191 3411 ι
1202 3362 1314 3423 deinceps
1324 3365 1404 3412 nutem
1419 3363 1567 3425 questiones
1580 3363 1700 3426 aggredie-

105 3452 143 3500 τοι
159 3451 238 3500 omnis
250 3451 351 3500 adiectus
363 3457 399 3502 est
413 3453 527 3514 appetitio
543 3452 680 3511 nimime!
693 3458 758 3503 certe
773 3455 799 3502 et
812 3452 881 3514 pieri·
922 3463 977 3500 mur
991 3449 1060 3513 junia
1072 3463 1186 3514 generum
1197 3450 1306 3500 ordinem
1319 3463 1333 3499 a
1347 3451 1415 3500 uobis
1426 3451 1573 3512 clarissime,
1585 3455 1612 3500 ut
1627 3454 1696 3513 puu-

104 3552 154 3600 que
168 3538 270 3588 atieetus
282 3550 338 3588 cum
350 3540 496 3601 appetitione
506 3535 626 3602 conjuncti
638 3544 696 3589 sunt
708 3541 732 3590 et
747 3540 806 3602 ipss>
818 3553 880 3601 quo·
922 3550 991 3599 mus,
1006 3537 1162 3600 propositum.
1619 3531 1622 3536 '
1672 3549 1673 3552 ¹

104 3640 154 3687 que
167 3625 327 3686 ωςτίίσδίσοσ.
358 3626 880 3690 Actionisdeuiquetocommatiusdesebus
951 3627 1020 3682 Τελος
1035 3626 1109 3674 muita
1121 3625 1289 3687 significabunt
1301 3625 1388 3686 tinem,
1403 3625 1441 3674 cui
1455 3625 1598 3686 respondent
1608 3612 1697 3687 princi·

102 3712 135 3759 ad
147 3711 252 3763 actiones
264 3713 420 3775 beientibus,
437 3715 502 3766 situs
515 3716 598 3763 contra
614 3713 730 3762 derebus
749 3713 781 3762 ab
795 3713 879 3762 iisdem
922 3704 987 3775 pium
1002 3715 1027 3764 ei
1041 3713 1162 3774 medinm;
1176 3714 1202 3762 ut
1216 3713 1354 3773 pensionem
1369 3711 1464 3771 tributi3
1475 3719 1501 3762 nt
1516 3715 1637 3770 sumtum,
1650 3726 1699 3774 quo

101 3802 202 3862 ationis,
216 3802 279 3851 atius
292 3801 323 3852 de
345 3803 424 3851 canusia
445 3802 570 3852 habituum
594 3802 745 3865 quorundam
765 3807 808 3851 aut
825 3815 877 3851 mo·
920 3805 990 3863 pacto
1002 3800 1056 3863 quis
1066 3800 1147 3856 ἀτελής
1160 3800 1184 3848 et
1198 3800 1290 3857 εὐτιλής
1304 3799 1405 3862 dicitur;
1417 3801 1443 3848 ut
1458 3800 1553 3861 nuptias
1570 3799 1634 3862 apud
1648 3804 1698 3850 lto·

102 3893 189 3949 tntum,
199 3887 263 3936 atius
275 3886 305 3937 de
320 3888 507 3949 exercitatione,
518 3886 579 3936 eiius
590 3887 621 3936 de
631 3886 726 3948 spectati
741 3886 852 3944 actione,
864 3899 878 3934 a
920 3903 972 3949 res,
984 3889 1022 3937 vei
1034 3887 1097 3949 quod
1107 3887 1259 3948 iuventutem
1273 3886 1415 3948 absolvant,
1426 3887 1463 3938 vet
1474 3887 1537 3948 quod
1552 3888 1631 3936 virum
1641 3901 1697 3937 cnm

100 3975 204 4036 generati
215 3974 310 4024 nomine
322 3989 371 4024 non
382 3974 495 4024 distincta
506 3974 608 4024 disserit.
641 3975 760 4024 Preietos
767 3974 834 4023 locus
847 3973 877 4022 de
920 3976 1018 4025 muliere
1034 3988 1186 4036 congressum
1198 3973 1337 4036 perficiunt,
1349 3988 1398 4037 ηιιο
1410 3977 1501 4024 ratione
1510 3975 1642 4036 pronubam
1651 3977 1696 4024 iu·

101 4061 175 4110 rebus
193 4061 224 4110 ad
239 4061 360 4110 actionem
381 4061 525 4110 incientibus
543 4061 567 4109 in
587 4063 706 4124 praecepte
723 4059 838 4110 dividitur
853 4063 878 4109 et
919 4076 1006 4112 nonem
1017 4062 1162 4124 coniugalem
1175 4065 1200 4112 et
1211 4062 1340 4124 perfectam
1350 4063 1483 4126 appelleon
1495 4065 1558 4119 τελος
1573 4076 1643 4125 pomo
1655 4063 1696 4112 tii·

100 4149 309 4212 adbortatiouem;
329 4147 386 4210 quia
405 4148 514 4198 nonnulii
532 4149 597 4197 bunc
608 4148 680 4198 etiam
695 4150 742 4198 buc
760 4149 875 4198 aederunt.
919 4149 1001 4199 biiitm
1016 4152 1041 4198 et
1056 4148 1187 4212 cognitioni
1204 4151 1228 4198 et
1239 4149 1327 4197 actioni
1345 4151 1370 4198 et
1383 4150 1501 4212 poemaii;
1514 4148 1621 4212 designet
1634 4162 1695 4210 puc-

99 4241 167 4288 Aiter
181 4238 250 4286 Ιοοιιι
264 4237 296 4287 de
305 4237 376 4286 rebus
388 4237 419 4285 ab
429 4237 514 4286 iisdem
524 4235 607 4285 ottenis
620 4237 793 4286 consolatorius
803 4238 877 4297 atque
919 4241 982 4285 teres
993 4241 1119 4294 eventum.
1133 4238 1161 4286 ut
1174 4236 1236 4298 opud
1253 4236 1392 4299 Euripidem
1410 4249 1416 4279 =
1446 4227 1448 4230 ’

98 4339 113 4372 a
130 4325 278 4388 quibusdam
293 4325 427 4376 attectuum
451 4325 560 4374 tractatio
573 4328 672 4373 vocatur
690 4339 698 4373 :
719 4323 802 4374 tertius
819 4336 876 4372 aero
1103 4341 1269 4388 Epoempop,

98 4413 130 4461 de
143 4411 243 4475 speciali
254 4412 349 4461 actione
362 4413 399 4462 net
412 4412 442 4463 de
455 4411 540 4460 otticiis
556 4412 593 4460 vei
606 4411 637 4460 de
653 4413 718 4461 recto
736 4410 805 4460 tactis
818 4410 873 4470 ugit.
1103 4419 1126 4458 et
1140 4414 1222 4468 exlegis
1233 4414 1337 4457 amentio

98 4485 255 4556 Quam'vero
272 4498 349 4548 officia
364 4501 395 4553 et
405 4505 470 4549 recte
486 4498 549 4548 tacta
563 4499 649 4561 partim
668 4511 711 4560 per
722 4510 749 4548 se
764 4498 873 4559 valeant,
1104 4484 1154 4529 ⁶⁰⁵⁸
1166 4487 1200 4530 αθ
1213 4484 1372 4529 ίθίθθίθῃίῡῐῃ·

97 4588 186 4647 pamm
197 4587 227 4636 ad
239 4587 299 4636 aiios
308 4587 429 4649 juvandos
441 4587 587 4649 pertineant.
600 4599 633 4635 ex
649 4586 688 4634 bis
700 4583 875 4646 posterioribus
916 4590 977 4647 Τελη
988 4587 1060 4637 otiam
1073 4587 1185 4638 dicuntur
1202 4589 1355 4650 magistratus
1367 4587 1408 4649 qui
1422 4588 1479 4636 ειιιιί
1491 4586 1515 4635 in
1525 4586 1623 4648 singuiis
1632 4587 1693 4656 civi-v

95 4676 183 4735 gratiae
201 4687 249 4736 qua
263 4674 328 4737 apud
345 4674 404 4724 aiios
423 4675 536 4724 docemus
551 4674 620 4723 iocus
633 4673 748 4722 manavit.
781 4674 875 4721 Rursus
917 4674 1021 4735 tatibus,
1038 4675 1103 4724 vetut
1116 4674 1180 4737 apud
1191 4674 1396 4724 Lacedaemonios.
1428 4677 1491 4724 cum
1507 4675 1586 4723 autem
1606 4677 1694 4724 Home-

96 4760 213 4822 qnoniam
224 4761 302 4811 oitioia
317 4767 342 4812 et
354 4764 419 4812 recte
435 4762 497 4811 iacta
511 4762 598 4823 partim
610 4761 743 4822 composita
754 4759 873 4821 dicuntur,
918 4776 957 4811 rus
966 4761 1046 4812 iliadis
1059 4761 1153 4811 decimo
1166 4763 1223 4812 dicii
1239 4776 1245 4806 =
1260 4763 1324 4826 Αἷψιι
1337 4763 1358 4810 δ’
1367 4763 1405 4810 ini
1419 4764 1518 4826 θρηκῶν
1530 4763 1619 4825 ἀνδρῶν
1631 4763 1693 4818 naim
1717 4777 1720 4782 ·

95 4850 189 4909 partim
197 4850 413 4911 sinptieia,euper
424 4851 545 4912 prioribus
556 4849 624 4899 iocos
633 4851 672 4897 est
684 4848 709 4896 in
724 4860 773 4909 quo
783 4846 814 4897 de
825 4847 874 4896 nitu
915 4850 1195 4910 ῖξοιῑὸντες,οο1ιοιιειιι
1210 4849 1338 4899 militonem
1353 4849 1477 4898 intellexit.
1510 4848 1583 4898 stoici
1598 4850 1693 4910 insuper

94 4938 188 4998 agitur,
206 4936 276 4998 eujus
296 4951 352 4999 pars
372 4938 473 4987 babetur
488 4940 554 4987 iocus
570 4936 602 4986 de
621 4936 723 4999 nuptiis,
736 4934 779 4997 qui
795 4939 873 4985 tamen
916 4938 988 4985 tinem
1007 4937 1126 4986 definiunt
1145 4939 1261 4998 :propter
1281 4937 1347 4998 quod
1363 4937 1408 4985 rite
1430 4935 1491 4984 tiunt
1507 4936 1600 4995 omniu,
1616 4948 1692 5013 numu

95 5032 195 5090 propter
210 5029 371 5088 ςιιωοιίοουιιι
384 5027 563 5079 multitudinem
581 5027 710 5090 separatim
725 5025 872 5088 proponitur.
915 5026 994 5090 ipsum
1011 5026 1101 5077 nuiiius
1125 5039 1197 5076 cause
1212 5027 1261 5076 det.
1293 5029 1377 5076 Grates
1398 5025 1490 5087 :cnjus
1509 5039 1582 5074 ceum
1604 5025 1693 5087 retiquu

94 5116 157 5161 Sunt
170 5112 241 5173 igitur
260 5112 305 5162 ioci
318 5127 402 5163 omues
419 5113 530 5166 adiiium
545 5116 576 5164 de
590 5114 687 5165 actione
702 5113 782 5163 iocum
800 5115 873 5176 pecii-
916 5113 990 5175 suunt,
1004 5114 1083 5177 ipsum
1096 5115 1176 5163 euntem
1192 5113 1281 5162 uuiiinis
1295 5126 1374 5162 caiisa.
1409 5111 1692 5174 titulioiocozsdquud

95 5203 182 5249 nentes
198 5199 410 5264 (preceptione),
424 5201 596 5252 consolatorius
614 5201 666 5254 sive
693 5200 872 5264 penelopem,
917 5201 1067 5264 omniaque
1084 5201 1110 5251 iu
1125 5202 1174 5250 vita
1190 5199 1306 5251 nitebunt
1322 5201 1553 5262 reie1·uutur‚uuum
1570 5200 1647 5263 ipsum
1659 5199 1688 5248 ad
