3959 5925
501 394 674 470 EJUSQUE
693 396 908 461 nlsctrtttls
929 400 977 458 ET
999 398 1313 462 SUCCESSORIBUS.
1634 426 1712 473 xxxi

93 551 140 595 ter
166 533 268 594 omnia
284 530 385 607 habet,
408 529 459 588 sed
482 548 588 607 nempe
606 530 673 588 aliis
691 529 813 588 tradidit
830 531 883 589 lra-
932 545 1018 608 atque
1036 532 1094 590 alia
1114 532 1261 605 describi,
1285 547 1315 592 et
1333 535 1536 610 migrationem
1550 556 1712 617 essequam

91 624 205 683 benda.
217 620 264 681 Ad
278 620 377 697 ipsum
391 617 446 677 hic'
460 636 536 676 unus
553 638 623 677 usus
644 620 782 697 pertinet,
806 620 885 697 quod
931 618 1057 679 dicimus
1070 621 1211 677 mortem?
1229 619 1294 678 Non
1311 621 1407 682 credis
1430 624 1463 681 in
1489 624 1537 683 his
1551 627 1713 703 pecudibus

91 712 199 773 utendi
213 711 302 770 etiam
318 706 457 766 omuibus
482 726 568 765 causa
587 720 630 766 est
658 728 664 764 :
688 711 808 786 sapiens
826 722 885 766 tam
931 708 1038 766 ferisve
1056 720 1104 765 aut
1127 727 1203 785 aqua
1223 710 1327 767 mersis
1341 710 1426 768 illum
1446 713 1593 788 quondam
1618 715 1714 775 bomi-

92 822 185 880 aequo
200 800 300 858 animo
315 797 416 855 omnia
428 794 507 874 apud
527 795 600 853 alios
616 793 698 853 videt
713 798 885 856 contemnit·
931 795 979 853 nis
1004 796 1133 853 animum
1153 797 1285 854 morari?
1304 796 1370 855 Non
1395 798 1490 857 credis
1512 799 1588 861 nibil
1615 806 1714 882 perire

92 912 166 969 que,
180 907 268 967 quam
292 886 420 963 Jupiter.
449 884 485 942 Et
507 883 615 942 house
637 888 728 960 magis
752 885 885 963 suspicit,
930 883 962 941 in
980 883 1037 941 hoc
1052 882 1244 954 mundo,sed
1261 896 1374 943 mutare
1387 887 1558 961 regionem?
1575 910 1629 949 nec
1643 905 1712 950 tan-

94 978 181 1057 quod
196 977 312 1056 Jupiter
325 975 369 1032 uti
386 973 448 1031 illis
470 992 530 1030 nou
553 984 669 1050 potest,
690 972 807 1050 sapiens
825 993 885 1031 nou
930 980 991 1027 tum
1004 970 1196 1048 coelestiaper
1208 986 1303 1032 certos
1320 973 1461 1033 circuitus
1479 979 1572 1054 verti,
1584 981 1635 1038 sed
1650 984 1714 1041 ani-

94 1065 174 1123 vult
193 1063 352 1123 Credamus
375 1062 473 1137 itaque
489 1060 609 1129 Sextio,
625 1064 800 1120 monstranti
817 1063 884 1139 pul·
929 1059 1019 1117 utalia
1029 1079 1146 1136 quoque
1154 1061 1294 1137 pervices
1308 1062 1367 1137 ire,
1378 1075 1407 1120 et
1416 1064 1532 1124 animos
1545 1086 1599 1145 per
1609 1069 1710 1128 orbem

97 1153 279 1211 cherrimum
295 1150 353 1208 iter
363 1161 393 1206 et
402 1148 561 1207 clamantis
579 1148 639 1205 Hac
656 1149 716 1206 itur
729 1150 766 1207 ad
782 1163 881 1208 astra:
930 1147 998 1221 agi?
1020 1149 1118 1222 Magni
1134 1148 1190 1205 ista
1212 1148 1400 1208 crediderunt
1420 1152 1491 1213 riri.
1509 1152 1611 1231 ltaque
1632 1156 1713 1233 judi-

95 1240 154 1298 bac
167 1238 331 1299 secundum
346 1237 542 1311 frugalitatem
553 1258 561 1309 ;
572 1236 626 1294 bac
641 1237 801 1296 secundnm
817 1250 885 1297 tem·
930 1239 1008 1292 cium
1023 1236 1141 1312 quidem
1156 1248 1237 1294 tuum
1248 1238 1359 1295 sustine
1375 1253 1528 1299 :caeterum
1544 1245 1644 1302 omnia
1659 1245 1712 1305 tibi

94 1328 275 1407 perantiam;
284 1326 340 1383 bac
350 1323 730 1384 secuudumfortitudiuem.
743 1323 807 1384 Non
818 1339 885 1384 sunt
929 1329 1045 1401 integra
1055 1344 1151 1384 serra.
1166 1324 1196 1381 Si
1211 1344 1281 1383 vera
1292 1338 1361 1384 sunt
1374 1327 1444 1401 ista,
1458 1329 1635 1391 abstinuisse
1649 1337 1714 1393 ani·

96 1416 141 1474 dii
157 1414 315 1484 fastidiosi,
332 1433 392 1471 uon
413 1412 510 1470 invidi
532 1433 538 1469 :
559 1411 717 1470 admittunt
731 1427 760 1471 et
781 1434 883 1473 ascen·
929 1412 1058 1471 malibus
1069 1413 1237 1471 innocentia
1257 1426 1324 1471 est:
1343 1414 1369 1471 si
1390 1414 1473 1484 falsa,
1490 1417 1644 1494 frugalitas
1654 1436 1708 1481 est.

95 1504 236 1561 dentibus
257 1521 375 1559 manum
398 1502 566 1579 porrigunt.
592 1499 711 1559 llliraris
735 1502 883 1560 hominem
929 1500 1336 1571 Quodisticcrudclitatistuae
1345 1502 1482 1561 damnum
1493 1508 1715 1568 estidlimenta

97 1592 137 1650 ad
151 1591 223 1649 deos
246 1590 309 1647 irei
332 1588 471 1647 Deus'ad
495 1589 630 1646 homines
658 1590 748 1661 venit,
779 1592 882 1663 immo,
930 1590 986 1647 tibi
1006 1590 1123 1647 leonum
1144 1602 1173 1646 et
1189 1590 1341 1648 vulturum
1358 1591 1466 1668 eripio.
1488 1590 1541 1651 llis
1557 1594 1713 1655 instinctus

97 1678 182 1756 quod
200 1678 324 1756 propius
338 1690 392 1749 est,
409 1677 441 1735 in
460 1676 598 1735 homines
612 1677 704 1734 venit.
719 1677 806 1737 Nulla
820 1682 884 1738 sine
929 1677 1077 1736 abstinere
1091 1677 1268 1736 animalibus
1283 1678 1376 1755 coepi,
1394 1691 1422 1735 et
1434 1698 1511 1737 anno
1526 1696 1643 1758 peracto
1656 1705 1713 1742 non
1775 1678 1778 1695 '

46 1790 59 1812 ·
98 1768 165 1825 Deo
181 1785 262 1827 meus
281 1764 359 1823 bona
373 1778 426 1825 est.
447 1764 566 1823 Semina
578 1766 611 1823 in
631 1765 806 1843 corporibus
829 1768 884 1825 hu·
930 1781 1041 1826 tantum
1057 1767 1151 1824 facilis
1158 1779 1220 1823 erat
1229 1767 1301 1824 mibi
1314 1767 1508 1839 consuetudo,
1517 1769 1567 1827 sed
1582 1771 1686 1832 duleis.
1699 1801 1711 1824 ‚2

98 1854 312 1913 manisdivina
325 1853 457 1932 dispersa
471 1866 550 1913 sunt.
564 1854 635 1923 Quae
648 1854 778 1915 sibonus
789 1859 885 1916 cultor
929 1854 1011 1913 ldem
1032 1855 1068 1913 de
1086 1854 1135 1913 lra
1147 1855 1200 1913 lib.
1217 1854 1246 1911 ll
1269 1875 1333 1933 cap.
1358 1856 1395 1912 36
1414 1877 1420 1911 :
1440 1881 1453 1907 t
1470 1855 1663 1931 Quibusdam,
1683 1876 1715 1919 ut

99 1944 222 2021 excipit,
236 1943 346 2001 similia
362 1943 471 2018 origini
483 1942 640 2020 prodeunt,
650 1954 678 1999 et
690 1945 773 2021 paria
786 1944 833 2003 bis
848 1964 885 2003 ex
931 1946 972 2001 ait
983 1944 1115 2018 Sextius,
1134 1944 1219 2001 iratis
1244 1944 1357 2020 profuit
1375 1946 1525 2021 aspexisse
1548 1949 1711 2023 speculum.

99 2031 207 2109 quibus
223 2044 287 2088 orta
304 2044 373 2090 sunt
391 2046 514 2106 surgunt
534 2053 541 2088 ι
557 2032 582 2089 si
600 2031 704 2102 malus,
721 2052 780 2089 non
796 2034 884 2091 aliter
930 2031 1118 2090 Perturbavit
1130 2032 1199 2089 illos
1212 2044 1291 2089 tanta
1303 2032 1426 2089 mutatio
1437 2032 1481 2089 sui
1495 2054 1503 2089 t
1517 2033 1598 2091 velut
1609 2035 1641 2091 iu
1655 2055 1714 2094 rem

98 2140 186 2195 quam
196 2119 305 2178 humus
314 2119 423 2178 sterilis
433 2138 466 2178 ac
475 2120 620 2198 palustris,
628 2132 721 2189 necat,
733 2140 765 2177 ac
778 2120 885 2180 deiude
930 2132 1103 2197 praesentem
1121 2119 1238 2177 adducti
1253 2139 1312 2177 non
1326 2132 1508 2194 agnoverunt
1522 2138 1564 2179 se.
1582 2120 1618 2178 Et
1627 2142 1716 2199 quan·

99 2221 177 2266 creat
191 2220 385 2286 purgamenta
402 2228 457 2286 pro
473 2207 648 2284 frugibus.»
877 2210 880 2217 '
931 2208 1025 2265 tulum
1050 2226 1086 2265 ex
1105 2226 1176 2265 vera
1198 2207 1383 2265 deformitate
1405 2207 1502 2282 imago
1522 2208 1575 2265 illa
1596 2212 1715 2287 speculo

139 2296 231 2354 llulta
251 2316 268 2355 a
298 2297 489 2373 Pythagoreis
516 2309 665 2355 mutuatus
689 2310 733 2355 est
757 2297 884 2358 Sextius.
930 2312 1102 2371 repercussa
1118 2294 1286 2352 reddebat?
1302 2296 1417 2352 animus
1432 2295 1457 2352 si
1476 2295 1592 2353 ostendi
1606 2308 1636 2355 et
1647 2302 1671 2356 si
1685 2300 1716 2356 in

101 2382 231 2459 Namque
245 2402 347 2442 eorum
359 2403 441 2442 more
451 2384 532 2461 (215)
546 2384 602 2441 hoc
612 2384 750 2458 faciebat,
767 2399 800 2443 ut
813 2407 883 2445 con·
908 2417 910 2432 ι
931 2382 994 2439 ulla
1018 2382 1140 2440 materia
1163 2383 1314 2460 perlucere
1347 2395 1462 2459 posset,
1490 2384 1637 2443 intuentes
1663 2406 1716 2445 nos

99 2483 244 2529 summato
253 2472 303 2529 die
313 2492 403 2549 quum
415 2492 446 2530 se
460 2472 496 2529 ad
507 2485 678 2531 nocturnam
694 2474 820 2550 quietern
838 2496 885 2534 re.
930 2469 1129 2541 confunderet,
1143 2484 1204 2528 ater
1226 2470 1460 2548 maculosusque,
1475 2484 1599 2530 aestuans
1613 2486 1642 2531 et
1656 2474 1716 2533 dis·

99 2559 224 2636 cepisset
233 2560 427 2637 interrogaret
437 2561 668 2637 animum,quod
676 2562 763 2620 hodie
775 2564 884 2623 malum
930 2565 1024 2615 tortos
1038 2570 1066 2615 et
1084 2558 1222 2616 tumidus·
1242 2558 1325 2617 Nono
1343 2577 1461 2636 quoquo
1474 2570 1554 2616 tanta
1573 2559 1717 2619 deformi·

98 2648 320 2706 tuumsanasti?
332 2650 380 2706 cui
394 2648 469 2706 vitio
481 2648 642 2709 obstitisti?
654 2670 712 2727 qua
724 2664 808 2725 parte
827 2672 886 2711 me·
930 2645 1045 2722 tasejus
1054 2660 1097 2704 est
1107 2666 1159 2724 per
1171 2665 1238 2705 ossa
1247 2658 1441 2723 conesqueet
1451 2658 1494 2703 tot
1505 2647 1714 2723 impedimenta

99 2733 222 2793 liores?
238 2734 386 2795 Carnibus
400 2738 480 2795 vesci
492 2756 557 2795 cum
572 2738 636 2815 ipse
647 2738 740 2797 noluit
755 2740 884 2817 Sextius,
930 2733 1077 2791 effluentis
1093 2755 1100 2790 τ
1117 2734 1228 2809 quidsi
1243 2734 1339 2791 nudos
1353 2733 1578 2792 ostenderetur?
1596 2761 1608 2786 ι»

98 2832 161 2878 tum
174 2822 286 2881 sodales
294 2824 333 2881 iis
347 2823 494 2883 abstinere
505 2826 606 2902 jussit,
626 2825 707 2903 quod
717 2826 786 2883 vitae
802 2828 886 2887 insti·
970 2824 1066 2893 Quum
1083 2836 1177 2880 autem
1190 2824 1305 2881 Sextius
1322 2822 1440 2881 familiae
1451 2822 1590 2900 princeps
1610 2836 1639 2881 et
1650 2844 1716 2901 cog-

98 2922 162 2969 tum
170 2924 272 2988 postea
285 2924 313 2969 et
326 2911 442 2971 Sotioni
450 2914 572 2993 placuit.
588 2914 634 2974 De
648 2928 774 2992 utroque
784 2917 826 2975 sic
835 2916 885 2976 So·
929 2911 1057 2970 nominis
1078 2910 1248 2989 philosophi
1269 2922 1353 2989 pater
1377 2909 1472 2988 majus
1494 2927 1568 2988 opus
1598 2932 1717 2991 compo·

81 3024 86 3039 ι
103 3018 181 3056 neca
190 3001 279 3076 epist.
294 3003 360 3060 108.
373 3026 386 3053 ι
403 2999 549 3070 Quoniam
564 3003 642 3080 coepi
655 3001 708 3060 tibi
720 3022 883 3080 exponere,
931 3000 1027 3058 suisse
1051 2999 1196 3072 videatur,
1217 3019 1234 3057 e
1253 3020 1312 3076 quo
1338 3000 1440 3078 procul
1463 2998 1556 3056 dubio
1581 3015 1716 3080 sumpta

101 3099 245 3162 quantum
261 3087 365 3164 majori
377 3089 488 3165 impetu
503 3088 540 3147 ad
561 3090 781 3168 philosophiam
794 3091 881 3167 juve·
931 3099 1000 3146 sunt
1015 3108 1079 3163 quae
1096 3088 1174 3166 apud
1197 3091 1335 3146 Senecam
1362 3101 1476 3146 exstant
1499 3109 1622 3166 quaeque
1640 3090 1718 3148 Por-

102 3174 153 3232 nis
171 3179 350 3247 accesserim,
368 3196 453 3255 quam
466 3197 556 3237 senex
569 3198 701 3256 pergam,
718 3199 778 3237 uon
791 3181 886 3256 pude-
911 3239 912 3242 ,
929 3176 1056 3254 phyrius
1072 3176 1150 3255 (216)
1159 3177 1264 3246 Quaest.
1277 3177 1395 3236 Homer.
1411 3180 1449 3234 26
1464 3177 1569 3234 affert:
1589 3179 1718 3237 enchiri-

102 3261 149 3320 bit
162 3263 257 3336 fateri,
277 3284 364 3342 quem
378 3266 452 3324 mihi
467 3285 598 3324 amorem
617 3265 792 3344 Pythagora
813 3270 886 3346 inje·
921 3253 1003 3325 ¹tlion
1015 3268 1088 3326 illud
1104 3287 1200 3343 graeco
1222 3287 1357 3325 sermone
1380 3269 1543 3326 confectum
1560 3269 1639 3346 quod
1655 3269 1713 3328 llu-

99 3353 173 3410 cerit
199 3354 314 3416 Sotion.
344 3354 490 3424 Docebat,
516 3374 606 3431 quare
634 3354 686 3413 ille
709 3355 886 3416 animalibus
932 3353 1010 3413 finus
1020 3355 1110 3414 latine
1122 3357 1222 3427 vertit,
1236 3356 1337 3414 Sextio
1352 3357 1415 3415 filio
1430 3357 1597 3416 tribuerim.
1613 3357 1713 3434 Neque

100 3440 304 3518 abstinuisset,
329 3462 422 3520 quare
447 3457 547 3521 postea
568 3445 694 3502 Sextius.
719 3446 885 3504 Dissimilis
932 3456 977 3501 est
991 3464 1044 3501 cur
1059 3446 1096 3502 de
1114 3443 1184 3502 libri
1197 3446 1369 3503 auctoritate
1393 3442 1572 3503 dubitemus.
1585 3443 1716 3502 Primum

103 3532 222 3607 utrique
237 3551 324 3590 causa
341 3546 423 3605 erat,
439 3533 490 3590 sed
504 3533 625 3610 utrique
640 3535 805 3609 magnilica.
827 3536 882 3593 llic
933 3531 1011 3588 enim
1021 3532 1080 3590 loci
1091 3553 1192 3590 omnes
1200 3535 1236 3589 ab
1252 3531 1515 3607 Origene,loanne
1525 3532 1715 3603 Damasceno‚

101 3619 218 3676 homini
234 3623 303 3678 satis
322 3621 529 3679 alimentorum
546 3622 621 3680 citra
636 3624 808 3698 sanguinem
823 3643 885 3682 osso
932 3617 1062 3676 Antonio
1077 3632 1106 3676 et
1123 3619 1253 3675 Maximo
1268 3639 1284 3676 e
1303 3639 1398 3694 graeco
1419 3619 1553 3694 exemplo
1573 3618 1717 3694 depromti

105 3706 252 3779 credebat,
264 3721 292 3766 et
305 3708 483 3768 crudelitatis
492 3711 730 3769 consuetudinem
742 3712 818 3780 fieri,
832 3711 885 3770 ubi
931 3707 1056 3765 mirifice
1073 3709 1239 3782 congruont
1265 3727 1330 3764 cum
1356 3707 1455 3766 Rufini
1478 3707 1717 3785 interpretatione

101 3796 134 3853 in
150 3795 328 3873 voluptatem
339 3811 413 3856 esset
423 3799 546 3857 adducta
557 3799 707 3858 laceratio.
722 3798 887 3877 Adjiciebat
931 3793 1041 3870 letina,
1068 3794 1173 3852 deinde
1189 3795 1355 3852 multatum
1380 3795 1632 3876 Pythagoreorum
1656 3810 1724 3864 tunt.
1778 3803 1790 3816 '

101 3884 328 3944 contrahendam
344 3888 493 3946 materiam
504 3907 567 3946 esse
577 3888 713 3959 luxuriae,
730 3887 887 3964 colligebat
910 3928 911 3934 .
933 3883 1060 3960 oliorum
1071 3882 1314 3961 philosophorum
1327 3881 1417 3952 dicta,
1432 3901 1497 3959 quae
1508 3881 1604 3952 Plato,
1618 3883 1716 3941 Xeno-

101 3971 187 4029 bonae
206 3974 370 4032 valetudini
397 3975 543 4033 contraria
564 3993 627 4034 esse
641 3975 779 4033 alimenta
802 3978 886 4034 varia
932 3969 1024 4048 piton,
1042 3969 1187 4046 Diogenes
1196 3971 1341 4040 Laertius,
1353 3970 1564 4048 Demophilus,
1578 3972 1710 4030 Clemens

100 4071 131 4116 et
156 4062 263 4120 nostris
294 4062 390 4120 aliena
422 4062 607 4142 corporibus.
637 4063 676 4121 At
701 4061 886 4140 Pythagoras
909 4100 913 4150 Ι
934 4057 1160 4130 Alexandrinus,
1177 4059 1328 4117 Hierocles
1339 4058 1370 4115 in
1385 4059 1604 4117 Commentario
1616 4059 1653 4116 ad
1664 4079 1715 4117 au·

103 4147 234 4205 omnium
253 4149 330 4206 inter
344 4149 442 4207 omnia
456 4151 658 4226 cognationem
675 4170 737 4208 esse
753 4150 886 4222 dicebat,
910 4153 912 4239 l
932 4163 1015 4202 reum
1029 4165 1158 4221 carmen,
1171 4144 1354 4222 Porphyrius
1366 4147 1398 4202 in
1413 4146 1537 4222 epistola
1547 4145 1583 4202 ad
1594 4145 1716 4202 lllarcel-

102 4247 131 4292 et
147 4235 270 4293 aliorum
287 4239 538 4308 commerciorum
553 4241 625 4298 alias
637 4252 724 4316 arque
740 4239 813 4297 alias
827 4240 886 4298 for.
911 4254 912 4263 ¹
934 4233 991 4290 lam
1003 4254 1125 4292 uxorem
1138 4233 1247 4310 aliique
1265 4233 1425 4311 scriptores
1440 4233 1535 4291 Graeci
1547 4244 1720 4304 servarunt,

102 4341 165 4379 mas
179 4325 400 4384 transeuntium.
420 4325 554 4400 Nullu,si
575 4328 619 4385 illi
643 4327 761 4398 credas,
790 4330 887 4387 anima
933 4320 1036 4380 inboc
1058 4320 1158 4380 libello
1183 4323 1378 4400 reperiuntur.
1405 4321 1490 4391 Quod
1516 4342 1575 4398 quo
1602 4321 1715 4379 facilius

102 4410 219 4485 interit,
240 4423 293 4470 nec
308 4427 399 4471 cessat
411 4415 530 4492 quidem
542 4417 597 4473 nisi
613 4428 743 4493 tempore
759 4417 884 4491 exiguo,
910 4403 911 4416 ¹
934 4408 1153 4484 intelligeretur
1169 4409 1206 4466 ad
1220 4409 1337 4484 singula
1353 4409 1450 4478 effata,
1466 4411 1497 4466 5¹¹
1511 4408 1620 4482 quibus
1634 4420 1713 4465 rete·

103 4499 173 4556 dum
188 4500 220 4558 iu
240 4501 320 4559 aliud
343 4523 448 4582 corpus
472 4504 698 4563 transfunditur,
716 4503 888 4564 Videbimus
933 4497 976 4555 ris
996 4499 1144 4574 sapientiae
1162 4497 1287 4572 vestigia
1302 4496 1578 4575 apparent,breves
1593 4508 1714 4553 annota-

103 4606 158 4663 per
173 4607 246 4664 qous
264 4603 427 4668 temporum
450 4593 530 4651 vices
545 4607 573 4650 et
586 4592 705 4671 quando
725 4595 888 4669 ¹pererratis
935 4589 1028 4644 tiones
1053 4587 1188 4664 apposui.
1221 4585 1265 4642 lta
1296 4585 1506 4656 demonstrata,
1534 4584 1630 4660 quoad
1651 4583 1717 4660 ejus

103 4675 239 4754 pluribus
248 4678 408 4738 domiciliis
422 4681 453 4738 in
463 4681 889 4739 hominemrevertatur:inte-
936 4675 1000 4731 fieri
1026 4689 1139 4753 potest,
1168 4673 1262 4733 libelli
1289 4675 1478 4750 antiqnitates
1505 4685 1584 4751 Patet
1612 4692 1715 4731 eorum

103 4765 160 4821 rim
173 4766 293 4825 sceleris
303 4768 515 4827 hominibusac
524 4769 678 4848 parricidii
691 4783 797 4827 metum
808 4769 887 4842 fecit,
936 4764 1145 4842 explodendam
1159 4785 1222 4822 esse
1232 4766 1400 4821 sententiam
1414 4763 1465 4838 qui
1475 4762 1531 4819 tale
1543 4763 1714 4839 opusculum

104 4870 194 4926 quum
210 4856 324 4930 possint
342 4857 374 4914 in
388 4859 518 4934 parentis
531 4859 656 4916 animam
676 4859 762 4916 inscii
784 4859 890 4916 incur·
938 4852 974 4908 ab
988 4852 1109 4911 bomine
1125 4853 1289 4910 christiano
1311 4851 1474 4926 eodemque
1487 4851 1626 4928 episcopo
1642 4870 1675 4908 ac
1691 4852 1715 4907 si

103 4957 187 5011 rere,
204 4955 232 4999 er
251 4944 329 5002 ferr-0
349 4964 487 5004 morsuve
502 4946 613 5004 violare
634 4968 641 5004 :
665 4947 696 5004 in
711 4967 770 5024 quo
785 4967 889 5022 cogar.
935 4939 993 4996 diis
1016 4941 1110 5016 placet
1132 4952 1258 5015 martyre
1280 4940 1480 5016 conscriptum
1503 4958 1566 4997 esse
1585 4938 1717 4997 arbitrati

104 5039 151 5086 tus
163 5030 271 5106 aliquis
287 5035 409 5110 spiritus
428 5033 634 5112 hospitaretur.
649 5035 716 5092 Haec
730 5055 819 5111 quum
833 5055 890 5092 ett-

103 5120 249 5192 posuisset
264 5120 366 5180 Sotion
385 5136 413 5182 et
437 5123 585 5199 implesset
608 5125 786 5196 argumentis
801 5124 862 5180 suis
879 5146 885 5180 :
966 5157 1031 5218 (215)
1043 5136 1134 5208 sebee,
1145 5157 1175 5207 de
1189 5161 1228 5207 lm
1238 5158 1278 5206 m,
1290 5160 1328 5207 ΠΙ
1340 5171 1393 5220 ΜΡ,
1407 5163 1446 5219 36,
1464 5165 1488 5208 2,

103 5201 169 5263 Non
202 5207 313 5281 credis,
339 5211 452 5287 inquit,
483 5211 594 5268 animas
617 5210 648 5268 in
672 5211 729 5269 alia
761 5231 885 5289 corpora
966 5229 1369 5307 (numantinos.magn.
1385 5230 1521 5293 tollpag.
1538 5235 1591 5280 522.
