3959 5925
325 418 382 468 sm
870 409 1103 471 crnrconulr
1124 389 1373 474 rescissum.
1425 390 1429 400 '

322 544 445 602 lectione
456 542 563 628 γράφειν
577 543 613 608 εἰς
627 541 667 599 σέ.
679 541 722 600 ci.
734 541 849 616 litingi.
862 541 958 600 scbed.
969 563 1011 602 cr.
1022 563 1050 618 p,
1063 545 1100 600 28
1146 544 1222 617 ἡδύν,
1233 547 1363 626 ύποδοχάς
1379 545 1425 614 τάς
1445 547 1638 617 έπιύοιλλούσας
1656 553 1742 614 πάντα
1758 565 1890 628 πολυτελεῖς·

321 645 350 688 et
370 631 471 690 Cobet.
492 650 554 718 var:
574 631 639 689 lect.
658 652 687 708 p.
701 632 769 689 205.
784 630 835 688 Est
846 643 940 688 autem
956 631 1100 690 Philiscus
1146 632 1288 712 ἐλευθέριος
1302 633 1352 713 γάρ
1365 637 1427 714 παρ’
1438 639 1525 702 αὐτοῖς
1539 643 1555 708 ἡ
1570 638 1677 712 τοιαύτη
1690 643 1827 723 ἀναστροφθΙ
1838 650 1892 706 ἐχεί-

322 721 376 778 hoc
395 721 458 777 loco
473 721 579 778 sutoris
593 723 721 796 nomen.)
748 753 753 760 ·
1145 742 1214 778 νετο·
1233 721 1295 799 πρὸς
1317 722 1444 799 Κράτητα
1459 723 1486 780 δὲ
1503 725 1648 800 μετοιύάντι
1671 728 1744 787 οὐδὲν
1766 723 1794 803 ἦν
1813 687 1891 794 τούτῶ·

359 826 396 865 se.
419 807 467 865 Διὸ
480 807 525 864 καί
538 810 552 863 θ
566 806 673 884 Κράτης
683 806 747 884 πρθς
757 805 802 863 τὸν
817 809 1004 878 ἐπιζητοῦντα,
1018 808 1044 865 τί
1056 800 1100 866 οὖν
1145 811 1204 866 ἀλλ’
1218 809 1387 890 ἀφελέστερος
1399 817 1437 892 τῷ
1452 817 1540 894 τρόπῳ
1555 816 1691 893 γενόμενος
1702 821 1803 898 ἠρκεῖτο
1812 824 1890 900 epilam

320 917 365 970 μοι
377 893 450 952 ἔσται
458 893 678 972 φιλοσοφήσαντι;
689 893 804 970 Δυνήση,
817 893 893 973 φησί,
905 893 935 951 τὸ
949 895 1098 974 φασκιύλιον
1144 897 1189 956 καὶ
1204 897 1274 978 μάζῃ
1293 899 1337 957 καί
1351 901 1498 979 λαχανίοις,
1520 905 1567 961 ούκ
1587 905 1717 964 ἐπιποθῶν
1733 908 1779 978 τὴν
1793 915 1890 990 προτέρω
1945 927 1946 938 ²

289 981 415 1068 Ιῥαδίως
432 983 526 1052 λῦσαι,
540 980 585 1038 καί
605 985 638 1058 τῇ
659 982 728 1059 χειρὶ
748 979 840 1048 ἐξελὼν
862 981 973 1047 εὐλύτως
996 983 1098 1055 δοῦναι,
1144 983 1247 1043 δίαιταν
1271 987 1329 1045 οὐδὲ
1348 993 1380 1066 τῇ
1397 989 1515 1068 παρούσῃ
1538 992 1726 1070 δυσχεραίνων.
1770 998 1831 1074 Πρὸς
1844 1003 1890 1077 ρῑγοξ

318 1068 364 1126 καὶ
378 1069 437 1147 οὐχὶ
452 1068 541 1145 ὥσπερ
552 1073 598 1125 νῦν
609 1069 726 1148 στρέφων
739 1067 783 1126 καὶ
796 1069 898 1144 μέλλων
917 1069 962 1126 καὶ
981 1069 1096 1147 τρέμων,
1144 1075 1220 1147 ἡμεῖς
1231 1071 1279 1149 μέν
1294 1077 1420 1150 ζητοῦμεν
1434 1076 1582 1156 παχύτερον
1596 1080 1709 1156 ἱμάτιον·
1725 1084 1814 1148 ἐκεῖνος
1831 1086 1851 1141 δὲ
1863 1087 1891 1141 ει.

318 1155 409 1234 ὥσπερ
423 1158 448 1214 θί
459 1157 668 1233 παραδῑλυμὲνοῑ
682 1156 727 1221 τὰς
742 1163 846 1236 χεῖρας·
860 1156 928 1214 ἀλλά
942 1157 987 1214 καὶ
1000 1160 1098 1236 πλῆρες
1144 1159 1250 1226 πλώσας
1265 1160 1308 1218 τὸν
1328 1161 1443 1241 τρίύωνα
1459 1165 1560 1244 περιψει
1581 1167 1675 1245 τρόπον
1695 1169 1754 1232 τινὰ
1773 1171 1812 1230 δύο
1824 1173 1890 1229 luders

318 1242 347 1302 δν
361 1244 424 1302 αὐτὸ
438 1243 519 1309 οὕτως
530 1242 599 1324 δψει,
619 1245 664 1302 καὶ
678 1246 831 1320 κενούμενον
847 1243 907 1301 ἰδὼν
917 1245 964 1302 οὐκ
973 1246 1097 1323 ἀδυνήοη,
1143 1241 1222 1325 έχωνζ
1266 1251 1299 1308 Er
1314 1249 1471 1329 ἀλείψασθαι
1483 1253 1574 1332 χρείαν
1587 1255 1657 1332 lyon,
1667 1256 1787 1318 εἰσελθὼν
1800 1231 1891 1324 ἀνιείςτί
1945 1249 1946 1254 ’

317 1331 362 1389 καί
377 1336 490 1412 χρῆσθα*
507 1330 681 1411 προελόμενοί
696 1333 789 1412 §ablue
804 1330 912 1410 8”lilffib
921 1332 966 1388 καί
978 1331 1016 1406 μθ
1029 1332 1097 1412 ἔχων
1145 1338 1279 1414 βαλανεῖον
1295 1340 1333 1418 τῷ
1347 1341 1426 1416 γλοιῷ
1438 1339 1580 1418 ἠλείψατο·
1590 1319 1635 1400 arbi
1649 1343 1756 1410 θαδίσας
1769 1345 1838 1406 ἐνίοτε
1847 1347 1890 1422 τρίς

316 1423 364 1478 ούκ
375 1420 554 1492 ἐπιποθήσεις,
565 1419 633 1477 ἀλλά
646 1418 731 1498 βιώσῃ
742 1418 899 1497 ἀρκούμενος
911 1420 964 1486 τοῖς
975 1425 1096 1499 παροῦσι,
1142 1423 1189 1492 τὴν
1201 1425 1310 1502 κάμινον
1323 1417 1353 1482 οδ
1367 1425 1400 1485 τά
1418 1431 1545 1504 γαλκεῖα,
1557 1433 1609 1488 τῶν
1625 1401 1757 1506 μίιινάδων
1772 1435 1890 1511 ἀποτυρίδι

211 1530 215 1540 ·
316 1512 367 1566 τῶν
383 1508 500 1567 ἀπόντων
510 1510 554 1566 οὐκ
567 1509 707 1582 ἐπιθυμῶν,
715 1515 769 1574 τοῖς
783 1505 976 1578 συμύεύηκόσιν
993 1509 1020 1566 ού
1036 1509 1096 1566 δυσ·
1142 1509 1268 1583 ποιήσας,
1281 1510 1404 1590 περιχέας
1419 1495 1450 1569 ἀν
1467 1514 1578 1586 έλάδιον,
1590 1516 1698 1582 καθίσας
1716 1519 1890 1596 desisteretis:

317 1601 445 1678 αρεστῶν.
1142 1597 1264 1662 ἀκᾶθουδε
1282 1599 1312 1656 τδ
1327 1597 1374 1675 μέν
1390 1599 1462 1678 θέρος
1476 1604 1502 1660 ἐν
1521 1610 1574 1668 τοῖς
1586 1605 1681 1681 ἱεροῖς,
1693 1605 1736 1661 τὸν
1754 1603 1779 1663 δέ
1798 1608 1890 1683 γειρῶνι

356 1686 501 1764 (Stobaeus
528 1683 626 1741 floril-
656 1682 776 1758 liciti,
801 1683 835 1739 31
860 1686 889 1741 έκ
909 1686 962 1742 τῶν
980 1684 1096 1755 Τέλητος
1141 1686 1168 1741 έν
1184 1685 1458 1762 τοῖς,βαλανείοις,οιἰ
1474 1689 1615 1760 σπανίζων,
1627 1690 1717 1771 ὥσπερ
1729 1693 1777 1771 πρὸ
1788 1669 1891 1762 τάῢ,οὐδὲ

317 1773 453 1852 &limbi-l
1142 1770 1228 1840 ένδῑῆς
1251 1769 1298 1844 ὧν,
1313 1771 1371 1830 ἀλλ’
1385 1772 1544 1850 ἀρκούμενος
1565 1776 1618 1842 τοῖς
1644 1783 1771 1856 παροῦσι,
1787 1777 1892 1840 διακόνους

355 1880 393 1920 se.
416 1861 463 1920 Διὸ
476 1860 521 1918 καλ
536 1861 559 1917 εί
585 1857 671 1936 βούλει
684 1857 728 1915 τὸν
743 1857 796 1915 υίάν
812 1879 858 1916 σου
871 1861 918 1928 τῆς
933 1858 1030 1924 ένδείας
1049 1859 1094 1918 καὶ
1141 1859 1187 1915 οθκ
1204 1858 1337 1934 ἐπιθυμῶν
1357 1858 1438 1938 ἔχειν.
1462 1862 1625 1938 Θαυμαστὸν
1647 1863 1695 1939 μέν
1715 1865 1776 1944 γάρ,
1791 1863 1865 1945 φησίν,
1877 1865 1893 1918 εί
1945 1895 1946 1902 ι

309 1949 436 2031 ,σπάνεως
452 1953 571 2022 παῦσαι,
585 1946 622 2022 μὴ
637 1945 700 2025 πρὸς
720 1947 885 2022 Πτολεμαῖον
907 1944 1013 2022 πέμπε,
1025 1943 1094 2012 δπως
1140 1945 1235 2016 Μάνης
1250 1945 1297 2020 μέν
1310 1947 1445 2024 Διογένους
1459 1948 1520 2006 ἀνευ
1534 1949 1674 2019 δυνήσεται
1689 1955 1743 2024 ζῆν,
1755 1951 1864 2028 Διογένης
1874 1950 1892 2006 δὲ

315 2037 442 2118 χρήματα
457 2039 597 2108 κτήσεται·
613 2038 636 2092 εἰ
651 2033 679 2093 δέ
693 2033 748 2109 μή,
762 2031 914 2101 ἀλαζονείαν
934 2032 1093 2111 προσλαύὼν
1140 2031 1201 2090 ἀνευ
1213 2033 1320 2099 Μάνους
1333 2035 1362 2092 οὔ
1375 2033 1513 2104 δυνήσεται
1527 2037 1643 2116 θαρρεῖν.

316 2123 504 2198 ἀπελεύσεται,
520 2130 626 2200 περανεῖ
647 2121 673 2179 δέ
694 2121 776 2208 οὐδέν·
789 2119 847 2179 ἀλλ’
859 2125 897 2184 εἰς
917 2119 1093 2194 Ἀκαδήμειαν
1181 2121 1321 2200 (Stobaeus
1347 2121 1449 2182 itorii.
1476 2123 1596 2201 licvit,
1618 2126 1664 2183 31.
1681 2125 1801 2202 Reposui
1825 2123 1894 2182 οἰκίον

315 2210 535 2292 πρδεΚράτητα·
546 2213 641 2275 ἀκτῖνος
654 2209 766 2280 ἠδύνατο
780 2207 806 2275 ἐξ
822 2206 963 2277 ἀπλήστων
981 2208 1028 2266 καί
1045 2230 1093 2266 πο-
1139 2207 1256 2282 μεγάλην
1275 2209 1310 2274 είς
1323 2205 1351 2266 τὸ
1367 2209 1528 2286 σύνδειπνον,
1539 2209 1616 2290 ἀρτον
1629 2211 1746 2289 καθαράν,
1757 2210 1815 2290 ὄψον
1826 2210 1860 2286 μή
1873 2211 1896 2266 τὸ

314 2301 428 2360 λυτελῶν
443 2298 600 2379 ἐλευθερίους
610 2298 656 2356 καί
668 2299 771 2376 ἀφελεῖς
783 2295 996 2363 κατασκευάζειν.
1039 2294 1092 2353 Καὶ
1138 2295 1229 2373 τυχόν,
1243 2285 1311 2354 οἶνον
1323 2295 1397 2368 ἡδύν,
1412 2298 1542 2376 ὑποδοχὰς
1556 2297 1602 2364 τὰς
1623 2297 1804 2362 ἐπιύαλλούσας
1819 2297 1895 2354 πάντα

315 2390 473 2467 Μητροκλῆς
487 2389 515 2446 δὲ
538 2388 633 2452 ἐκεῖνος
647 2384 714 2466 ἔφη,
730 2387 764 2450 ὡς
784 2384 874 2453 ἔοικεν,
886 2381 930 2442 ὅτε
950 2381 998 2458 μέν
1020 2381 1092 2462 παρὰ
1137 2384 1302 2454 πολυτελεῖς,
1314 2403 1402 2460 quum
1417 2385 1506 2459 vulgo
1520 2386 1686 2461 legeretur:
1702 2385 1779 2444 alarias
1794 2384 1895 2461 μεγάλην

314 2475 478 2554 Θεοφράστῳ
498 2475 543 2533 καὶ
567 2474 726 2551 Ξενοκράτει
747 2470 882 2549 σχολάζοι,
896 2472 1001 2541 πολλῶν
1022 2473 1092 2548 αὐτῷ
1138 2471 1175 2535 είς
1197 2469 1228 2528 τὸ
1248 2470 1409 2542 σύνδειπνον,
1428 2468 1497 2536 ὅπως
1522 2472 1595 2550 ἀρτοι
1613 2473 1739 2552 καθαροί,
1757 2472 1815 2551 ύψον
1830 2471 1895 2547 μὴτὸ

314 2561 341 2630 ἐξ
366 2564 438 2622 οἴκου
464 2561 707 2636 ἀποστελλομένων,
730 2559 880 2640 φοθεῖσθοιι,
905 2556 942 2632 μὴ
963 2559 1002 2637 τῷ
1022 2559 1092 2634 λιμῷ
1137 2556 1226 2635 τυχόν,
1252 2549 1317 2623 οἶνος
1342 2557 1421 2629 ἡδύς,
1440 2557 1568 2636 ύποδοχάς
1590 2558 1637 2625 τδις
1660 2559 1843 2623 έπιύαλλούοας
1862 2557 1894 2612 lm

314 2649 457 2722 ἀποθάνοι,
472 2650 518 2708 καί
531 2649 572 2707 ἀεὶ
584 2647 716 2716 σπανίζειν
728 2647 773 2706 καί
787 2645 874 2717 ἐνδεὴς
885 2636 963 2704 εἶναι·
975 2645 1092 2720 μεταδάς
1137 2647 1304 2720 πολυτελῶς.)

313 2738 339 2796 δέ
354 2737 460 2816 θστερον
481 2737 545 2817 πρὸς
559 2737 696 2816 Κράτητα,
713 2735 761 2794 κδιν
785 2733 865 2792 ἀλλον
889 2731 953 2811 πρὸς
974 2731 1090 2811 τρέφειν,
1177 2745 1213 2788 to.
1237 2734 1271 2792 Ei
1291 2732 1318 2791 δέ
1337 2734 1375 2790 δεῖ
1397 2733 1440 2791 τὸν
1458 2733 1599 2808 εὐδαίμονα
1624 2735 1678 2814 βίον
1696 2739 1728 2794 ἐκ
1742 2737 1893 2794 τῶνπλεονο.

312 2815 413 2891 οὖδενύς
434 2824 614 2901 πεμπομένου.
631 2823 697 2881 Τότε
718 2821 764 2898 μὲν
783 2821 834 2900 γάρ
858 2819 885 2888 ἐξ
900 2820 1014 2898 ἀνάγκης
1039 2819 1091 2877 ἔδει
1136 2821 1232 2886 ζουσῶν
1248 2819 1346 2890 ἡδονῶν
1362 2822 1493 2899 ἐγκρίνει,
1505 2821 1604 2892 οὐδείς,
1616 2823 1694 2902 φησὶν
1707 2827 1722 2881 δ
1735 2824 1845 2903 Κράτης,
1860 2824 1891 2878 εθ-

314 2915 436 2987 ύπάδημοι
451 2911 530 2990 ἔχειν,
542 2910 587 2971 καί
601 2916 677 2971 τοῦτο
695 2910 850 2981 ἀκάττυτον,
864 2908 943 2981 ἥλους
955 2910 1003 2967 οὖκ
1019 2907 1090 2987 έγον,
1137 2906 1238 2982 δαίμων
1253 2905 1363 2985 γεγονὼς
1375 2905 1406 2967 ἀν
1422 2906 1481 2985 εἴη,
1494 2909 1553 2967 ἀλλ’
1563 2910 1586 2967 εί
1600 2913 1668 2970 θέλει
1680 2935 1718 2978 τις
1733 2911 1891 2989 ἐκλογίσασθαι
1945 2897 1946 2904 ¹

312 2992 368 3059 εἶτα
384 3000 511 3077 χλανίδα,
525 3000 627 3057 παίδων
643 2999 807 3071 ἀκολουθίαν,
821 2996 907 3056 οἰκίαν
919 2996 1036 3074 μεγάλην
1056 2998 1092 3061 εἷς
1138 2997 1165 3053 έν
1187 2994 1241 3075 ἀλιρ
1264 3000 1302 3075 τῷ
1325 2998 1373 3074 βίῳ
1394 2997 1481 3063 πάσας
1503 2996 1549 3063 τάς
1571 2998 1693 3071 ἡλικίας,
1708 2999 1811 3077 εὑρήσει
1823 2997 1891 3072 πολλῷ

311 3088 341 3146 τὸ
355 3088 513 3157 σύνδειπνον,
528 3085 605 3163 ἀρτθι
619 3084 741 3162 καθαράν,
753 3084 816 3163 ύψον
829 3084 866 3159 μὴ
879 3083 909 3142 τὸ
921 3082 1011 3162 τυχόν,
1023 3073 1090 3141 οἶνον
1138 3082 1241 3149 πλείους
1253 3083 1300 3149 τάς
1313 3083 1468 3161 ἀλγηδόνας.
1511 3087 1619 3163 Πρῶτον
1636 3086 1683 3162 μέν
1696 3087 1749 3166 γάρ
1761 3092 1804 3144 τοῦ
1817 3080 1890 3144 παντὸς

342 3278 379 3321 te.
397 3269 559 3329 Quamobrem
572 3270 644 3318 eliam
668 3272 752 3319 crates
766 3268 855 3317 bomini
875 3266 969 3315 cuidam
986 3266 1087 3315 interro-
1134 3278 1181 3315 non
1194 3271 1359 3326 mnsrrios,ae
1372 3268 1423 3316 sinc
1441 3268 1623 3327 aiaris‚deindc
1639 3268 1725 3318 laenam
1744 3268 1887 3320 tenuiorem&

311 3363 391 3425 genti,
404 3374 477 3425 quem
490 3362 594 3410 lensium
603 3373 618 3408 e
628 3360 751 3423 sapientiae
762 3358 841 3408 studio
853 3362 1087 3420 percepturusesset,
1135 3354 1282 3414 molliorem,
1295 3354 1438 3403 famulorum
1457 3355 1611 3415 semitarum,
1623 3355 1688 3405 aedes
1706 3358 1769 3406 satis
1782 3356 1860 3418 amplas
1868 3346 1888 3398 ού
1944 3338 1945 3345 ¹

311 3449 469 3513 rrarsupium,
480 3448 566 3509 inqrrir,
578 3447 645 3497 tacite
657 3447 748 3508 aperire
760 3445 861 3509 poteris,
873 3451 898 3494 et
909 3458 980 3493 manu
991 3447 1087 3495 exemia
1134 3442 1280 3501 convivium,
1291 3454 1364 3503 panes
1375 3440 1496 3501 candidos,
1510 3441 1636 3490 obsonium
1648 3454 1698 3491 nou
1709 3444 1819 3505 vulgare,
1830 3442 1888 3488 risun

310 3538 423 3601 expedita
437 3537 489 3585 aitis
502 3536 665 3596 donare,noa
684 3534 717 3583 ita
734 3537 762 3583 ut
781 3546 845 3583 nnus
858 3533 1043 3594 lacis‚rerssns
1064 3533 1089 3581 et
1135 3541 1221 3589 snare,
1234 3540 1314 3577 eoeaas
1327 3530 1410 3590 aptas,
1424 3528 1495 3577 idest
1509 3528 1662 3577 lautissimas.
1695 3530 1759 3578 llam
1776 3522 1887 3591 huiusmodi

311 3630 702 3687 cunctanslremensqrre‚eorum
716 3622 904 3683 instarquomm
917 3633 1003 3669 manns
1019 3618 1088 3669 debi-
1135 3617 1213 3666 rietus
1225 3616 1288 3679 apud
1306 3616 1366 3665 istus
1378 3615 1480 3665 liberatis
1492 3615 1683 3665 existimabatur.
1716 3619 1800 3674 Quum
1814 3606 1888 3664 serord
1944 3592 1945 3595 Ἴ

312 3713 386 3762 litalae
405 3716 470 3762 sunt.
503 3711 549 3763 sed
567 3712 587 3761 si
607 3710 702 3773 plenum
724 3710 810 3769 insul,
829 3710 914 3757 eodem
934 3706 1012 3758 modo,
1030 3705 1087 3754 iilud
1134 3702 1236 3751 Cratetis
1255 3703 1344 3750 sectam
1364 3700 1511 3760 transiisset,
1532 3700 1589 3749 nitril
1608 3700 1710 3750 istorum
1735 3702 1847 3761 babebat,
1861 3690 1889 3744 ul

310 3801 423 3861 aspicies;
436 3804 462 3850 et
474 3812 576 3849 vacuum
590 3800 709 3859 intuitus,
720 3812 768 3846 non
782 3796 882 3846 dolebis.
903 3798 977 3844 Porro
988 3795 1007 3843 si
1019 3806 1088 3843 num·
1134 3790 1233 3839 mutatis
1248 3789 1356 3839 moribus
1376 3790 1490 3850 frugalior
1511 3788 1599 3847 lacius,
1614 3789 1686 3851 pallio
1706 3788 1781 3851 trito,
1803 3799 1859 3837 mssa
1873 3786 1889 3828 rt

311 3890 358 3938 mis
373 3889 408 3937 uti
424 3888 552 3947 statueris,
568 3887 636 3936 iacile
650 3886 754 3949 poterim
767 3885 824 3935 etsi
847 3884 903 3933 nibil
919 3882 1021 3943 trabeas,
1040 3894 1088 3929 non
1133 3876 1248 3927 olusculis
1260 3878 1390 3927 contentus
1403 3880 1469 3937 erat,
1483 3876 1584 3937 priorem
1600 3876 1656 3923 vilse
1670 3875 1788 3925 rationem
1800 3886 1842 3923 nou
1852 3882 1889 3919 ani·

310 3975 717 4037 aliadesiderabis,sedcontentus
731 3974 799 4022 vises
815 3970 989 4035 praesentibus,
1004 3982 1088 4018 eorum
1134 3964 1197 4027 plius
1208 3964 1345 4014 desiderans
1357 3976 1436 4027 neque
1451 3966 1593 4026 presentem
1606 3962 1767 4023 egreierens.
1801 3966 1843 4011 llos
1851 3954 1889 4018 uri·

310 4078 366 4128 qum
389 4065 476 4115 οοαοοο
495 4077 543 4113 οοο
561 4060 701 4127 appeteris:
726 4061 829 4123 denique
849 4060 873 4108 in
896 4071 977 4108 rerum
999 4061 1087 4106 eventu
1133 4052 1188 4102 dem
1204 4052 1320 4102 adsersus
1339 4052 1413 4113 lrigus
1434 4051 1573 4099 crassiorem
1596 4052 1686 4099 vestem
1707 4050 1850 4111 quaerimus,
1863 4040 1889 4089 iis

309 4150 456 4217 acquiesces.
1135 4154 1191 4190 vero
1204 4140 1274 4202 pallio
1288 4138 1409 4202 duplicato
1421 4138 1575 4197 circumibat,
1585 4138 1617 4185 ita
1629 4136 1725 4185 uiduae
1736 4130 1890 4199 quodammodo

343 4246 382 4293 te.
401 4245 481 4299 Quare
492 4240 512 4289 si
527 4240 563 4288 nis
576 4238 651 4287 intirim
662 4233 1087 4298 tuumabegeslaieetinopiatulum
1128 4233 1210 4280 uestes
1227 4236 1327 4292 gereret.
1361 4228 1454 4287 Quodsi
1468 4229 1578 4277 unctione
1597 4226 1713 4287 indigeret
1724 4264 1732 4286 ,
1744 4226 1848 4276 balneum
1863 4219 1889 4265 in·

311 4332 438 4392 prestare,
454 4326 503 4376 uoti
516 4339 572 4375 eum
586 4324 616 4375 ad
630 4324 785 4374 Ptolemaeum
797 4322 905 4380 mittere,
920 4324 948 4369 ut
961 4318 1086 4381 pecuniam
1133 4330 1228 4379 gressus
1241 4316 1385 4378 strigmentis
1397 4315 1567 4376 inungebatur;
1584 4312 1739 4362 etinterdum
1749 4312 1781 4362 ad
1791 4308 1889 4361 caminum

310 4418 357 4468 sibi
377 4417 487 4479 aeqrrirat
507 4434 513 4463 τ
535 4413 640 4476 alioquin
657 4410 790 4473 arrogantia
811 4412 896 4458 auctus
917 4407 1007 4465 abibit,
1028 4404 1087 4454 nibil
1133 4402 1255 4451 labrorum
1270 4400 1405 4463 proiectus,
1417 4400 1535 4461 pisciculis
1553 4413 1567 4449 e
1587 4412 1721 4449 maenarum
1743 4402 1891 4463 generemur

310 4508 391 4554 autem
408 4501 530 4566 proiciet;
546 4513 631 4550 nerum
643 4500 667 4547 in
680 4497 832 4547 Academiam
845 4494 873 4543 ad
887 4496 1023 4555 Oratorem,
1045 4492 1086 4555 qui
1133 4490 1211 4550 ignem
1232 4487 1333 4547 assatis,
1354 4486 1571 4548 quumpaululum
1589 4486 1636 4535 olei
1651 4486 1791 4546 aiiudisset‚
1807 4479 1891 4532 assidens

310 4596 421 4646 nomines
434 4591 579 4643 insatiabiles
590 4604 618 4641 as
630 4594 768 4641 sumtuosos
780 4587 877 4637 reddere
887 4584 966 4649 potuit
979 4580 1088 4633 liberales
1134 4568 1273 4639 prandebat.
1306 4577 1380 4623 Porro
1402 4578 1486 4623 estate
1505 4574 1529 4622 in
1550 4573 1647 4635 templis
1667 4572 1817 4629 dormiebat,
1831 4566 1891 4615 liene

309 4683 335 4729 et
351 4678 420 4739 irugi.
445 4677 492 4726 Sed
506 4676 742 4737 Melroeieequoque
758 4671 811 4729 iile,
826 4682 901 4733 anrm
922 4667 1088 4729 Theophrasto
1133 4678 1191 4714 vero
1205 4664 1229 4712 in
1246 4663 1335 4712 balneis
1350 4681 1356 4712 ε
1373 4676 1419 4710 οοο
1435 4662 1559 4724 indigens,
1573 4666 1600 4710 ut
1616 4663 1695 4719 antea,
1710 4648 1889 4719 necinop‚srl

310 4772 335 4816 et
348 4766 476 4815 xenocrati
490 4776 585 4825 operam
597 4764 681 4821 daret,
695 4760 750 4809 ticet
767 4760 841 4808 muita
855 4758 899 4818 ipsi
913 4755 985 4805 domn
1005 4755 1087 4803 mitte·
1134 4754 1261 4801 contentus
1284 4749 1454 4813 praesentibus,
1469 4750 1557 4811 quippe
1579 4748 1619 4809 qui
1637 4747 1741 4797 tumulos
1762 4745 1842 4795 babere
1855 4748 1890 4785 mn

310 4856 403 4916 rentur,
413 4854 663 4911 metuisseseramen,
674 4851 700 4897 ut
709 4860 752 4911 par
761 4850 806 4907 est,
817 4845 945 4907 aiebat‚ne
955 4845 1018 4892 lame
1033 4856 1086 4905 per·
1133 4840 1309 4903 cuperetlt'am
1324 4832 1702 4896 mirandum,inquit,iueril,si
1718 4834 1801 4882 Manes
1812 4822 1890 4889 quiden
1942 4850 1944 4865 .

311 4939 356 4988 iret
368 4952 509 5001 semperque
520 4950 597 4987 rerum
608 4936 715 4985 omnium
724 4933 804 4995 inopia
817 4931 936 4981 laboraret
949 4933 974 4978 et
989 4929 1088 4991 penuria
1134 4926 1296 4986 sineDiogene
1308 4922 1695 4986 virerepbssit,l)iogenesautem
1707 4910 1890 4967 sinemurum
1943 4952 1944 4973 γ

311 5027 462 5088 latigaretur;
473 5028 628 5088 postearem,
636 5035 710 5086 quum
718 5022 743 5070 in
752 5020 853 5069 Cratetis
859 5017 1087 5077 casiralransiisset,
1133 5013 1213 5062 animo
1225 5024 1275 5062 esse
1287 5025 1334 5061 οοο
1349 5011 1432 5074 possit.
1943 4978 1944 5033 ί

312 5114 414 5163 aiterum
426 5115 509 5163 saltem
522 5114 618 5175 insuper
627 5108 850 5171 aluisse‚quamris
864 5107 920 5156 uilrii
932 5106 1034 5167 amplius
1044 5103 1088 5166 ipsi
1165 5106 1207 5165 [ιθ.Ι
1221 5100 1311 5158 Quodsi
1327 5098 1401 5149 uitam
1419 5098 1511 5148 bealam
1530 5094 1678 5159 voluptatum
1699 5089 1845 5143 multitudiue
1861 5094 1889 5129 rr·

312 5200 455 5250 mitteretur.
465 5203 534 5249 Tunc
544 5200 606 5249 enim
615 5181 676 5260 opus
686 5202 737 5245 erat
748 5196 836 5246 trabere
847 5195 948 5254 calceos,
957 5192 1086 5257 praesertim
1109 5235 1113 5245 ,
1136 5190 1283 5239 ‹tundautem
1299 5188 1373 5238 statui
1394 5188 1502 5249 oporiet,
1521 5196 1604 5245 nemo,
1616 5186 1643 5233 ut
1660 5182 1692 5233 ait
1708 5174 1891 5239 (iteramnensis
