3959 5925
46 3041 52 3056 ,
89 3009 97 3020 ·
140 2994 218 3048 ῑοτω,
230 2986 311 3037 felices
323 2986 392 3034 robis
406 2997 434 3034 ac
449 2983 525 3047 beati,

712 427 886 488 OENOMAI
905 426 1159 487 FRAGMENTA.

127 566 229 628 Θύουσι
240 565 297 644 ,γὰρ
317 566 345 623 αί
365 562 453 631 πόλεις
468 562 514 620 καί
532 561 640 627 τελετός
655 564 760 639 ἄγουσιν
783 564 813 620 ού
831 558 908 637 μόνον
956 562 1043 640 αύτῷ,
1058 561 1087 618 οὐ
1103 558 1236 633 διοπετίς,
1252 560 1321 617 ἀλλὰ
1334 559 1552 627 ποσειδωνοπετὲς
1567 561 1737 639 ἡγήσωνται,

127 658 267 737 φαλληνοῖς
290 651 426 713 Διονύσοιο
447 649 582 731 καρήνοις,
600 650 669 708 till
686 647 731 706 καὶ
746 647 851 715 λιθίνοις
864 645 910 704 καί
955 648 1070 708 κᾶπειτα
1095 651 1131 714 είς
1154 648 1220 705 ἄστυ
1245 647 1427 729 ἀπαγάγωσιν,
1450 647 1540 729 ὥσπερ
1558 650 1618 709 τινίι
1638 652 1738 727 ἀγαθήν

127 744 249 824 χαλκίοις
277 742 322 800 καί
345 739 477 821 χρυσίοις·
493 743 523 799 ού
550 737 628 815 μόνον
660 740 817 817 φαλληνιῐς,
842 734 910 793 ἀλλὰ
955 738 1049 817 τύχην,
1067 734 1151 806 κακήν
1165 726 1244 793 οὖσαν
1259 739 1293 801 ὡς
1309 738 1428 808 άληθῶς,
1445 738 1474 793 οὗ
1497 737 1588 816 τύχην,
1607 738 1675 798 ἀλλὰ
1692 764 1739 797 τυ-

128 834 174 891 καί
198 834 285 897 αὐτοῖς
307 838 360 896 τοῖς
382 829 516 897 Διονύσοις
529 832 552 903 ί,
569 828 615 886 καί
631 826 720 893 όλλοις
744 825 911 902 παμπόλλοις
957 825 1067 906 φεδόνας
1082 824 1120 883 Ἦ
1134 826 1182 883 οῦκ
1194 824 1268 904 ήρκει
1288 824 1339 903 άρα
1354 826 1440 890 αὐτοῖς
1457 822 1554 882 οἴκοθεν
1568 824 1736 900 όιολλύουσα,

127 919 286 985 Ἥσιοδείοις
301 926 378 985 θεοῖς.
421 918 486 996 Τρὶς
505 915 556 995 γόιρ
571 918 606 984 όις
621 918 724 987 ἀληθῶς
745 914 833 991 μύριοί
847 914 910 971 εἰσιν
957 916 1015 973 ἀλλ’
1029 912 1111 983 αὐτὴν
1124 912 1269 993 ἕπε’ῤῥωσίν
1283 912 1368 970 τεκαὶ
1380 910 1563 992 προσεπέτεινε
1573 913 1737 987 θεοπληξίας,

131 1009 174 1067 ἐπὶ
193 1007 267 1088 χθονί
294 1004 485 1087 πουλυόοτείρῃ
507 1006 555 1063 ούκ
577 1002 715 1075 ἀθάνατοι,
730 1002 799 1062 αἰλλόι
822 1002 912 1062 λίθινοι
957 1008 992 1069 ὡς
1016 1002 1047 1065 ἄν
1070 1026 1108 1067 τις
1134 1001 1218 1071 εἴποι,
1237 1002 1267 1059 ἐκ
1290 1002 1398 1081 Δελφῶν
1419 998 1591 1079 μετάπεμπος
1613 1002 1736 1077 ἐπιθήκη.

130 1096 176 1155 καί
195 1095 290 1165 ξύλινοι
303 1094 430 1153 δεσπόται
444 1091 596 1173 ἀνθρώπων·
607 1090 634 1153 ol
644 1094 668 1150 el
683 1090 825 1170 ἀνθρώπων
838 1089 912 1170 όύριν
957 1094 1084 1151 Τοσαῦτα
1097 1090 1142 1147 καὶ
1156 1088 1319 1165 θΟίνόμαος.

130 1210 159 1244 τε
174 1182 220 1242 καί
235 1181 357 1256 εὐνομίην
370 1180 500 1262 ἐφεώρων,
511 1180 559 1239 ούκ
570 1178 601 1237 ἂν
612 1184 732 1246 τοσοῦτος
743 1178 810 1259 ήρθη
822 1179 911 1259 λῆρος,
1001 1178 1152 1259 (Eusebius
1171 1178 1300 1255 Praepam
1312 1177 1423 1253 Evang.
1437 1178 1491 1239 lib.
1504 1176 1528 1236 V
1546 1198 1607 1257 cap.
1623 1180 1671 1248 34.
1688 1180 1736 1239 35.

132 1273 200 1332 ὥστε
214 1273 259 1331 καί
272 1271 324 1343 ήδη
339 1269 384 1329 καὶ
397 1272 489 1346 μέχρις
503 1272 576 1345 ὑμῶν
589 1268 770 1349 κεχωρηκέναι
782 1267 811 1326 τὸ
823 1268 913 1340 κακόν,
960 1269 1009 1340 36,
1032 1286 1100 1344 pag.
1114 1268 1171 1323 233
1193 1286 1276 1343 seqq.
1293 1267 1337 1325 ed.
1357 1267 1454 1342 VIger.
1472 1266 1543 1345 [vol.
1565 1266 1579 1325 I
1600 1287 1666 1345 pag.
1684 1270 1740 1345 493

131 1360 269 1421 ἐπιδιαόόιν
283 1357 330 1417 καί
344 1360 380 1426 είς
390 1355 595 1434 τθνὊλυμπον,
612 1355 744 1436 όθι,φαοί
753 1401 761 1429 ,
777 1359 842 1414 θεῶν
858 1354 913 1420 ἕδος
959 1372 1040 1431 seqq.
1062 1353 1291 1431 edtlaissordl
1317 1352 1450 1432 Scripsi:
1473 1359 1485 1387 ¹
1512 1352 1650 1434 Αἰακίδης]
1673 1377 1739 1414 cum

131 1448 246 1530 ἀσφαλὲς
260 1448 323 1506 αίεί.
368 1447 463 1507 Καίτοι
477 1431 501 1505 εί
514 1444 630 1527 ἀσφαλὲς
644 1436 688 1521 ἦν,
702 1446 749 1502 οὐκ
762 1443 794 1502 ἂν
811 1434 842 1515 ήν
856 1446 914 1502 ἐπι·
961 1455 1044 1520 parte
1068 1442 1302 1500 membranarum
1326 1456 1355 1499 et
1377 1443 1501 1517 VIger03
1518 1444 1570 1501 alii
1585 1443 1670 1502 codd.
1693 1444 1742 1503 ha-

51 1564 56 1573 ·
132 1536 211 1595 όατὸν
224 1538 314 1616 λήρῳ,
329 1537 382 1594 οὔδ’
397 1533 428 1592 ἂν
443 1525 480 1601 εἷς
494 1556 532 1599 τις
551 1537 603 1591 τῶν
617 1532 774 1607 Ὀλυμπίων
791 1536 825 1598 είς
838 1536 915 1589 τοῦτο
961 1529 1030 1588 bent
1042 1530 1172 1601 Ἠετίδης.
1190 1529 1234 1590 Cf.
1250 1530 1387 1589 IIerodot.
1401 1529 1437 1602 V,
1452 1551 1499 1606 9²·
1512 1564 1551 1576 -
1561 1528 1573 1567 b
1584 1529 1741 1605 Διωνύσοιο,

134 1619 196 1697 ἦλθε
219 1623 378 1703 παρανοίας,
393 1624 461 1681 ὥστε
484 1624 585 1681 ἐλάϊνον
608 1619 704 1701 κορμὸν
725 1623 834 1678 θεῶσαι·
845 1617 874 1676 δν
890 1618 915 1675 ol
961 1618 1045 1677 codd.
1059 1618 1201 1677 Διονύσοιο.
1212 1653 1252 1664 -
1264 1625 1276 1653 ⁶
1287 1617 1420 1685 Διονύσοις
1437 1638 1474 1679 ex
1495 1621 1595 1679 codice
1614 1622 1739 1694 Venet03

1679 438 1735 489 θίθ

133 1717 303 1789 Μηθυμναῖοι
321 1711 437 1788 σαγήνης
456 1708 627 1787 ἐμπλακέντα
649 1716 702 1775 τοῖς
724 1707 804 1775 λίνοις
827 1706 914 1765 ἄνείλ-
960 1707 1082 1783 reliquae
1094 1706 1270 1764 membranae
1289 1705 1444 1772 Διονυσίοις.
1461 1708 1601 1767 Caeterum
1626 1711 1661 1769 de
1682 1710 1741 1767 bie-

133 1825 226 1877 κυσαν,
243 1800 288 1859 καί
303 1799 359 1876 δίς,
373 1802 396 1857 εί
415 1798 522 1877 βούλει,
543 1797 588 1856 καί
603 1796 657 1876 τρίς
670 1796 714 1855 καὶ
734 1795 872 1862 πλεονάκις
887 1798 913 1854 ἐν
961 1793 1083 1872 lanippo
1098 1795 1166 1852 vide
1180 1794 1351 1854 Athenaeum
1363 1793 1432 1855 XIII
1446 1817 1475 1872 p.
1488 1800 1546 1854 b'oa
1560 1811 1588 1855 et
1598 1798 1743 1856 AElianum

132 1892 171 1968 τῷ
190 1891 262 1968 αύτῷ
274 1887 460 1964 σαγηνεύοντες
472 1886 619 1965 ἅνθρωποι,
633 1882 678 1941 καὶ
689 1881 715 1950 ἐξ
728 1884 825 1942 ἐκείνου
840 1884 875 1951 εἰς
886 1882 915 1941 τό
961 1903 1024 1943 rar.
1044 1883 1116 1941 hist:
1132 1882 1184 1941 lib.
1208 1881 1235 1939 II
1258 1904 1320 1962 cap.
1340 1892 1369 1954 l,
1390 1904 1406 1942 e
1425 1904 1550 1961 quorum
1571 1886 1744 1947 testimoniis

134 1976 249 2037 Διόυκόν
264 1972 682 2050 ἐξοκείλαντες,οὗδέίςτλνγ’ήν
698 1970 914 2039 ίξωέκόαλύντες
962 1983 1083 2047 apparet
1111 1969 1245 2047 Pythiam
1278 1970 1314 2029 de
1344 1972 1503 2050 Melanippi
1526 1986 1555 2032 et
1578 1973 1744 2033 charitonis

134 2063 220 2121 αὐτόν·
235 2063 293 2121 ἐπεί
307 2063 355 2119 οὐκ
369 2060 410 2133 ἄν,
426 2058 464 2136 μίι
483 2062 525 2119 τὸν
543 2059 680 2131 Διόνυσον,
696 2057 735 2116 ἔτι
755 2060 843 2124 αὐτοῖς
860 2059 915 2117 tre·
962 2058 1093 2115 amicitia
1122 2057 1289 2133 hujusmodi
1317 2077 1420 2117 versus
1443 2060 1581 2119 fudisse:
1602 2061 1744 2136 Εὐδαίμων

134 2150 223 2221 πλάκη
236 2157 288 2216 τοῖς
297 2148 386 2215 λίνοις.
410 2147 516 2215 Ἀλλ’ἐξ
527 2144 786 2226 άκρουκεφαλοειδής
796 2148 810 2203 ό
820 2144 916 2223 κορμός
962 2144 1086 2226 Χαρίτων
1101 2146 1147 2203 καὶ
1167 2144 1338 2213 Μελάνιππος
1352 2146 1415 2226 ἔφυ,
1431 2146 1511 2215 Θείας
1533 2148 1661 2227 ἁγητῆρες
1678 2152 1744 2229 ἐφα-

137 2235 296 2318 (Ἄπολλον,
322 2235 394 2304 ξένου
418 2236 707 2311 κατασκευάσματος·)
736 2232 762 2292 τί
787 2238 846 2291 ποτ’
870 2225 915 2293 ούν
963 2232 1061 2311 μερίοις
1075 2231 1233 2311 φιλότητος.)

135 2324 260 2403 ἔτραπεν
276 2326 303 2382 ἐν
320 2326 358 2404 τῷ
373 2322 499 2401 πελάγει;
514 2320 648 2403 ἀπορήσαι
665 2320 696 2379 όν
713 2346 762 2387 τις.
805 2324 831 2381 'I
833 2321 842 2379 ί
865 2322 916 2401 γὰρ
1006 2340 1039 2381 ιι.
1063 2316 1156 2379 Ἄκουε
1171 2321 1194 2377 δ’
1208 2312 1251 2379 ούν
1265 2310 1336 2388 eills<
1349 2328 1394 2380 τοῦ
1406 2319 1453 2393 τήν
1465 2327 1517 2382 τῶν
1532 2325 1554 2383 Γ
1555 2322 1639 2395 οήτων
1656 2322 1745 2403 φώραν

135 2415 199 2473 ἄλλο
206 2412 252 2486 ,ἢ
278 2411 403 2485 ἐκάθητο,
426 2409 458 2483 νὴ
480 2410 544 2483 Δία,
564 2409 699 2484 ἀναμένων
721 2410 769 2477 ἕως
787 2410 917 2488 ἄνθρωποι
962 2407 993 2466 τό
1016 2410 1109 2467 οἰκεῖον
1135 2408 1347 2483 ἐπονομάσαντος
1369 2408 1548 2488 σύγγραμμα,
1562 2414 1597 2477 ὡς
1619 2402 1649 2468 el
1672 2412 1746 2488 μάλα

136 2500 304 2579 μαινόμενοι,
322 2503 351 2560 ού
366 2497 417 2581 γάρ
437 2500 513 2580 φήσω
527 2498 566 2557 ότι
581 2498 627 2559 καί
642 2499 711 2575 θεοί,
728 2497 918 2578 ἐγκυρήσαντες
964 2500 1076 2579 νεανικῷ
1093 2496 1240 2578 φρονήματι
1253 2498 1298 2555 τόν
1309 2496 1407 2556 πλάνον
1422 2500 1474 2555 τῶν
1489 2500 1593 2557 πολλῶν
1606 2497 1652 2556 καί
1667 2500 1746 2556 αὐτοῦ

168 2774 285 2835 Cypselus
297 2770 422 2833 AEacides,
433 2772 507 2819 darre
518 2784 561 2819 rex
576 2770 616 2819 iiie
630 2769 748 2819 corinthi.
964 2770 1005 2819 sed
1023 2768 1171 2831 lapideorum
1183 2770 1207 2818 et
1223 2768 1358 2830 ligneorum
1372 2769 1472 2818 humani
1485 2769 1576 2831 generis
1595 2769 1748 2820 dominorum

966 2858 1042 2907 millia
1059 2857 1217 2905 animantium
1237 2856 1305 2907 altrix
1321 2863 1382 2907 terra
1393 2858 1572 2921 complectitur3
1584 2859 1628 2922 qui
1641 2860 1748 2923 profecto

965 2946 986 2996 si
1000 2944 1164 3010 cognoscendo
1177 2946 1302 2995 frontinum
1318 2946 1399 2996 sceleri
1411 2946 1507 3009 jurique
1526 2952 1670 3011 praeessent,
1684 2963 1748 3000 nun·
1795 3015 1799 3026 γ

966 3048 1040 3096 quam
1056 3049 1085 3084 eo
1098 3047 1216 3096 nugarum
1233 3034 1325 3083 vanitas
1340 3033 1498 3103 excrevisset,
1511 3035 1539 3084 ut
1554 3033 1639 3084 advos
1655 3049 1750 3098 quoque

140 2903 202 2962 Ergo
214 2873 310 2962 tyranni
322 2910 420 2959 quoque
434 2896 496 2959 ipsi,
507 2910 555 2947 oon
567 2897 640 2946 modo
649 2900 805 2959 tyrannorum
821 2894 921 2944 iusidia-

170 3074 303 3138 cypseles,
317 3076 418 3124 exitium
431 3073 552 3138 quondam
568 3072 689 3136 pestisque
699 3072 823 3134 coriutlri,

141 3193 262 3255 simulque
272 3193 423 3258 Melanippus
436 3193 490 3256 itte,
502 3193 543 3256 qui
556 3191 694 3244 Gelensium
715 3193 800 3242 urbem
821 3191 922 3242 fortunis

143 3282 304 3345 locupletarit.
337 3282 429 3339 Quodsi
442 3281 559 3345 Cypselus
572 3281 629 3330 felix
640 3287 692 3344 est,
703 3282 805 3343 pessime
816 3279 921 3342 demon,

141 3383 221 3420 noune
232 3373 257 3420 et
269 3371 376 3421 Plrnlaris
388 3371 429 3434 qui
443 3383 522 3419 mores
533 3370 586 3431 ejus
597 3369 682 3431 refert,
692 3362 804 3419 felicitate
814 3369 922 3419 florebit?

142 3464 222 3518 Quare
237 3459 318 3508 verius
333 3459 417 3523 utique
430 3459 569 3509 cenetens:

205 3581 235 3626 Et
249 3578 356 3626 Phalauis
371 3578 441 3637 felix,
453 3581 479 3626 et
493 3577 645 3640 Melanippus
658 3581 738 3639 erant,

174 3679 237 3727 quos
249 3666 332 3713 dirim
341 3664 416 3714 duces
425 3665 484 3713 otim
495 3665 616 3713 discordia
629 3668 713 3715 sensit.

145 3784 232 3834 Audivi
247 3797 304 3831 sero
317 3796 348 3832 cx
362 3785 387 3833 te
400 3783 528 3845 aliquando
542 3784 615 3833 molle
630 3797 658 3832 ac
674 3784 781 3832 solutum
796 3783 825 3833 de
841 3784 926 3832 Phala-

146 3871 198 3921 ride
218 3883 373 3932 responsum,
386 3884 435 3932 quo
456 3871 580 3919 lrominern
600 3871 738 3932 celebrasti,
750 3872 815 3932 quod
830 3871 925 3921 insidia·

147 3964 211 4010 tores
229 3958 346 4021 quosdam
366 3971 437 4019 suos,
451 3958 494 4023 ubi
510 3957 658 4021 aliquamdiu
671 3959 731 4007 caedi
743 3959 867 4019 jussisset,
886 3973 928 4008 eos

147 4049 245 4097 tandem
261 4047 331 4096 talem
353 4046 443 4097 doloris
465 4046 616 4097 tolerantiam
637 4047 768 4096 admiratus
787 4048 926 4108 dimisisset.

148 4135 236 4184 Lusias
246 4135 390 4185 videlicetac
401 4137 495 4198 Jupiter
504 4138 572 4196 pater
580 4135 676 4184 diiierre
686 4134 817 4184 Phalaridis
825 4137 927 4184 mortem

149 4223 395 4283 decreveruntque
417 4223 533 4281 placidius
555 4223 708 4272 ctraritonem
725 4225 750 4273 et
767 4223 928 4286 Melanippum

149 4315 271 4362 rastasaet.
309 4314 343 4362 st
357 4316 383 4362 tu
396 4313 453 4362 ritae
465 4313 597 4375 mortisque
610 4312 726 4373 reliques,
735 4313 777 4361 rix
789 4313 857 4375 licet,
869 4327 929 4375 prae-

148 4401 212 4450 ctare
227 4404 307 4449 tamen
324 4401 483 4462 expressisti,
495 4399 555 4447 dum
572 4401 619 4449 hoc
637 4401 701 4449 iacto
719 4401 792 4450 vitam
812 4401 928 4452 eximium

149 4489 264 4551 quiddam
277 4500 331 4537 esse
347 4489 463 4551 probasti.
495 4489 588 4547 Quibus
598 4490 767 4540 omnibushoc
782 4495 928 4552 postremum

69 4622 73 4627 .
148 4577 343 4640 subjungamust

180 4701 229 4748 Res
240 4699 284 4747 tibi
297 4698 444 4760 Methymna
453 4697 546 4746 felleius
557 4698 635 4747 incola
649 4697 729 4759 cedet,

181 4787 201 4834 si
215 4786 302 4836 Bacclri
312 4788 385 4849 caput
396 4799 425 4835 es
440 4786 511 4836 tereti
525 4786 669 4836 venerabere
684 4786 756 4848 ligno.

970 3123 1062 3171 rnatum
1071 3123 1221 3184 perveniret,
1233 3123 1337 3184 Olympo
1347 3123 1475 3183 superato,
1486 3123 1527 3171 ubi
1539 3122 1654 3184 deorum,
1666 3124 1749 3186 ajunt,

967 3210 1041 3260 sedes
1052 3223 1145 3260 secura
1152 3223 1202 3272 per·
1214 3223 1306 3260 arrum.
1320 3213 1381 3267 Quae
1391 3208 1506 3260 securitas
1514 3211 1535 3259 si
1546 3223 1603 3262 vere
1610 3211 1749 3275 jactaretur,

967 3313 1043 3362 nugas
1065 3313 1150 3348 omnes
1170 3298 1320 3361 excluderet,
1342 3311 1422 3361 neque
1435 3297 1602 3362 Olympiorum
1622 3302 1750 3363 quisquam

967 3402 997 3436 eo
1012 3387 1129 3436 vecordiae
1146 3387 1313 3448 processimet,
1326 3387 1352 3434 ut
1366 3385 1474 3446 oleagino
1485 3385 1578 3436 cundici
1597 3385 1749 3436 diuinitatem

968 3475 1094 3524 tribueret.
1136 3474 1207 3522 litum
1231 3473 1343 3522 videlicet
1364 3471 1491 3521 everriculi
1513 3472 1615 3544 plagulis
1633 3473 1751 3522 irretitum

971 3561 1126 3625 Methymnaei
1136 3562 1301 3619 extraxerant,
1310 3560 1382 3623 idque
1391 3559 1465 3609 semel
1474 3560 1609 3622 iterumque
1617 3596 1625 3623 ,
1633 3561 1654 3608 si
1665 3561 1751 3622 piacet,

935 3715 941 3720 -
969 3653 1018 3700 imo
1038 3652 1111 3701 etiam
1131 3650 1203 3699 tertio
1227 3649 1264 3698 rel
1279 3649 1368 3710 saepius
1388 3646 1500 3697 demissis
1516 3647 1618 3696 eundern
1633 3647 1751 3697 inlocum

971 3740 1063 3789 retibus
1078 3739 1182 3787 fecerant
1194 3756 1200 3786 :
1211 3737 1267 3785 inde
1285 3739 1364 3784 antem
1378 3735 1494 3797 Libycum
1511 3735 1536 3784 ln
1548 3747 1615 3785 mare
1626 3737 1697 3785 delati
1709 3751 1752 3786 ne·

970 3839 1091 3889 quaquam
1105 3839 1161 3873 eum
1176 3825 1201 3872 in
1219 3829 1306 3872 terram
1324 3826 1486 3873 excusserant.
1519 3823 1550 3874 ld
1568 3825 1633 3873 enirn
1649 3825 1668 3874 si
1684 3825 1752 3876 lecis-

970 3916 1038 3972 sent,
1053 3927 1101 3962 non
1112 3912 1176 3974 jam,
1186 3925 1227 3978 per
1239 3911 1368 3972 Bacchum,
1381 3911 1412 3960 ad
1422 3912 1486 3974 ipsas
1495 3912 1549 3962 illas
1561 3912 1665 3975 plagulas
1675 3914 1753 3963 adhre·

971 4003 1051 4051 sisset.
1085 4004 1115 4050 st
1126 4002 1170 4050 iste
1183 3999 1275 4049 oaurles
1294 3999 1318 4048 in
1332 3999 1417 4062 capitis
1429 4001 1532 4062 speciem
1545 4014 1559 4049 a
1570 4015 1665 4050 summo
1674 4002 1754 4064 stipite

972 4089 1137 4138 conformatus
1150 4089 1314 4150 (inusitatum,
1325 4101 1340 4136 ο
1353 4087 1454 4149 Apollo,
1465 4087 1685 4137 machinamentum
1693 4089 1713 4152 t)
1723 4091 1754 4138 ad

972 4191 1047 4241 quam
1067 4177 1163 4226 tandem
1186 4190 1238 4225 rem
1257 4175 1280 4224 in
1300 4177 1360 4225 inari
1382 4175 1510 4226 tendebat?
1525 4176 1624 4225 forsitan
1635 4177 1754 4238 quispiam

972 4269 1073 4334 quaerat.
1106 4265 1142 4315 Ad
1158 4278 1232 4328 quam
1248 4264 1334 4326 aliam,
1346 4276 1389 4327 per
1405 4265 1508 4324 lovem,
1522 4264 1567 4313 nisi
1579 4266 1607 4313 ut
1620 4265 1707 4314 ibidem
1719 4266 1755 4327 ja-

973 4357 1055 4404 cerett
1067 4353 1144 4403 donec
1158 4351 1240 4402 furiosi
1256 4352 1366 4402 homines
1385 4351 1458 4414 (piget
1470 4351 1536 4401 enirn
1555 4351 1613 4402 deos
1630 4353 1720 4416 dicere)
1731 4353 1755 4402 in

973 4433 1755 4503 ipsumincidentesnondelorissededelapsum,sedadeptuno

974 4533 1089 4582 emissum
1113 4531 1240 4594 putarent,
1259 4542 1287 4578 ac
1308 4529 1464 4592 postmodum
1481 4531 1505 4580 in
1521 4531 1621 4594 urbem,
1641 4537 1756 4597 tanquam

974 4627 1097 4689 quoddam
1118 4615 1239 4688 prospe'rm
1260 4623 1362 4672 tertuum
1383 4635 1454 4673 omen
1474 4621 1627 4685 inveherent,
1639 4626 1756 4676 funestam

976 4732 1002 4768 re
1013 4719 1079 4781 ipsa,
1091 4733 1140 4768 uon
1150 4718 1285 4784 fortunam,
1295 4723 1337 4772 sed
1352 4723 1427 4772 lacem
1440 4721 1507 4773 urhis
1522 4724 1636 4774 futuram.
1653 4727 1757 4775 hutnon

976 4813 1034 4861 satis
1045 4813 1074 4860 ad
1096 4814 1197 4863 exitium
1213 4815 1244 4864 iis
1258 4819 1311 4865 erat
1327 4815 1441 4866 intestina
1457 4817 1543 4879 pestis,
1562 4818 1607 4866 nisi
1628 4831 1681 4868 eam
1699 4817 1757 4869 diras

151 4907 247 4969 Quippe
260 4908 349 4970 passim
362 4906 469 4956 civitates
481 4920 530 4956 non
542 4908 618 4970 {ignes
630 4907 714 4970 modo,
728 4908 770 4958 sed
785 4910 857 4958 ettam
871 4911 932 4974 τηρῇ.
976 4906 1113 4956 stoliditatis
1135 4909 1252 4958 divinitus
1273 4909 1389 4960 immIssae
1409 4911 1529 4974 secessio,
1548 4911 1663 4973 Delphis,
1684 4914 1711 4961 nt
1724 4913 1758 4962 ita

150 4995 211 5056 dea,
229 5008 311 5056 enea,
324 5009 398 5045 aurea
413 4995 500 5045 Bacchi
522 4997 601 5058 capita
619 4997 780 5046 sacrificiisac
793 5000 862 5048 statis
877 4999 933 5050 reli·
977 5000 1197 5060 dicam,arcessita
1213 5003 1449 5067 confirmaretatque
1462 5005 1603 5055 intenderet.
1636 5007 1758 5056 Hactenus

152 5083 261 5145 gionibus
274 5084 357 5133 colunt
369 5098 375 5133 ι
387 5085 435 5133 imo
445 5097 494 5134 nou
505 5085 592 5134 Bacchi
606 5085 773 5135 tantummodo
786 5087 878 5149 capita,
891 5088 932 5137 sed
977 5091 1122 5140 OEuomaes.

153 5171 218 5233 ipsos
229 5185 326 5235 quoque
337 5173 446 5223 Bacchus
459 5175 484 5223 et
494 5173 554 5223 alios
568 5174 700 5235 permultos
712 5175 770 5224 deos
784 5175 826 5237 qui
838 5177 932 5226 Hesiodi
1011 5180 1048 5226 14.
1065 5177 1127 5227 Audi
1148 5190 1218 5242 ergo,
1239 5178 1441 5240 quemadmodum
1467 5180 1621 5244 philosophus
1642 5180 1697 5241 ille,
1716 5181 1757 5244 qui

154 5254 242 5306 tabuiis
253 5257 411 5309 celebrantur.
422 5263 483 5310 tiam
495 5261 592 5324 trtgints
604 5262 674 5324 μίτοι
686 5276 734 5312 oon
747 5263 932 5326 immortalium,
978 5279 1050 5316 suum
1065 5266 1115 5328 ipse
1124 5278 1186 5329 opus
1195 5267 1398 5331 Prnetigiatomm
1410 5269 1617 5330 investigationem
1628 5269 1757 5332 inscripsit,
