3959 5925
299 364 305 374 ’
373 399 430 451 aaa
877 378 1188 441 ernauuconuu
1209 377 1459 441 anseranum.

373 519 525 588 assentior,
538 516 593 573 etsi
610 514 723 573 [laelius
738 512 828 591 (lex.
841 533 871 573 a.
887 510 1026 589 Aristote)
1042 514 1149 571 caeteri·
1195 512 1305 587 ingenii
1320 512 1515 571 monumentis
1526 512 1567 570 ita
1576 512 1706 572 disserit:
1723 515 1803 583 nQuc
1814 514 1889 591 quiden

373 626 430 687 que
452 605 537 664 fidem
560 604 682 662 istorum
698 600 864 660 libellorum
883 601 947 660 sine
963 600 1023 658 nlla
1039 600 1149 659 fraudis
1194 601 1226 659 iu
1249 601 1313 659 istis
1337 599 1470 679 epistolis
1500 600 1641 679 Aristippi
1664 620 1757 659 nomen
1775 602 1888 679 pralemnt,

373 696 540 773 suspicione
569 691 678 750 luerint
710 692 809 750 secuti.
844 689 1040 766 Praeterquam
1070 690 1147 749 enim
1194 689 1294 747 dorice
1305 692 1434 766 scriptae,
1450 686 1502 766 tx,
1518 687 1576 759 xl,
1590 688 1668 758 lllll,
1684 688 1741 749 xt't
1761 689 1819 745 nihil
1834 707 1888 763 qun·

372 783 451 862 quod
462 780 613 840 calumniae
625 780 655 837 in
671 778 862 857 philosophos
874 778 996 835 aliarum
1006 790 1148 837 sectarum
1195 792 1255 837 tum
1269 778 1389 836 memini
1401 776 1550 836 continent
1569 776 1712 853 indignum
1729 776 1841 853 Aristippi
1851 796 1888 851 per·

371 870 520 949 principes
540 868 643 925 alienae
657 866 811 923 videantur
824 865 913 922 fuisse
926 864 963 923 ab
979 865 1062 925 illius
1080 886 1149 944 per·
1195 886 1281 940 soua;
1308 866 1358 925 sed
1372 865 1466 924 eidem
1492 866 1658 943 inscriptam
1679 862 1887 943 epistolamlillll,

372 976 461 1028 sona,
477 957 541 1033 qui,
558 954 595 1012 ab
607 953 745 1033 ἀγελάστῳ
760 954 935 1011 Aristoxeno
944 952 1150 1031 similibusque
1194 956 1274 1013 velut
1299 954 1335 1013 ad
1356 957 1462 1029 Areten
1484 954 1576 1012 liliam
1594 956 1698 1025 datam,
1726 952 1819 1027 qualem
1835 962 1887 1007 tanen

370 1045 457 1125 plane
470 1044 615 1113 diversus,
631 1042 851 1101 delectationem
863 1040 977 1099 amabat
990 1055 1020 1100 et
1031 1044 1147 1117 gaudia,
1196 1056 1336 1102 memorat
1350 1043 1493 1119 Diogenes
1513 1042 1642 1102 Laertius
1657 1040 1704 1099 lib.
1726 1040 1760 1111 ll,
1777 1043 1814 1111 sa,
1827 1040 1888 1113 inqu

368 1134 510 1212 jocosque
529 1130 694 1209 excipiebat
719 1130 814 1208 jocis,
849 1150 910 1189 uon
937 1130 1099 1191 maledictis
1122 1145 1151 1189 et
1195 1132 1274 1191 nulla
1289 1144 1357 1191 sunt
1369 1131 1493 1191 dorismi
1503 1132 1640 1207 vestigia,
1654 1130 1725 1190 illam
1739 1142 1887 1205 tanquauspl-

371 1221 508 1299 injuriis3
534 1220 598 1298 ipsa
612 1221 732 1297 insuper
745 1233 907 1297 temporum
929 1220 1022 1290 ratio,
1043 1220 1094 1277 tali
1119 1221 1149 1277 in
1196 1223 1269 1280 riam
1283 1220 1398 1298 rejicio,
1413 1240 1466 1279 nec
1484 1234 1580 1279 tamen
1597 1239 1692 1279 omnes
1704 1238 1760 1277 cunr
1772 1216 1887 1294 prestantis·

372 1328 458 1368 causa
472 1321 674 1384 argumentum
693 1308 905 1377 certissimum,
920 1327 978 1365 non
1000 1308 1108 1384 patitur
1120 1320 1151 1365 ut
1196 1312 1271 1370 simo
1281 1308 1476 1369 sanevirolo.
1487 1308 1717 1369 Peamonollind.
1727 1306 1886 1383 ignatpdlnv

371 1397 469 1473 turpia
483 1394 518 1453 de
537 1395 668 1453 moribus
684 1396 849 1453 Aristotelis
862 1394 1002 1472 prodere,
1023 1409 1072 1453 aut
1084 1396 1146 1452 Po·
1196 1399 1269 1457 Mihi
1284 1398 1341 1543 Ὗ
1358 1398 1489 1475 epistolae
1503 1417 1616 1469 omnes,
1636 1399 1658 1456 si
1676 1400 1740 1454 licta
1753 1406 1817 1465 sunt,
1829 1389 1887 1468 prola.

372 1487 515 1545 lemonem
531 1483 608 1542 loedo
632 1502 730 1542 amore
749 1503 767 1540 a
780 1484 965 1542 severissimo
986 1482 1149 1542 Xenocrate
1195 1486 1295 1545 biliter
1326 1499 1379 1544 ctae
1389 1485 1539 1559 videntur,
1552 1485 1622 1543 adeo
1632 1498 1662 1544 nt
1671 1484 1736 1542 nihil
1747 1477 1887 1555 habeantqul

371 1575 521 1645 dilectum,
536 1572 664 1631 Socratis
679 1573 794 1630 auditor
806 1570 934 1628 scribere
944 1570 1084 1647 potuerit,
1099 1570 1149 1629 diu
1197 1574 1234 1633 ab
1249 1575 1394 1653 Aristippi
1408 1574 1541 1633 moribus
1554 1574 1712 1645 abhorreat,
1725 1560 1851 1645 nihilquod
1857 1586 1887 1623 nu

371 1677 437 1723 ante
450 1663 629 1733 demortuus,
650 1679 738 1737 quam
758 1659 895 1716 florerent
915 1657 946 1714 in
963 1655 1064 1714 schola
1081 1658 1150 1715 Ari·
1196 1663 1351 1721 conveniat
1363 1662 1427 1721 istis
1439 1662 1475 1720 ad
1486 1672 1560 1741 quas
1571 1662 1642 1721 datae
1653 1673 1716 1721 sunt
1727 1655 1838 1737 personis,
1848 1652 1886 1711 nili

371 1752 486 1812 stoteles
500 1763 529 1808 et
542 1749 731 1808 Xenocrates.
751 1773 763 1800 ι
1195 1748 1322 1827 denique
1337 1749 1415 1827 quod
1426 1750 1596 1809 Graecorum
1611 1746 1752 1809 annalibus
1765 1742 1885 1819 ignotuns't

410 1839 454 1897 Ex
471 1839 546 1909 illis,
563 1839 690 1915 quaesub
711 1834 855 1913 Aristippi
870 1833 990 1891 nomine
1008 1833 1149 1905 feruntur,
1195 1838 1392 1907 Quamobrem
1421 1839 1562 1917 epistolas
1593 1858 1649 1897 una
1672 1856 1731 1896 cum
1756 1832 1886 1891 libroruuu

373 1927 543 2003 fragmentis
558 1925 692 2004 plerique
706 1924 845 2003 epistolas
861 1942 927 1981 cum
939 1920 1071 1998 Bentlejo
1087 1936 1152 1979 tan·
1196 1928 1403 1985 sententiarum
1417 1928 1554 2004 reliquiis
1566 1928 1687 1986 edendas
1700 1924 1886 2003 putavicmuapr

371 2035 458 2093 quarn
485 2012 658 2073 subditicias
696 2013 807 2073 familia
844 2014 1067 2071 submoverunt.
1106 2015 1147 2068 Ac
1196 2016 1268 2073 tanti
1281 2014 1448 2094 philosophi
1459 2015 1622 2091 fragmenta
1632 2027 1695 2091 post
1706 2004 1884 2080 Orelliumllpus.

372 2102 523 2179 bentlejus
534 2101 653 2179 quidem
666 2101 773 2179 Opusc.
786 2100 891 2179 philol.
905 2120 935 2178 p.
950 2108 988 2175 49
998 2099 1035 2156 de
1049 2098 1150 2157 Socra·
1196 2102 1257 2161 Ver.
1272 2102 1443 2161 Graec.sent.
1458 2115 1487 2160 et
1501 2103 1606 2163 moral.
1619 2102 1676 2163 vol.
1691 2102 1716 2159 ll
1728 2096 1823 2176 (Lipsie
1838 2093 1885 2155 un}

372 2192 497 2249 ticorum
518 2188 648 2267 epistolis
664 2188 838 2266 disputans:
861 2212 874 2238 a
892 2186 1031 2263 Epistola,
1040 2186 1148 2263 inquit,
1197 2210 1226 2267 p.
1243 2189 1372 2263 153-175
1388 2203 1417 2247 et
1432 2188 1524 2267 Epist.
1547 2192 1749 2250 Socraticorum
1767 2198 1789 2243 et
1802 2180 1884 2257 Pptm·

372 2277 530 2350 vltt,1x‚
551 2277 606 2334 llll
627 2291 656 2336 et
679 2275 747 2334 Xlll
758 2275 895 2351 jocantur
913 2276 990 2333 inter
1016 2294 1047 2333 se
1067 2277 1164 2335 Anti..
1198 2297 1311 2337 reorum
1334 2278 1459 2356 (Lipsiae
1487 2280 1583 2359 1815)
1605 2301 1636 2358 p.
1661 2280 1693 2337 16
1712 2295 1781 2352 seqq.
1798 2266 1885 2341 collegia

371 2366 496 2434 sthenes,
518 2367 686 2446 Aristippus
699 2380 728 2424 et
751 2366 852 2423 Simon
876 2377 966 2423 sutor.
991 2364 1147 2440 iudignum
1195 2365 1350 2440 diligenter
1379 2369 1526 2426 recensui.
1543 2369 1608 2438 Quo
1625 2370 1655 2426 in
1670 2381 1763 2442 genere
1780 2360 1802 2418 id
1820 2368 1885 2433 opettffl

370 2455 493 2513 istorum
507 2453 659 2512 hominnm
676 2453 884 2525 memorialem,
900 2453 1083 2524 existimare,
1099 2455 1150 2512 tali
1196 2453 1274 2523 dedi,
1288 2467 1320 2511 ut
1329 2455 1466 2532 epistolia
1476 2457 1508 2513 in
1519 2458 1629 2533 quibus
1640 2455 1739 2514 dorice
1748 2443 1885 2510 rocunbrffl

371 2560 422 2601 eos
435 2545 547 2601 ratione
563 2542 652 2601 luisse
671 2535 784 2619 jocato's
798 2554 993 2617 nugatosque;
1012 2541 1149 2618 inprimis
1195 2560 1299 2616 magna
1312 2560 1349 2599 ex
1362 2556 1443 2619 parte
1456 2544 1616 2603 alibi-ariis
1626 2545 1794 2615 deletaeatque
1804 2528 1886 2591 bellet

371 2630 509 2697 eSicilia
523 2631 650 2689 Athenas
669 2650 760 2708 usque
782 2630 896 2688 misisse
918 2643 976 2687 tam
1000 2630 1148 2701 scurrilia,
1195 2630 1240 2687 vel
1262 2650 1430 2689 communes
1448 2652 1600 2693 conversae
1615 2645 1689 2703 sunt,
1708 2628 1789 2707 quales
1804 2624 1825 2679 in
1838 2632 1885 2711 ΜΨ·

371 2735 436 2791 quae
448 2736 485 2776 ne
496 2718 637 2776 convivas
647 2719 764 2795 quidem
777 2722 853 2775 inter
864 2718 970 2794 pocula
980 2716 1125 2775 decerent.
1138 2744 1149 2769 a
1195 2716 1296 2777 branis
1311 2733 1494 2797 comparent,
1511 2732 1753 2780 conservarentur.
1763 2714 1814 2771 llam
1824 2716 1884 2777 u²l⁰f²

371 2802 449 2862 ldenr
464 2826 493 2883 p.
508 2807 545 2863 55
564 2807 709 2884 Aristippi
723 2807 875 2883 epistolam
887 2806 922 2863 ad
935 2811 1045 2864 Areten
1056 2805 1148 2864 filiani
1196 2821 1305 2866 tantum
1332 2811 1435 2865 ruenda
1458 2809 1633 2885 corrigenda
1655 2826 1713 2867 csse
1731 2815 1804 2867 ratus,
1822 2792 1885 2850 minora

371 2904 525 2970 propterea
539 2895 664 2952 maxime
672 2895 798 2965 damnat,
813 2895 892 2972 quod
903 2914 962 2952 non
972 2893 1083 2966 dorice,
1099 2895 1149 2953 sed
1195 2892 1241 2954 vel
1256 2895 1387 2955 librariis
1409 2896 1455 2955 vel
1476 2897 1537 2975 ipsi
1558 2898 1668 2957 auctori
1682 2886 1820 2968 assignanda
1830 2876 1885 2936 tollar
1916 2900 1917 2905 κ

370 2981 457 3038 attice
471 2984 579 3059 scripta
593 2983 642 3041 sit.
663 2983 771 3040 Contra
794 2982 1001 3041 Valckenarius
1020 2983 1146 3041 Diatrib.
1195 2986 1285 3044 nolui.
1314 2983 1493 3044 Emendatis·
1517 2987 1645 3066 denique
1676 2985 1746 3044 hisce
1768 2963 1885 3050 lragffllsslll‘

370 3066 403 3125 in
420 3066 522 3146 Eurip.
541 3067 654 3145 Fragm.
672 3089 701 3146 p.
726 3089 781 3146 ¹9⁰
801 3069 838 3126 de
859 3071 964 3128 iisdem
989 3070 1148 3149 Aristippei
1195 3091 1300 3132 novam
1318 3073 1588 3152 interpretationem
1613 3076 1723 3135 latinam
1743 3061 1837 3143 adjunxi·
