<?xml version="1.0" encoding="UTF-8"?>
<!DOCTYPE html PUBLIC "-//W3C//DTD XHTML 1.0 Transitional//EN"
    "http://www.w3.org/TR/xhtml1/DTD/xhtml1-transitional.dtd">
<html xmlns="http://www.w3.org/1999/xhtml" xml:lang="en" lang="en">
 <head>
  <title>
</title>
<meta http-equiv="Content-Type" content="text/html;charset=utf-8" />
  <meta name='ocr-system' content='tesseract 3.04.00' />
  <meta name='ocr-capabilities' content='ocr_page ocr_carea ocr_par ocr_line ocrx_word'/>
</head>
<body>
  <div class='ocr_page' id='page_1' title='image "./fragmentaphilos02mullgoog/fragmentaphilos02mullgoog_0043.png"; bbox 0 0 3959 5925; ppageno 0'>
   <div class='ocr_carea' id='block_1_1' title="bbox 506 433 1310 515">
    <p class='ocr_par' dir='ltr' id='par_1_1' title="bbox 506 433 1310 515">
     <span class='ocr_line' id='line_1_1' title="bbox 506 433 1310 515; baseline 0.004 -20"><span class='ocrx_word' id='word_1_1' title='bbox 506 434 673 510; x_wconf 77' lang='lat' dir='ltr'>FJUSQUE</span> <span class='ocrx_word' id='word_1_2' title='bbox 691 434 903 496; x_wconf 86' lang='lat' dir='ltr'><strong>DISCIPULlS</strong></span> <span class='ocrx_word' id='word_1_3' title='bbox 924 433 1310 515; x_wconf 64' lang='lat' dir='ltr'><strong>Rusuccussouinus.</strong></span> 
     </span>
    </p>
   </div>
   <div class='ocr_carea' id='block_1_2' title="bbox 54 566 890 2583">
    <p class='ocr_par' dir='ltr' id='par_1_2' title="bbox 96 566 890 718">
     <span class='ocr_line' id='line_1_2' title="bbox 96 566 890 643; baseline -0.003 -15"><span class='ocrx_word' id='word_1_4' title='bbox 96 570 136 628; x_wconf 88' lang='lat' dir='ltr'><strong>dc</strong></span> <span class='ocrx_word' id='word_1_5' title='bbox 144 570 305 629; x_wconf 84' lang='lat' dir='ltr'><strong>coeiestium</strong></span> <span class='ocrx_word' id='word_1_6' title='bbox 315 566 543 627; x_wconf 85' lang='lat' dir='ltr'><strong>notitiadisserit</strong></span> <span class='ocrx_word' id='word_1_7' title='bbox 551 568 726 643; x_wconf 81' lang='lat' dir='ltr'><strong>gravissimo</strong></span> <span class='ocrx_word' id='word_1_8' title='bbox 734 568 890 626; x_wconf 91' lang='lat' dir='ltr'><strong>hocutitur</strong></span> 
     </span>
     <span class='ocr_line' id='line_1_3' title="bbox 96 672 260 718; baseline 0 -1"><span class='ocrx_word' id='word_1_9' title='bbox 96 672 229 718; x_wconf 85' lang='lat' dir='ltr'><strong>auctore.</strong></span> <span class='ocrx_word' id='word_1_10' title='bbox 256 674 260 681; x_wconf 92' lang='lat'>&#39;</span> 
     </span>
    </p>

    <p class='ocr_par' dir='ltr' id='par_1_3' title="bbox 54 743 890 2051">
     <span class='ocr_line' id='line_1_4' title="bbox 141 743 890 823; baseline -0.007 -17"><span class='ocrx_word' id='word_1_11' title='bbox 141 748 249 806; x_wconf 85' lang='lat' dir='ltr'><strong>Notum</strong></span> <span class='ocrx_word' id='word_1_12' title='bbox 264 746 329 823; x_wconf 90' lang='lat' dir='ltr'><strong>ejus</strong></span> <span class='ocrx_word' id='word_1_13' title='bbox 342 758 385 804; x_wconf 89' lang='lat' dir='ltr'><strong>est</strong></span> <span class='ocrx_word' id='word_1_14' title='bbox 400 745 436 803; x_wconf 93' lang='lat' dir='ltr'><strong>de</strong></span> <span class='ocrx_word' id='word_1_15' title='bbox 450 745 547 802; x_wconf 89' lang='lat' dir='ltr'><strong>anima</strong></span> <span class='ocrx_word' id='word_1_16' title='bbox 567 744 707 822; x_wconf 91' lang='lat' dir='ltr'><strong>placitum</strong></span> <span class='ocrx_word' id='word_1_17' title='bbox 720 743 809 823; x_wconf 74' lang='lat'><strong>(174).</strong></span> <span class='ocrx_word' id='word_1_18' title='bbox 825 744 890 802; x_wconf 61' lang='lat' dir='ltr'><strong>Scid</strong></span> 
     </span>
     <span class='ocr_line' id='line_1_5' title="bbox 54 830 889 913; baseline -0.002 -20"><span class='ocrx_word' id='word_1_19' title='bbox 54 830 59 839; x_wconf 78' lang='grc'><strong>”</strong></span> <span class='ocrx_word' id='word_1_20' title='bbox 98 836 172 895; x_wconf 87' lang='lat' dir='ltr'><strong>licet</strong></span> <span class='ocrx_word' id='word_1_21' title='bbox 195 835 384 893; x_wconf 82' lang='lat' dir='ltr'><strong>interioreet</strong></span> <span class='ocrx_word' id='word_1_22' title='bbox 406 852 459 892; x_wconf 90' lang='lat' dir='ltr'><strong>suo</strong></span> <span class='ocrx_word' id='word_1_23' title='bbox 483 846 564 891; x_wconf 91' lang='lat' dir='ltr'><strong>motu</strong></span> <span class='ocrx_word' id='word_1_24' title='bbox 587 834 695 909; x_wconf 85' lang='lat' dir='ltr'><strong>agitata</strong></span> <span class='ocrx_word' id='word_1_25' title='bbox 710 854 817 913; x_wconf 89' lang='lat' dir='ltr'><strong>corpus</strong></span> <span class='ocrx_word' id='word_1_26' title='bbox 837 834 889 892; x_wconf 94' lang='lat' dir='ltr'><strong>illa</strong></span> 
     </span>
     <span class='ocr_line' id='line_1_6' title="bbox 98 921 887 1001; baseline -0.003 -20"><span class='ocrx_word' id='word_1_27' title='bbox 98 938 219 999; x_wconf 83' lang='lat' dir='ltr'><strong>movet,</strong></span> <span class='ocrx_word' id='word_1_28' title='bbox 231 924 300 1001; x_wconf 91' lang='lat' dir='ltr'><strong>quia</strong></span> <span class='ocrx_word' id='word_1_29' title='bbox 323 941 389 979; x_wconf 92' lang='lat' dir='ltr'><strong>cum</strong></span> <span class='ocrx_word' id='word_1_30' title='bbox 405 941 440 980; x_wconf 94' lang='lat' dir='ltr'><strong>eo</strong></span> <span class='ocrx_word' id='word_1_31' title='bbox 464 921 619 999; x_wconf 85' lang='lat' dir='ltr'><strong>conjuncta</strong></span> <span class='ocrx_word' id='word_1_32' title='bbox 633 923 680 981; x_wconf 89' lang='lat' dir='ltr'><strong>sit.</strong></span> <span class='ocrx_word' id='word_1_33' title='bbox 692 921 778 979; x_wconf 91' lang='lat' dir='ltr'><strong>Putat</strong></span> <span class='ocrx_word' id='word_1_34' title='bbox 793 934 887 979; x_wconf 88' lang='lat' dir='ltr'><strong>autem</strong></span> 
     </span>
     <span class='ocr_line' id='line_1_7' title="bbox 99 1009 889 1070; baseline -0.005 0"><span class='ocrx_word' id='word_1_35' title='bbox 99 1031 169 1070; x_wconf 89' lang='lat' dir='ltr'><strong>eam</strong></span> <span class='ocrx_word' id='word_1_36' title='bbox 186 1030 222 1069; x_wconf 85' lang='lat' dir='ltr'><strong>ex</strong></span> <span class='ocrx_word' id='word_1_37' title='bbox 236 1010 385 1068; x_wconf 88' lang='lat' dir='ltr'><strong>elementis</strong></span> <span class='ocrx_word' id='word_1_38' title='bbox 397 1021 529 1067; x_wconf 80' lang='lat' dir='ltr'><strong>constare</strong></span> <span class='ocrx_word' id='word_1_39' title='bbox 544 1009 749 1067; x_wconf 80' lang='lat' dir='ltr'><strong>sesecundum</strong></span> <span class='ocrx_word' id='word_1_40' title='bbox 768 1009 889 1067; x_wconf 87' lang='lat' dir='ltr'><strong>harmo-</strong></span> 
     </span>
     <span class='ocr_line' id='line_1_8' title="bbox 100 1095 887 1173; baseline -0.003 -18"><span class='ocrx_word' id='word_1_41' title='bbox 100 1100 187 1156; x_wconf 89' lang='lat' dir='ltr'><strong>nicos</strong></span> <span class='ocrx_word' id='word_1_42' title='bbox 206 1116 344 1155; x_wconf 89' lang='lat' dir='ltr'><strong>numeros</strong></span> <span class='ocrx_word' id='word_1_43' title='bbox 359 1095 482 1153; x_wconf 85' lang='lat' dir='ltr'><strong>divisam</strong></span> <span class='ocrx_word' id='word_1_44' title='bbox 509 1115 582 1155; x_wconf 91' lang='lat' dir='ltr'><strong>esse.</strong></span> <span class='ocrx_word' id='word_1_45' title='bbox 599 1095 633 1154; x_wconf 92' lang='lat' dir='ltr'><strong>ln</strong></span> <span class='ocrx_word' id='word_1_46' title='bbox 659 1116 717 1173; x_wconf 90' lang='lat' dir='ltr'><strong>quo</strong></span> <span class='ocrx_word' id='word_1_47' title='bbox 742 1095 799 1153; x_wconf 92' lang='lat' dir='ltr'><strong>hoc</strong></span> <span class='ocrx_word' id='word_1_48' title='bbox 818 1115 887 1173; x_wconf 88' lang='lat' dir='ltr'><strong>pro·</strong></span> 
     </span>
     <span class='ocr_line' id='line_1_9' title="bbox 99 1181 889 1263; baseline 0 -22"><span class='ocrx_word' id='word_1_49' title='bbox 99 1186 199 1263; x_wconf 91' lang='lat' dir='ltr'><strong>prium</strong></span> <span class='ocrx_word' id='word_1_50' title='bbox 211 1205 244 1243; x_wconf 89' lang='lat' dir='ltr'><strong>ac</strong></span> <span class='ocrx_word' id='word_1_51' title='bbox 254 1184 403 1262; x_wconf 85' lang='lat' dir='ltr'><strong>peculiare</strong></span> <span class='ocrx_word' id='word_1_52' title='bbox 413 1181 513 1254; x_wconf 89' lang='lat' dir='ltr'><strong>habet,</strong></span> <span class='ocrx_word' id='word_1_53' title='bbox 529 1183 608 1260; x_wconf 93' lang='lat' dir='ltr'><strong>quod</strong></span> <span class='ocrx_word' id='word_1_54' title='bbox 620 1183 711 1240; x_wconf 89' lang='lat' dir='ltr'><strong>vitata</strong></span> <span class='ocrx_word' id='word_1_55' title='bbox 722 1195 800 1241; x_wconf 90' lang='lat' dir='ltr'><strong>recta</strong></span> <span class='ocrx_word' id='word_1_56' title='bbox 810 1183 889 1241; x_wconf 90' lang='lat' dir='ltr'><strong>linea</strong></span> 
     </span>
     <span class='ocr_line' id='line_1_10' title="bbox 100 1270 885 1331; baseline -0.005 0"><span class='ocrx_word' id='word_1_57' title='bbox 100 1272 138 1331; x_wconf 93' lang='lat' dir='ltr'><strong>ad</strong></span> <span class='ocrx_word' id='word_1_58' title='bbox 164 1274 230 1331; x_wconf 88' lang='lat' dir='ltr'><strong>coeli</strong></span> <span class='ocrx_word' id='word_1_59' title='bbox 248 1272 474 1330; x_wconf 83' lang='lat' dir='ltr'><strong>conversionum</strong></span> <span class='ocrx_word' id='word_1_60' title='bbox 498 1270 721 1329; x_wconf 90' lang='lat' dir='ltr'><strong>similitudinem</strong></span> <span class='ocrx_word' id='word_1_61' title='bbox 737 1270 769 1328; x_wconf 91' lang='lat' dir='ltr'><strong>in</strong></span> <span class='ocrx_word' id='word_1_62' title='bbox 785 1270 885 1328; x_wconf 85' lang='lat' dir='ltr'><strong>orbem</strong></span> 
     </span>
     <span class='ocr_line' id='line_1_11' title="bbox 99 1358 885 1437; baseline -0.003 -18"><span class='ocrx_word' id='word_1_63' title='bbox 99 1380 164 1419; x_wconf 88' lang='lat' dir='ltr'><strong>eam</strong></span> <span class='ocrx_word' id='word_1_64' title='bbox 179 1360 310 1437; x_wconf 85' lang='lat' dir='ltr'><strong>torqueri</strong></span> <span class='ocrx_word' id='word_1_65' title='bbox 323 1358 457 1417; x_wconf 86' lang='lat' dir='ltr'><strong>affirmat.</strong></span> <span class='ocrx_word' id='word_1_66' title='bbox 471 1359 514 1415; x_wconf 87' lang='lat' dir='ltr'><strong>De</strong></span> <span class='ocrx_word' id='word_1_67' title='bbox 528 1359 595 1417; x_wconf 88' lang='lat' dir='ltr'><strong>visu</strong></span> <span class='ocrx_word' id='word_1_68' title='bbox 607 1378 666 1417; x_wconf 91' lang='lat' dir='ltr'><strong>non</strong></span> <span class='ocrx_word' id='word_1_69' title='bbox 679 1359 789 1417; x_wconf 87' lang='lat' dir='ltr'><strong>rectius</strong></span> <span class='ocrx_word' id='word_1_70' title='bbox 799 1380 885 1435; x_wconf 91' lang='lat' dir='ltr'><strong>quam</strong></span> 
     </span>
     <span class='ocr_line' id='line_1_12' title="bbox 98 1445 887 1527; baseline -0.008 -16"><span class='ocrx_word' id='word_1_71' title='bbox 98 1448 293 1527; x_wconf 81' lang='lat' dir='ltr'><strong>Empedocles</strong></span> <span class='ocrx_word' id='word_1_72' title='bbox 305 1447 449 1523; x_wconf 90' lang='lat' dir='ltr'><strong>judicavit</strong></span> <span class='ocrx_word' id='word_1_73' title='bbox 462 1445 600 1505; x_wconf 85' lang='lat' dir='ltr'><strong>Timaeus.</strong></span> <span class='ocrx_word' id='word_1_74' title='bbox 610 1446 753 1516; x_wconf 84' lang='lat' dir='ltr'><strong>Quocirca</strong></span> <span class='ocrx_word' id='word_1_75' title='bbox 765 1460 887 1524; x_wconf 87' lang='lat' dir='ltr'><strong>uterque</strong></span> 
     </span>
     <span class='ocr_line' id='line_1_13' title="bbox 100 1533 886 1613; baseline 0.001 -18"><span class='ocrx_word' id='word_1_76' title='bbox 100 1537 282 1610; x_wconf 88' lang='lat' dir='ltr'><strong>conjunctim</strong></span> <span class='ocrx_word' id='word_1_77' title='bbox 308 1533 344 1593; x_wconf 92' lang='lat' dir='ltr'><strong>ab</strong></span> <span class='ocrx_word' id='word_1_78' title='bbox 367 1534 522 1593; x_wconf 73' lang='lat' dir='ltr'><strong>Aristotele</strong></span> <span class='ocrx_word' id='word_1_79' title='bbox 539 1535 620 1613; x_wconf 84' lang='lat'>(175)</span> <span class='ocrx_word' id='word_1_80' title='bbox 644 1549 830 1596; x_wconf 88' lang='lat' dir='ltr'><strong>memoratur.</strong></span> <span class='ocrx_word' id='word_1_81' title='bbox 844 1537 886 1597; x_wconf 84' lang='lat' dir='ltr'><strong>Ex</strong></span> 
     </span>
     <span class='ocr_line' id='line_1_14' title="bbox 100 1622 885 1702; baseline 0.001 -20"><span class='ocrx_word' id='word_1_82' title='bbox 100 1622 885 1702; x_wconf 82' lang='lat' dir='ltr'><strong>ejusauditoribusuuumnovimusDemaratum(176).</strong></span> 
     </span>
     <span class='ocr_line' id='line_1_15' title="bbox 100 1710 889 1789; baseline 0.003 -20"><span class='ocrx_word' id='word_1_83' title='bbox 100 1712 161 1781; x_wconf 85' lang='lat' dir='ltr'><strong>Qui</strong></span> <span class='ocrx_word' id='word_1_84' title='bbox 190 1730 279 1789; x_wconf 87' lang='lat' dir='ltr'><strong>quum</strong></span> <span class='ocrx_word' id='word_1_85' title='bbox 306 1710 403 1769; x_wconf 90' lang='lat' dir='ltr'><strong>decem</strong></span> <span class='ocrx_word' id='word_1_86' title='bbox 437 1712 592 1769; x_wconf 90' lang='lat' dir='ltr'><strong>continuos</strong></span> <span class='ocrx_word' id='word_1_87' title='bbox 625 1711 685 1770; x_wconf 91' lang='lat' dir='ltr'><strong>dies</strong></span> <span class='ocrx_word' id='word_1_88' title='bbox 722 1725 889 1789; x_wconf 77' lang='lat' dir='ltr'><strong>agrotasset</strong></span> 
     </span>
     <span class='ocr_line' id='line_1_16' title="bbox 100 1798 886 1878; baseline 0.006 -22"><span class='ocrx_word' id='word_1_89' title='bbox 100 1799 269 1874; x_wconf 87' lang='lat' dir='ltr'><strong>morboque</strong></span> <span class='ocrx_word' id='word_1_90' title='bbox 282 1816 440 1877; x_wconf 84' lang='lat' dir='ltr'><strong>oppressus</strong></span> <span class='ocrx_word' id='word_1_91' title='bbox 451 1798 533 1875; x_wconf 92' lang='lat' dir='ltr'><strong>loqui</strong></span> <span class='ocrx_word' id='word_1_92' title='bbox 549 1819 607 1857; x_wconf 91' lang='lat' dir='ltr'><strong>non</strong></span> <span class='ocrx_word' id='word_1_93' title='bbox 619 1800 775 1878; x_wconf 90' lang='lat' dir='ltr'><strong>potuisset,</strong></span> <span class='ocrx_word' id='word_1_94' title='bbox 791 1803 886 1861; x_wconf 90' lang='lat' dir='ltr'><strong>unde·</strong></span> 
     </span>
     <span class='ocr_line' id='line_1_17' title="bbox 101 1884 885 1966; baseline 0.005 -21"><span class='ocrx_word' id='word_1_95' title='bbox 101 1888 181 1945; x_wconf 91' lang='lat' dir='ltr'><strong>cimo</strong></span> <span class='ocrx_word' id='word_1_96' title='bbox 203 1885 252 1944; x_wconf 90' lang='lat' dir='ltr'><strong>die</strong></span> <span class='ocrx_word' id='word_1_97' title='bbox 276 1904 312 1944; x_wconf 78' lang='lat' dir='ltr'><strong>ex</strong></span> <span class='ocrx_word' id='word_1_98' title='bbox 336 1884 443 1943; x_wconf 86' lang='lat' dir='ltr'><strong>delirio</strong></span> <span class='ocrx_word' id='word_1_99' title='bbox 464 1887 540 1943; x_wconf 91' lang='lat' dir='ltr'><strong>lente</strong></span> <span class='ocrx_word' id='word_1_100' title='bbox 562 1901 707 1946; x_wconf 88' lang='lat' dir='ltr'><strong>recreatus</strong></span> <span class='ocrx_word' id='word_1_101' title='bbox 725 1908 778 1966; x_wconf 89' lang='lat' dir='ltr'><strong>per</strong></span> <span class='ocrx_word' id='word_1_102' title='bbox 795 1902 885 1949; x_wconf 89' lang='lat' dir='ltr'><strong>totum</strong></span> 
     </span>
     <span class='ocr_line' id='line_1_18' title="bbox 99 1973 886 2051; baseline 0.009 -21"><span class='ocrx_word' id='word_1_103' title='bbox 99 1974 174 2031; x_wconf 88' lang='lat' dir='ltr'><strong>illud</strong></span> <span class='ocrx_word' id='word_1_104' title='bbox 194 1986 306 2051; x_wconf 89' lang='lat' dir='ltr'><strong>tempus</strong></span> <span class='ocrx_word' id='word_1_105' title='bbox 324 1973 497 2031; x_wconf 88' lang='lat' dir='ltr'><strong>suavissime</strong></span> <span class='ocrx_word' id='word_1_106' title='bbox 513 1992 544 2032; x_wconf 87' lang='lat' dir='ltr'><strong>se</strong></span> <span class='ocrx_word' id='word_1_107' title='bbox 565 1974 676 2033; x_wconf 83' lang='lat' dir='ltr'><strong>vixisse</strong></span> <span class='ocrx_word' id='word_1_108' title='bbox 699 1980 886 2038; x_wconf 86' lang='lat' dir='ltr'><strong>asseveravit.</strong></span> 
     </span>
    </p>

    <p class='ocr_par' dir='ltr' id='par_1_4' title="bbox 100 2061 887 2583">
     <span class='ocr_line' id='line_1_19' title="bbox 141 2061 886 2139; baseline 0.005 -20"><span class='ocrx_word' id='word_1_109' title='bbox 141 2061 886 2139; x_wconf 84' lang='lat' dir='ltr'><strong>loterPlatonicosposterioresimprimis&#39;limaeum</strong></span> 
     </span>
     <span class='ocr_line' id='line_1_20' title="bbox 101 2148 886 2231; baseline 0.005 -23"><span class='ocrx_word' id='word_1_110' title='bbox 101 2150 261 2209; x_wconf 87' lang='lat' dir='ltr'><strong>admiratus</strong></span> <span class='ocrx_word' id='word_1_111' title='bbox 285 2162 329 2207; x_wconf 90' lang='lat' dir='ltr'><strong>est</strong></span> <span class='ocrx_word' id='word_1_112' title='bbox 351 2148 492 2221; x_wconf 87' lang='lat' dir='ltr'><strong>Proclus,</strong></span> <span class='ocrx_word' id='word_1_113' title='bbox 513 2149 698 2209; x_wconf 87' lang='lat' dir='ltr'><strong>fidelissimus</strong></span> <span class='ocrx_word' id='word_1_114' title='bbox 716 2150 810 2210; x_wconf 91' lang='lat' dir='ltr'><strong>libelli</strong></span> <span class='ocrx_word' id='word_1_115' title='bbox 835 2156 886 2231; x_wconf 90' lang='lat' dir='ltr'><strong>qui</strong></span> 
     </span>
     <span class='ocr_line' id='line_1_21' title="bbox 101 2238 887 2316; baseline 0.005 -19"><span class='ocrx_word' id='word_1_116' title='bbox 101 2238 189 2297; x_wconf 90' lang='lat' dir='ltr'><strong>hodie</strong></span> <span class='ocrx_word' id='word_1_117' title='bbox 203 2238 259 2297; x_wconf 90' lang='lat' dir='ltr'><strong>suh</strong></span> <span class='ocrx_word' id='word_1_118' title='bbox 274 2240 336 2316; x_wconf 88' lang='lat' dir='ltr'><strong>ejus</strong></span> <span class='ocrx_word' id='word_1_119' title='bbox 346 2241 465 2296; x_wconf 89' lang='lat' dir='ltr'><strong>nomine</strong></span> <span class='ocrx_word' id='word_1_120' title='bbox 477 2238 570 2297; x_wconf 78' lang='lat' dir='ltr'><strong>fertur</strong></span> <span class='ocrx_word' id='word_1_121' title='bbox 580 2239 617 2297; x_wconf 91' lang='lat' dir='ltr'><strong>de</strong></span> <span class='ocrx_word' id='word_1_122' title='bbox 630 2242 727 2299; x_wconf 91' lang='lat' dir='ltr'><strong>anima</strong></span> <span class='ocrx_word' id='word_1_123' title='bbox 741 2242 843 2300; x_wconf 89' lang='lat' dir='ltr'><strong>mundi</strong></span> <span class='ocrx_word' id='word_1_124' title='bbox 858 2257 887 2301; x_wconf 89' lang='lat' dir='ltr'><strong>et</strong></span> 
     </span>
     <span class='ocr_line' id='line_1_22' title="bbox 101 2327 885 2403; baseline 0.006 -19"><span class='ocrx_word' id='word_1_125' title='bbox 101 2339 205 2385; x_wconf 90' lang='lat' dir='ltr'><strong>natura</strong></span> <span class='ocrx_word' id='word_1_126' title='bbox 213 2340 311 2385; x_wconf 89' lang='lat' dir='ltr'><strong>custos</strong></span> <span class='ocrx_word' id='word_1_127' title='bbox 321 2346 354 2383; x_wconf 89' lang='lat' dir='ltr'><strong>ac</strong></span> <span class='ocrx_word' id='word_1_128' title='bbox 366 2339 507 2386; x_wconf 88' lang='lat' dir='ltr'><strong>servator.</strong></span> <span class='ocrx_word' id='word_1_129' title='bbox 515 2327 599 2385; x_wconf 89' lang='lat' dir='ltr'><strong>Hunc</strong></span> <span class='ocrx_word' id='word_1_130' title='bbox 610 2327 748 2388; x_wconf 88' lang='lat' dir='ltr'><strong>videlicet</strong></span> <span class='ocrx_word' id='word_1_131' title='bbox 762 2329 885 2403; x_wconf 92' lang='lat' dir='ltr'><strong>librum,</strong></span> 
     </span>
     <span class='ocr_line' id='line_1_23' title="bbox 101 2414 886 2492; baseline 0.008 -20"><span class='ocrx_word' id='word_1_132' title='bbox 101 2428 247 2491; x_wconf 87' lang='lat' dir='ltr'><strong>tamquam</strong></span> <span class='ocrx_word' id='word_1_133' title='bbox 272 2414 472 2492; x_wconf 79' lang='lat' dir='ltr'><strong>ingeniiejus</strong></span> <span class='ocrx_word' id='word_1_134' title='bbox 505 2430 740 2487; x_wconf 89' lang='lat' dir='ltr'><strong>monumentum,</strong></span> <span class='ocrx_word' id='word_1_135' title='bbox 769 2438 823 2478; x_wconf 91' lang='lat' dir='ltr'><strong>suo</strong></span> <span class='ocrx_word' id='word_1_136' title='bbox 855 2422 886 2477; x_wconf 92' lang='lat' dir='ltr'><strong>in</strong></span> 
     </span>
     <span class='ocr_line' id='line_1_24' title="bbox 100 2502 887 2583; baseline 0.01 -24"><span class='ocrx_word' id='word_1_137' title='bbox 100 2502 234 2561; x_wconf 82' lang='lat' dir='ltr'><strong>Platonis</strong></span> <span class='ocrx_word' id='word_1_138' title='bbox 245 2502 390 2560; x_wconf 86' lang='lat' dir='ltr'><strong>Timaeum</strong></span> <span class='ocrx_word' id='word_1_139' title='bbox 405 2504 615 2561; x_wconf 90' lang='lat' dir='ltr'><strong>commentario</strong></span> <span class='ocrx_word' id='word_1_140' title='bbox 626 2509 795 2583; x_wconf 78' lang='lat' dir='ltr'><strong>praeposuit,</strong></span> <span class='ocrx_word' id='word_1_141' title='bbox 809 2507 887 2567; x_wconf 91' lang='lat' dir='ltr'><strong>unde</strong></span> 
     </span>
    </p>
   </div>
   <div class='ocr_carea' id='block_1_3' title="bbox 9 2589 886 2667">
    <p class='ocr_par' dir='ltr' id='par_1_5' title="bbox 9 2589 886 2667">
     <span class='ocr_line' id='line_1_25' title="bbox 9 2589 886 2667; baseline 0.007 -21"><span class='ocrx_word' id='word_1_142' title='bbox 9 2606 11 2611; x_wconf 91' lang='lat'>·</span> <span class='ocrx_word' id='word_1_143' title='bbox 99 2603 202 2667; x_wconf 91' lang='lat' dir='ltr'><strong>postea</strong></span> <span class='ocrx_word' id='word_1_144' title='bbox 218 2609 283 2649; x_wconf 90' lang='lat' dir='ltr'><strong>eum</strong></span> <span class='ocrx_word' id='word_1_145' title='bbox 296 2594 327 2647; x_wconf 90' lang='lat' dir='ltr'><strong>in</strong></span> <span class='ocrx_word' id='word_1_146' title='bbox 336 2589 468 2648; x_wconf 90' lang='lat' dir='ltr'><strong>Platonis</strong></span> <span class='ocrx_word' id='word_1_147' title='bbox 482 2589 624 2648; x_wconf 88' lang='lat' dir='ltr'><strong>editiones</strong></span> <span class='ocrx_word' id='word_1_148' title='bbox 639 2594 789 2651; x_wconf 83' lang='lat' dir='ltr'><strong>transiisse</strong></span> <span class='ocrx_word' id='word_1_149' title='bbox 800 2612 886 2652; x_wconf 90' lang='lat' dir='ltr'><strong>nemo</strong></span> 
     </span>
    </p>
   </div>
   <div class='ocr_carea' id='block_1_4' title="bbox 98 2676 884 2931">
    <p class='ocr_par' dir='ltr' id='par_1_6' title="bbox 98 2676 884 2931">
     <span class='ocr_line' id='line_1_26' title="bbox 99 2676 884 2755; baseline 0.006 -20"><span class='ocrx_word' id='word_1_150' title='bbox 99 2678 225 2754; x_wconf 83' lang='lat' dir='ltr'><strong>ignorat.</strong></span> <span class='ocrx_word' id='word_1_151' title='bbox 238 2678 319 2735; x_wconf 89' lang='lat' dir='ltr'><strong>Idem</strong></span> <span class='ocrx_word' id='word_1_152' title='bbox 334 2678 460 2754; x_wconf 85' lang='lat' dir='ltr'><strong>scriptor</strong></span> <span class='ocrx_word' id='word_1_153' title='bbox 475 2676 605 2735; x_wconf 88' lang='lat' dir='ltr'><strong>Ocellum</strong></span> <span class='ocrx_word' id='word_1_154' title='bbox 615 2676 769 2755; x_wconf 53' lang='lat' dir='ltr'><strong>,Lucadum</strong></span> <span class='ocrx_word' id='word_1_155' title='bbox 780 2680 884 2740; x_wconf 82' lang='lat' dir='ltr'><strong>Timaei</strong></span> 
     </span>
     <span class='ocr_line' id='line_1_27' title="bbox 100 2764 884 2845; baseline 0.008 -22"><span class='ocrx_word' id='word_1_156' title='bbox 100 2777 404 2844; x_wconf 83' lang='lat' dir='ltr'><strong>praecursoremvocat</strong></span> <span class='ocrx_word' id='word_1_157' title='bbox 417 2764 529 2824; x_wconf 81' lang='lat' dir='ltr'><strong>Comm.</strong></span> <span class='ocrx_word' id='word_1_158' title='bbox 541 2767 621 2844; x_wconf 79' lang='lat'><strong>(177)</strong></span> <span class='ocrx_word' id='word_1_159' title='bbox 634 2767 666 2824; x_wconf 92' lang='lat' dir='ltr'><strong>in</strong></span> <span class='ocrx_word' id='word_1_160' title='bbox 680 2767 759 2825; x_wconf 90' lang='lat' dir='ltr'><strong>Tim.</strong></span> <span class='ocrx_word' id='word_1_161' title='bbox 770 2790 801 2845; x_wconf 91' lang='lat' dir='ltr'><strong>p.</strong></span> <span class='ocrx_word' id='word_1_162' title='bbox 819 2771 884 2830; x_wconf 82' lang='lat'><strong>150.</strong></span> 
     </span>
     <span class='ocr_line' id='line_1_28' title="bbox 98 2852 879 2931; baseline 0.003 -17"><span class='ocrx_word' id='word_1_163' title='bbox 98 2856 134 2913; x_wconf 89' lang='lat' dir='ltr'><strong>E.</strong></span> <span class='ocrx_word' id='word_1_164' title='bbox 148 2855 278 2913; x_wconf 80' lang='lat' dir='ltr'><strong>Fuerunt</strong></span> <span class='ocrx_word' id='word_1_165' title='bbox 292 2854 384 2911; x_wconf 88' lang='lat' dir='ltr'><strong>etalii</strong></span> <span class='ocrx_word' id='word_1_166' title='bbox 397 2853 502 2910; x_wconf 77' lang='lat' dir='ltr'><strong>Timaei</strong></span> <span class='ocrx_word' id='word_1_167' title='bbox 515 2853 551 2911; x_wconf 90' lang='lat' dir='ltr'><strong>de</strong></span> <span class='ocrx_word' id='word_1_168' title='bbox 565 2852 673 2931; x_wconf 91' lang='lat' dir='ltr'><strong>quihus</strong></span> <span class='ocrx_word' id='word_1_169' title='bbox 685 2854 754 2912; x_wconf 85' lang='lat' dir='ltr'><strong>vide</strong></span> <span class='ocrx_word' id='word_1_170' title='bbox 765 2855 879 2918; x_wconf 69' lang='lat' dir='ltr'><strong>llahric.</strong></span> 
     </span>
    </p>
   </div>
   <div class='ocr_carea' id='block_1_5' title="bbox 27 2990 885 5311">
    <p class='ocr_par' dir='ltr' id='par_1_7' title="bbox 27 2990 885 5311">
     <span class='ocr_line' id='line_1_29' title="bbox 135 2990 884 3056; baseline 0.008 -18"><span class='ocrx_word' id='word_1_171' title='bbox 135 2992 202 3052; x_wconf 77' lang='lat' dir='ltr'><strong>(tii)</strong></span> <span class='ocrx_word' id='word_1_172' title='bbox 221 2990 360 3039; x_wconf 76' lang='lat' dir='ltr'><strong>Aristoteles</strong></span> <span class='ocrx_word' id='word_1_173' title='bbox 371 2990 400 3040; x_wconf 92' lang='lat' dir='ltr'><strong>de</strong></span> <span class='ocrx_word' id='word_1_174' title='bbox 410 2990 490 3039; x_wconf 86' lang='lat' dir='ltr'><strong>anima</strong></span> <span class='ocrx_word' id='word_1_175' title='bbox 502 2990 545 3042; x_wconf 89' lang='lat' dir='ltr'><strong>lib.</strong></span> <span class='ocrx_word' id='word_1_176' title='bbox 558 2993 567 3040; x_wconf 90' lang='lat' dir='ltr'><strong>i</strong></span> <span class='ocrx_word' id='word_1_177' title='bbox 578 3005 631 3054; x_wconf 89' lang='lat' dir='ltr'><strong>cap.</strong></span> <span class='ocrx_word' id='word_1_178' title='bbox 643 2997 657 3042; x_wconf 82' lang='grc'><strong>3</strong></span> <span class='ocrx_word' id='word_1_179' title='bbox 668 3006 722 3056; x_wconf 71' lang='lat' dir='ltr'><strong>pag.</strong></span> <span class='ocrx_word' id='word_1_180' title='bbox 737 2997 791 3044; x_wconf 78' lang='lat' dir='ltr'><strong>litu.</strong></span> <span class='ocrx_word' id='word_1_181' title='bbox 807 2999 835 3045; x_wconf 85' lang='lat' dir='ltr'><strong>B.-</strong></span> <span class='ocrx_word' id='word_1_182' title='bbox 845 2997 884 3045; x_wconf 90' lang='lat' dir='ltr'><strong>ed.</strong></span> 
     </span>
     <span class='ocr_line' id='line_1_30' title="bbox 104 3061 884 3128; baseline 0.004 -16"><span class='ocrx_word' id='word_1_183' title='bbox 104 3062 209 3112; x_wconf 75' lang='lat' dir='ltr'><strong>uenter.</strong></span> <span class='ocrx_word' id='word_1_184' title='bbox 221 3062 260 3110; x_wconf 85' lang='grc' dir='ltr'><strong>τὸν</strong></span> <span class='ocrx_word' id='word_1_185' title='bbox 273 3061 342 3109; x_wconf 80' lang='grc' dir='ltr'><strong>αὐτὸν</strong></span> <span class='ocrx_word' id='word_1_186' title='bbox 360 3061 383 3108; x_wconf 81' lang='grc' dir='ltr'><strong>δὲ</strong></span> <span class='ocrx_word' id='word_1_187' title='bbox 396 3061 533 3125; x_wconf 82' lang='grc' dir='ltr'><strong>τρόπονκαὶ</strong></span> <span class='ocrx_word' id='word_1_188' title='bbox 549 3063 562 3110; x_wconf 82' lang='grc' dir='ltr'><strong>δ</strong></span> <span class='ocrx_word' id='word_1_189' title='bbox 578 3063 677 3126; x_wconf 90' lang='grc' dir='ltr'><strong>Τίμαιος</strong></span> <span class='ocrx_word' id='word_1_190' title='bbox 693 3067 828 3128; x_wconf 78' lang='grc' dir='ltr'>φυσιολογεῖ</span> <span class='ocrx_word' id='word_1_191' title='bbox 842 3069 884 3125; x_wconf 75' lang='grc' dir='ltr'><strong>τῆν</strong></span> 
     </span>
     <span class='ocr_line' id='line_1_31' title="bbox 100 3131 885 3202; baseline 0.013 -25"><span class='ocrx_word' id='word_1_192' title='bbox 100 3134 183 3196; x_wconf 82' lang='grc' dir='ltr'><strong>ψυχῆν</strong></span> <span class='ocrx_word' id='word_1_193' title='bbox 196 3135 268 3180; x_wconf 78' lang='grc' dir='ltr'><strong>κινεῖν</strong></span> <span class='ocrx_word' id='word_1_194' title='bbox 279 3131 306 3179; x_wconf 83' lang='grc' dir='ltr'><strong>τὸ</strong></span> <span class='ocrx_word' id='word_1_195' title='bbox 321 3134 402 3191; x_wconf 83' lang='grc' dir='ltr'><strong>σῶμα·</strong></span> <span class='ocrx_word' id='word_1_196' title='bbox 414 3135 449 3192; x_wconf 86' lang='grc' dir='ltr'><strong>τῷ</strong></span> <span class='ocrx_word' id='word_1_197' title='bbox 463 3131 506 3193; x_wconf 82' lang='grc' dir='ltr'><strong>γὰρ</strong></span> <span class='ocrx_word' id='word_1_198' title='bbox 516 3134 629 3181; x_wconf 86' lang='grc' dir='ltr'><strong>κινεῖσθαι</strong></span> <span class='ocrx_word' id='word_1_199' title='bbox 640 3134 712 3192; x_wconf 78' lang='grc' dir='ltr'><strong>αὐτὴν</strong></span> <span class='ocrx_word' id='word_1_200' title='bbox 724 3137 800 3186; x_wconf 87' lang='grc' dir='ltr'><strong>καὶτὸ</strong></span> <span class='ocrx_word' id='word_1_201' title='bbox 812 3141 885 3202; x_wconf 86' lang='grc' dir='ltr'><strong>σῶμα</strong></span> 
     </span>
     <span class='ocr_line' id='line_1_32' title="bbox 98 3202 885 3270; baseline 0.008 -18"><span class='ocrx_word' id='word_1_202' title='bbox 98 3208 173 3252; x_wconf 80' lang='grc' dir='ltr'>κινεῖν</span> <span class='ocrx_word' id='word_1_203' title='bbox 185 3203 262 3252; x_wconf 84' lang='grc' dir='ltr'><strong>διὰτὸ</strong></span> <span class='ocrx_word' id='word_1_204' title='bbox 274 3202 448 3264; x_wconf 75' lang='grc' dir='ltr'>συμπεπλέχθαι</span> <span class='ocrx_word' id='word_1_205' title='bbox 463 3203 519 3264; x_wconf 86' lang='grc' dir='ltr'><strong>πρός</strong></span> <span class='ocrx_word' id='word_1_206' title='bbox 531 3202 597 3251; x_wconf 84' lang='grc' dir='ltr'><strong>αῦτό.</strong></span> <span class='ocrx_word' id='word_1_207' title='bbox 611 3206 781 3264; x_wconf 82' lang='grc' dir='ltr'><strong>Συνεστηκνῑαν</strong></span> <span class='ocrx_word' id='word_1_208' title='bbox 802 3210 846 3270; x_wconf 87' lang='grc' dir='ltr'><strong>γίιρ</strong></span> <span class='ocrx_word' id='word_1_209' title='bbox 858 3210 885 3258; x_wconf 84' lang='grc' dir='ltr'><strong>ἐκ</strong></span> 
     </span>
     <span class='ocr_line' id='line_1_33' title="bbox 98 3273 883 3344; baseline 0.006 -21"><span class='ocrx_word' id='word_1_210' title='bbox 98 3279 147 3323; x_wconf 84' lang='grc' dir='ltr'><strong>τῶν</strong></span> <span class='ocrx_word' id='word_1_211' title='bbox 158 3273 282 3336; x_wconf 80' lang='grc' dir='ltr'><strong>στοιχείων</strong></span> <span class='ocrx_word' id='word_1_212' title='bbox 298 3273 338 3320; x_wconf 88' lang='grc' dir='ltr'><strong>καί</strong></span> <span class='ocrx_word' id='word_1_213' title='bbox 353 3273 520 3335; x_wconf 69' lang='grc' dir='ltr'><strong>μεμερισμένην</strong></span> <span class='ocrx_word' id='word_1_214' title='bbox 531 3274 592 3321; x_wconf 82' lang='grc' dir='ltr'><strong>κατὰ</strong></span> <span class='ocrx_word' id='word_1_215' title='bbox 609 3275 661 3330; x_wconf 80' lang='grc' dir='ltr'><strong>τοῦς</strong></span> <span class='ocrx_word' id='word_1_216' title='bbox 676 3276 814 3338; x_wconf 74' lang='grc' dir='ltr'><strong>ἁρμονικοὺς</strong></span> <span class='ocrx_word' id='word_1_217' title='bbox 832 3280 883 3344; x_wconf 80' lang='grc' dir='ltr'><strong>ἀρι-</strong></span> 
     </span>
     <span class='ocr_line' id='line_1_34' title="bbox 98 3341 884 3411; baseline 0.006 -18"><span class='ocrx_word' id='word_1_218' title='bbox 98 3343 250 3406; x_wconf 76' lang='grc' dir='ltr'><strong>θμούς,ὅιιως</strong></span> <span class='ocrx_word' id='word_1_219' title='bbox 255 3341 392 3401; x_wconf 85' lang='grc' dir='ltr'><strong>αίσθησίντε</strong></span> <span class='ocrx_word' id='word_1_220' title='bbox 398 3342 517 3406; x_wconf 85' lang='grc' dir='ltr'><strong>σύμρυτον</strong></span> <span class='ocrx_word' id='word_1_221' title='bbox 522 3343 631 3406; x_wconf 76' lang='grc' dir='ltr'><strong>ἁρμονίας</strong></span> <span class='ocrx_word' id='word_1_222' title='bbox 637 3345 680 3408; x_wconf 78' lang='grc' dir='ltr'><strong>ἔχη</strong></span> <span class='ocrx_word' id='word_1_223' title='bbox 688 3349 728 3394; x_wconf 87' lang='grc' dir='ltr'><strong>καί</strong></span> <span class='ocrx_word' id='word_1_224' title='bbox 736 3351 782 3395; x_wconf 82' lang='grc' dir='ltr'><strong>πᾶν</strong></span> <span class='ocrx_word' id='word_1_225' title='bbox 790 3349 884 3411; x_wconf 82' lang='grc' dir='ltr'><strong>φέρηται</strong></span> 
     </span>
     <span class='ocr_line' id='line_1_35' title="bbox 98 3413 884 3480; baseline 0.008 -18"><span class='ocrx_word' id='word_1_226' title='bbox 98 3414 237 3476; x_wconf 73' lang='grc' dir='ltr'><strong>συμφώνως</strong></span> <span class='ocrx_word' id='word_1_227' title='bbox 249 3413 335 3475; x_wconf 77' lang='grc' dir='ltr'><strong>φοράς,</strong></span> <span class='ocrx_word' id='word_1_228' title='bbox 347 3415 389 3470; x_wconf 83' lang='grc' dir='ltr'><strong>τήν</strong></span> <span class='ocrx_word' id='word_1_229' title='bbox 399 3413 525 3478; x_wconf 79' lang='grc' dir='ltr'><strong>εὐθυωρίαν</strong></span> <span class='ocrx_word' id='word_1_230' title='bbox 535 3416 566 3470; x_wconf 86' lang='grc' dir='ltr'><strong>είς</strong></span> <span class='ocrx_word' id='word_1_231' title='bbox 577 3414 662 3462; x_wconf 86' lang='grc' dir='ltr'><strong>κύκλον</strong></span> <span class='ocrx_word' id='word_1_232' title='bbox 674 3417 832 3480; x_wconf 80' lang='grc' dir='ltr'><strong>κατέκαμψεν·</strong></span> <span class='ocrx_word' id='word_1_233' title='bbox 843 3421 884 3468; x_wconf 85' lang='grc' dir='ltr'><strong>καὶ</strong></span> 
     </span>
     <span class='ocr_line' id='line_1_36' title="bbox 99 3483 884 3548; baseline 0.006 -16"><span class='ocrx_word' id='word_1_234' title='bbox 99 3485 181 3532; x_wconf 80' lang='grc' dir='ltr'><strong>διελὼν</strong></span> <span class='ocrx_word' id='word_1_235' title='bbox 195 3484 223 3532; x_wconf 85' lang='grc' dir='ltr'><strong>έκ</strong></span> <span class='ocrx_word' id='word_1_236' title='bbox 235 3489 277 3531; x_wconf 89' lang='grc' dir='ltr'><strong>τοῦ</strong></span> <span class='ocrx_word' id='word_1_237' title='bbox 290 3483 341 3538; x_wconf 64' lang='lat' dir='ltr'><strong>evae</strong></span> <span class='ocrx_word' id='word_1_238' title='bbox 352 3483 394 3532; x_wconf 81' lang='grc' dir='ltr'><strong>δύο</strong></span> <span class='ocrx_word' id='word_1_239' title='bbox 407 3484 506 3540; x_wconf 88' lang='grc' dir='ltr'><strong>κύκλους</strong></span> <span class='ocrx_word' id='word_1_240' title='bbox 522 3485 624 3547; x_wconf 76' lang='grc' dir='ltr'><strong>διαταγῇ</strong></span> <span class='ocrx_word' id='word_1_241' title='bbox 639 3488 798 3548; x_wconf 73' lang='grc' dir='ltr'><strong>συνημμένους</strong></span> <span class='ocrx_word' id='word_1_242' title='bbox 814 3489 884 3538; x_wconf 83' lang='grc' dir='ltr'><strong>πάλιν</strong></span> 
     </span>
     <span class='ocr_line' id='line_1_37' title="bbox 99 3553 884 3622; baseline 0.006 -19"><span class='ocrx_word' id='word_1_243' title='bbox 99 3555 140 3604; x_wconf 85' lang='grc' dir='ltr'><strong>τὸν</strong></span> <span class='ocrx_word' id='word_1_244' title='bbox 157 3555 197 3602; x_wconf 71' lang='grc' dir='ltr'><strong>ἕνα</strong></span> <span class='ocrx_word' id='word_1_245' title='bbox 212 3553 294 3602; x_wconf 78' lang='grc' dir='ltr'><strong>διεῖλεν</strong></span> <span class='ocrx_word' id='word_1_246' title='bbox 307 3553 339 3608; x_wconf 89' lang='grc' dir='ltr'><strong>είς</strong></span> <span class='ocrx_word' id='word_1_247' title='bbox 349 3553 408 3602; x_wconf 71' lang='lat' dir='ltr'><strong>eret</strong></span> <span class='ocrx_word' id='word_1_248' title='bbox 418 3553 531 3614; x_wconf 77' lang='grc' dir='ltr'><strong>κύκλους,</strong></span> <span class='ocrx_word' id='word_1_249' title='bbox 543 3558 574 3611; x_wconf 85' lang='grc' dir='ltr'><strong>ὡς</strong></span> <span class='ocrx_word' id='word_1_250' title='bbox 592 3555 663 3612; x_wconf 80' lang='grc' dir='ltr'><strong>οὔσας</strong></span> <span class='ocrx_word' id='word_1_251' title='bbox 681 3557 722 3611; x_wconf 82' lang='grc' dir='ltr'><strong>τὰς</strong></span> <span class='ocrx_word' id='word_1_252' title='bbox 734 3561 775 3606; x_wconf 90' lang='grc' dir='ltr'><strong>τοῦ</strong></span> <span class='ocrx_word' id='word_1_253' title='bbox 786 3556 884 3622; x_wconf 78' lang='grc' dir='ltr'><strong>οὐρανοῦ</strong></span> 
     </span>
     <span class='ocr_line' id='line_1_38' title="bbox 98 3623 883 3688; baseline 0.01 -18"><span class='ocrx_word' id='word_1_254' title='bbox 98 3623 174 3686; x_wconf 82' lang='grc' dir='ltr'><strong>φορὰς</strong></span> <span class='ocrx_word' id='word_1_255' title='bbox 186 3623 228 3677; x_wconf 77' lang='grc' dir='ltr'><strong>τὰς</strong></span> <span class='ocrx_word' id='word_1_256' title='bbox 239 3629 279 3682; x_wconf 81' lang='grc' dir='ltr'><strong>τῆς</strong></span> <span class='ocrx_word' id='word_1_257' title='bbox 290 3625 366 3686; x_wconf 80' lang='grc' dir='ltr'><strong>ψυχῆς</strong></span> <span class='ocrx_word' id='word_1_258' title='bbox 381 3623 490 3681; x_wconf 79' lang='grc' dir='ltr'><strong>κινήσεις.</strong></span> <span class='ocrx_word' id='word_1_259' title='bbox 501 3648 533 3660; x_wconf 88' lang='grc'><strong>-</strong></span> <span class='ocrx_word' id='word_1_260' title='bbox 544 3624 609 3688; x_wconf 73' lang='grc'><strong>(175)</strong></span> <span class='ocrx_word' id='word_1_261' title='bbox 622 3626 762 3676; x_wconf 78' lang='lat' dir='ltr'><strong>Aristotcles</strong></span> <span class='ocrx_word' id='word_1_262' title='bbox 772 3627 803 3676; x_wconf 84' lang='lat' dir='ltr'><strong>de</strong></span> <span class='ocrx_word' id='word_1_263' title='bbox 812 3642 883 3680; x_wconf 84' lang='lat' dir='ltr'><strong>sensu</strong></span> 
     </span>
     <span class='ocr_line' id='line_1_39' title="bbox 99 3691 883 3755; baseline 0.006 -12"><span class='ocrx_word' id='word_1_264' title='bbox 99 3697 125 3743; x_wconf 89' lang='lat' dir='ltr'><strong>et</strong></span> <span class='ocrx_word' id='word_1_265' title='bbox 137 3691 289 3742; x_wconf 81' lang='lat' dir='ltr'><strong>sensibilibus</strong></span> <span class='ocrx_word' id='word_1_266' title='bbox 304 3699 384 3754; x_wconf 73' lang='lat' dir='ltr'><strong>cana</strong></span> <span class='ocrx_word' id='word_1_267' title='bbox 404 3705 457 3755; x_wconf 77' lang='lat' dir='ltr'><strong>pag.</strong></span> <span class='ocrx_word' id='word_1_268' title='bbox 472 3697 526 3743; x_wconf 73' lang='lat'><strong>11³7.</strong></span> <span class='ocrx_word' id='word_1_269' title='bbox 543 3695 569 3743; x_wconf 84' lang='grc' dir='ltr'><strong>Β.</strong></span> <span class='ocrx_word' id='word_1_270' title='bbox 585 3695 623 3744; x_wconf 87' lang='lat' dir='ltr'><strong>ed.</strong></span> <span class='ocrx_word' id='word_1_271' title='bbox 642 3694 741 3745; x_wconf 84' lang='lat' dir='ltr'><strong>Beller.</strong></span> <span class='ocrx_word' id='word_1_272' title='bbox 757 3697 850 3755; x_wconf 82' lang='grc' dir='ltr'><strong>ἐκείνως</strong></span> <span class='ocrx_word' id='word_1_273' title='bbox 863 3699 883 3748; x_wconf 83' lang='grc' dir='ltr'><strong>δ’</strong></span> 
     </span>
     <span class='ocr_line' id='line_1_40' title="bbox 97 3768 882 3836; baseline 0.009 -18"><span class='ocrx_word' id='word_1_274' title='bbox 97 3771 169 3826; x_wconf 78' lang='grc' dir='ltr'><strong>αὐτὸς</strong></span> <span class='ocrx_word' id='word_1_275' title='bbox 179 3770 248 3819; x_wconf 82' lang='grc' dir='ltr'><strong>αὑτὸν</strong></span> <span class='ocrx_word' id='word_1_276' title='bbox 258 3768 455 3833; x_wconf 75' lang='grc' dir='ltr'><strong>θρᾷὸδρθαλμές,</strong></span> <span class='ocrx_word' id='word_1_277' title='bbox 464 3771 545 3834; x_wconf 79' lang='grc' dir='ltr'><strong>ὥσπερ</strong></span> <span class='ocrx_word' id='word_1_278' title='bbox 556 3773 595 3820; x_wconf 87' lang='grc' dir='ltr'><strong>καὶ</strong></span> <span class='ocrx_word' id='word_1_279' title='bbox 605 3773 629 3820; x_wconf 81' lang='grc' dir='ltr'><strong>ἐν</strong></span> <span class='ocrx_word' id='word_1_280' title='bbox 639 3771 668 3834; x_wconf 73' lang='grc' dir='ltr'><strong>πῆ</strong></span> <span class='ocrx_word' id='word_1_281' title='bbox 681 3773 805 3823; x_wconf 78' lang='grc' dir='ltr'><strong>ἀνακλάσει</strong></span> <span class='ocrx_word' id='word_1_282' title='bbox 814 3811 822 3836; x_wconf 87' lang='grc'><strong>,</strong></span> <span class='ocrx_word' id='word_1_283' title='bbox 831 3775 882 3825; x_wconf 87' lang='grc' dir='ltr'><strong>έπεί</strong></span> 
     </span>
     <span class='ocr_line' id='line_1_41' title="bbox 99 3839 881 3907; baseline 0.009 -20"><span class='ocrx_word' id='word_1_284' title='bbox 99 3839 120 3887; x_wconf 80' lang='grc' dir='ltr'><strong>εί</strong></span> <span class='ocrx_word' id='word_1_285' title='bbox 130 3855 158 3900; x_wconf 84' lang='grc' dir='ltr'><strong>γε</strong></span> <span class='ocrx_word' id='word_1_286' title='bbox 167 3845 212 3899; x_wconf 93' lang='grc' dir='ltr'><strong>πῦρ</strong></span> <span class='ocrx_word' id='word_1_287' title='bbox 222 3839 261 3900; x_wconf 83' lang='grc' dir='ltr'><strong>ἦν,</strong></span> <span class='ocrx_word' id='word_1_288' title='bbox 269 3839 373 3902; x_wconf 80' lang='grc' dir='ltr'><strong>καθάπερ</strong></span> <span class='ocrx_word' id='word_1_289' title='bbox 382 3841 539 3900; x_wconf 78' lang='grc' dir='ltr'><strong>Ἐμπεδοκλῆς</strong></span> <span class='ocrx_word' id='word_1_290' title='bbox 547 3858 603 3902; x_wconf 79' lang='grc' dir='ltr'><strong>φησι</strong></span> <span class='ocrx_word' id='word_1_291' title='bbox 613 3843 653 3890; x_wconf 82' lang='grc' dir='ltr'><strong>καί</strong></span> <span class='ocrx_word' id='word_1_292' title='bbox 663 3845 686 3890; x_wconf 82' lang='grc' dir='ltr'><strong>ἐν</strong></span> <span class='ocrx_word' id='word_1_293' title='bbox 693 3847 728 3905; x_wconf 84' lang='grc' dir='ltr'><strong>τῷ</strong></span> <span class='ocrx_word' id='word_1_294' title='bbox 739 3845 833 3907; x_wconf 85' lang='grc' dir='ltr'><strong>Τιμαίῳ</strong></span> <span class='ocrx_word' id='word_1_295' title='bbox 842 3848 881 3907; x_wconf 87' lang='grc' dir='ltr'><strong>γε’·</strong></span> 
     </span>
     <span class='ocr_line' id='line_1_42' title="bbox 98 3911 884 3978; baseline 0.009 -21"><span class='ocrx_word' id='word_1_296' title='bbox 98 3926 218 3974; x_wconf 89' lang='grc' dir='ltr'><strong>γραπται,</strong></span> <span class='ocrx_word' id='word_1_297' title='bbox 228 3911 269 3958; x_wconf 86' lang='grc' dir='ltr'><strong>καί</strong></span> <span class='ocrx_word' id='word_1_298' title='bbox 281 3911 402 3960; x_wconf 83' lang='grc' dir='ltr'><strong>συνέδαινε</strong></span> <span class='ocrx_word' id='word_1_299' title='bbox 412 3911 439 3960; x_wconf 84' lang='grc' dir='ltr'><strong>τὸ</strong></span> <span class='ocrx_word' id='word_1_300' title='bbox 449 3912 504 3974; x_wconf 79' lang='grc' dir='ltr'><strong>θρᾷν</strong></span> <span class='ocrx_word' id='word_1_301' title='bbox 516 3911 614 3968; x_wconf 83' lang='grc' dir='ltr'><strong>έίιόντος</strong></span> <span class='ocrx_word' id='word_1_302' title='bbox 624 3914 704 3978; x_wconf 81' lang='grc' dir='ltr'><strong>ὥσπερ</strong></span> <span class='ocrx_word' id='word_1_303' title='bbox 715 3913 742 3962; x_wconf 92' lang='grc' dir='ltr'><strong>έκ</strong></span> <span class='ocrx_word' id='word_1_304' title='bbox 751 3916 884 3978; x_wconf 86' lang='grc' dir='ltr'><strong>λαμπτῆρος</strong></span> 
     </span>
     <span class='ocr_line' id='line_1_43' title="bbox 97 3980 884 4047; baseline 0.01 -19"><span class='ocrx_word' id='word_1_305' title='bbox 97 3985 142 4029; x_wconf 89' lang='grc' dir='ltr'><strong>τοῦ</strong></span> <span class='ocrx_word' id='word_1_306' title='bbox 150 3980 239 4042; x_wconf 66' lang='lat' dir='ltr'><strong>ponor,</strong></span> <span class='ocrx_word' id='word_1_307' title='bbox 249 3981 287 4029; x_wconf 78' lang='grc' dir='ltr'><strong>διὰ</strong></span> <span class='ocrx_word' id='word_1_308' title='bbox 297 3981 319 4029; x_wconf 89' lang='grc' dir='ltr'><strong>τί</strong></span> <span class='ocrx_word' id='word_1_309' title='bbox 331 3981 359 4030; x_wconf 83' lang='grc' dir='ltr'><strong>οὐ</strong></span> <span class='ocrx_word' id='word_1_310' title='bbox 369 3982 409 4030; x_wconf 86' lang='grc' dir='ltr'><strong>καί</strong></span> <span class='ocrx_word' id='word_1_311' title='bbox 419 3981 443 4029; x_wconf 85' lang='grc' dir='ltr'><strong>έν</strong></span> <span class='ocrx_word' id='word_1_312' title='bbox 455 3986 490 4044; x_wconf 85' lang='grc' dir='ltr'><strong>τῷ</strong></span> <span class='ocrx_word' id='word_1_313' title='bbox 499 3983 579 4031; x_wconf 85' lang='grc' dir='ltr'><strong>σκότει</strong></span> <span class='ocrx_word' id='word_1_314' title='bbox 589 3984 654 4047; x_wconf 82' lang='grc' dir='ltr'><strong>ἑώρα</strong></span> <span class='ocrx_word' id='word_1_315' title='bbox 669 3985 697 4032; x_wconf 84' lang='lat' dir='ltr'><strong>du</strong></span> <span class='ocrx_word' id='word_1_316' title='bbox 715 3987 729 4042; x_wconf 83' lang='grc' dir='ltr'><strong>ῆ</strong></span> <span class='ocrx_word' id='word_1_317' title='bbox 743 3985 809 4047; x_wconf 76' lang='grc' dir='ltr'><strong>δψιςς</strong></span> <span class='ocrx_word' id='word_1_318' title='bbox 819 3987 846 4034; x_wconf 86' lang='grc' dir='ltr'><strong>τὸ</strong></span> <span class='ocrx_word' id='word_1_319' title='bbox 862 3986 884 4036; x_wconf 89' lang='grc' dir='ltr'><strong>δ’</strong></span> 
     </span>
     <span class='ocr_line' id='line_1_44' title="bbox 98 4051 884 4118; baseline 0.008 -20"><span class='ocrx_word' id='word_1_320' title='bbox 98 4051 287 4101; x_wconf 77' lang='grc' dir='ltr'><strong>ἀποαδέννυσθαι</strong></span> <span class='ocrx_word' id='word_1_321' title='bbox 299 4051 369 4113; x_wconf 73' lang='grc' dir='ltr'><strong>φάναι</strong></span> <span class='ocrx_word' id='word_1_322' title='bbox 381 4051 405 4099; x_wconf 82' lang='grc' dir='ltr'><strong>ἐν</strong></span> <span class='ocrx_word' id='word_1_323' title='bbox 417 4055 450 4113; x_wconf 81' lang='grc' dir='ltr'><strong>τῷ</strong></span> <span class='ocrx_word' id='word_1_324' title='bbox 462 4051 541 4100; x_wconf 83' lang='grc' dir='ltr'><strong>σκότει</strong></span> <span class='ocrx_word' id='word_1_325' title='bbox 551 4053 666 4112; x_wconf 78' lang='grc' dir='ltr'><strong>ἐξιοῦσαν,</strong></span> <span class='ocrx_word' id='word_1_326' title='bbox 676 4055 755 4118; x_wconf 83' lang='grc' dir='ltr'><strong>ὥσπερ</strong></span> <span class='ocrx_word' id='word_1_327' title='bbox 764 4057 777 4102; x_wconf 90' lang='grc' dir='ltr'><strong>δ</strong></span> <span class='ocrx_word' id='word_1_328' title='bbox 785 4055 884 4118; x_wconf 82' lang='grc' dir='ltr'><strong>Τίμαιος</strong></span> 
     </span>
     <span class='ocr_line' id='line_1_45' title="bbox 99 4121 883 4187; baseline 0.006 -20"><span class='ocrx_word' id='word_1_329' title='bbox 99 4121 175 4180; x_wconf 80' lang='grc' dir='ltr'><strong>λέγει,</strong></span> <span class='ocrx_word' id='word_1_330' title='bbox 190 4121 259 4170; x_wconf 87' lang='grc' dir='ltr'><strong>κενόν</strong></span> <span class='ocrx_word' id='word_1_331' title='bbox 270 4123 320 4169; x_wconf 80' lang='grc' dir='ltr'><strong>ἐστι</strong></span> <span class='ocrx_word' id='word_1_332' title='bbox 331 4123 462 4178; x_wconf 85' lang='grc' dir='ltr'><strong>παντελῶς·</strong></span> <span class='ocrx_word' id='word_1_333' title='bbox 474 4122 508 4178; x_wconf 84' lang='grc' dir='ltr'><strong>τίς</strong></span> <span class='ocrx_word' id='word_1_334' title='bbox 524 4122 569 4186; x_wconf 85' lang='grc' dir='ltr'><strong>γὰρ</strong></span> <span class='ocrx_word' id='word_1_335' title='bbox 581 4124 708 4180; x_wconf 67' lang='lat' dir='ltr'><strong>dedederit</strong></span> <span class='ocrx_word' id='word_1_336' title='bbox 719 4125 794 4186; x_wconf 79' lang='grc' dir='ltr'><strong>φωτός</strong></span> <span class='ocrx_word' id='word_1_337' title='bbox 806 4126 883 4187; x_wconf 85' lang='grc' dir='ltr'><strong>έστιν;</strong></span> 
     </span>
     <span class='ocr_line' id='line_1_46' title="bbox 97 4191 881 4258; baseline 0.009 -19"><span class='ocrx_word' id='word_1_338' title='bbox 97 4191 220 4240; x_wconf 64' lang='lat' dir='ltr'><strong>catomo</strong></span> <span class='ocrx_word' id='word_1_339' title='bbox 227 4191 271 4254; x_wconf 79' lang='grc' dir='ltr'><strong>γὰρ</strong></span> <span class='ocrx_word' id='word_1_340' title='bbox 283 4193 371 4254; x_wconf 82' lang='grc' dir='ltr'><strong>ῆθγρῷ</strong></span> <span class='ocrx_word' id='word_1_341' title='bbox 380 4194 395 4250; x_wconf 88' lang='grc' dir='ltr'><strong>ῆ</strong></span> <span class='ocrx_word' id='word_1_342' title='bbox 405 4193 520 4256; x_wconf 81' lang='grc' dir='ltr'><strong>ψυχρῷτδ</strong></span> <span class='ocrx_word' id='word_1_343' title='bbox 530 4195 612 4256; x_wconf 76' lang='grc' dir='ltr'><strong>θερμὸν</strong></span> <span class='ocrx_word' id='word_1_344' title='bbox 619 4197 659 4243; x_wconf 84' lang='grc' dir='ltr'><strong>καὶ</strong></span> <span class='ocrx_word' id='word_1_345' title='bbox 667 4194 744 4258; x_wconf 70' lang='grc' dir='ltr'><strong>ξηρόν,</strong></span> <span class='ocrx_word' id='word_1_346' title='bbox 755 4196 804 4244; x_wconf 88' lang='grc' dir='ltr'><strong>οίον</strong></span> <span class='ocrx_word' id='word_1_347' title='bbox 813 4197 881 4246; x_wconf 87' lang='grc' dir='ltr'><strong>δοκεῖ</strong></span> 
     </span>
     <span class='ocr_line' id='line_1_47' title="bbox 97 4261 880 4328; baseline 0.009 -20"><span class='ocrx_word' id='word_1_348' title='bbox 97 4261 126 4309; x_wconf 88' lang='grc' dir='ltr'><strong>τό</strong></span> <span class='ocrx_word' id='word_1_349' title='bbox 139 4261 161 4309; x_wconf 87' lang='grc' dir='ltr'><strong>τ’</strong></span> <span class='ocrx_word' id='word_1_350' title='bbox 167 4262 191 4308; x_wconf 86' lang='grc' dir='ltr'><strong>έν</strong></span> <span class='ocrx_word' id='word_1_351' title='bbox 201 4267 249 4316; x_wconf 88' lang='grc' dir='ltr'><strong>τοῖς</strong></span> <span class='ocrx_word' id='word_1_352' title='bbox 264 4262 435 4324; x_wconf 81' lang='grc' dir='ltr'><strong>ἀνθρακώδεαιν</strong></span> <span class='ocrx_word' id='word_1_353' title='bbox 445 4263 505 4312; x_wconf 80' lang='grc' dir='ltr'><strong>εἶναι</strong></span> <span class='ocrx_word' id='word_1_354' title='bbox 517 4261 563 4327; x_wconf 78' lang='grc' dir='ltr'><strong>π’ῦρ</strong></span> <span class='ocrx_word' id='word_1_355' title='bbox 573 4265 637 4322; x_wconf 84' lang='grc' dir='ltr'><strong>καλῆ</strong></span> <span class='ocrx_word' id='word_1_356' title='bbox 649 4266 716 4325; x_wconf 69' lang='lat' dir='ltr'><strong>plui,</strong></span> <span class='ocrx_word' id='word_1_357' title='bbox 729 4266 762 4314; x_wconf 79' lang='grc' dir='ltr'><strong>ὧν</strong></span> <span class='ocrx_word' id='word_1_358' title='bbox 773 4270 808 4328; x_wconf 88' lang='grc' dir='ltr'><strong>τῷ</strong></span> <span class='ocrx_word' id='word_1_359' title='bbox 822 4269 880 4328; x_wconf 87' lang='grc' dir='ltr'><strong>ρωτλ</strong></span> 
     </span>
     <span class='ocr_line' id='line_1_48' title="bbox 98 4332 883 4399; baseline 0.009 -19"><span class='ocrx_word' id='word_1_360' title='bbox 98 4332 219 4394; x_wconf 74' lang='grc' dir='ltr'><strong>σθδὲτερον</strong></span> <span class='ocrx_word' id='word_1_361' title='bbox 230 4333 454 4396; x_wconf 83' lang='grc' dir='ltr'><strong>ραίνεταιθπάρχον.</strong></span> <span class='ocrx_word' id='word_1_362' title='bbox 461 4335 489 4382; x_wconf 88' lang='lat' dir='ltr'><strong>El</strong></span> <span class='ocrx_word' id='word_1_363' title='bbox 496 4334 516 4382; x_wconf 82' lang='grc' dir='ltr'><strong>δ’</strong></span> <span class='ocrx_word' id='word_1_364' title='bbox 525 4335 571 4397; x_wconf 83' lang='grc' dir='ltr'><strong>δρα</strong></span> <span class='ocrx_word' id='word_1_365' title='bbox 582 4335 681 4399; x_wconf 84' lang='grc' dir='ltr'><strong>ὑπάρχει</strong></span> <span class='ocrx_word' id='word_1_366' title='bbox 691 4337 731 4398; x_wconf 77' lang='grc' dir='ltr'><strong>μέν</strong></span> <span class='ocrx_word' id='word_1_367' title='bbox 740 4336 799 4384; x_wconf 79' lang='grc' dir='ltr'><strong>ἀλλὰ</strong></span> <span class='ocrx_word' id='word_1_368' title='bbox 809 4337 883 4387; x_wconf 81' lang='grc' dir='ltr'><strong>διὰτὸ</strong></span> 
     </span>
     <span class='ocr_line' id='line_1_49' title="bbox 96 4401 883 4470; baseline 0.013 -23"><span class='ocrx_word' id='word_1_369' title='bbox 96 4403 174 4464; x_wconf 75' lang='grc' dir='ltr'><strong>ἠρέμα</strong></span> <span class='ocrx_word' id='word_1_370' title='bbox 183 4401 289 4450; x_wconf 79' lang='grc' dir='ltr'><strong>λανθάνει</strong></span> <span class='ocrx_word' id='word_1_371' title='bbox 300 4405 369 4464; x_wconf 80' lang='grc' dir='ltr'><strong>ῆμᾶς,</strong></span> <span class='ocrx_word' id='word_1_372' title='bbox 376 4403 420 4452; x_wconf 77' lang='grc' dir='ltr'><strong>ἔδει</strong></span> <span class='ocrx_word' id='word_1_373' title='bbox 434 4402 483 4467; x_wconf 84' lang='grc' dir='ltr'><strong>μεθ’</strong></span> <span class='ocrx_word' id='word_1_374' title='bbox 494 4405 582 4467; x_wconf 78' lang='grc' dir='ltr'><strong>ἡμέραν</strong></span> <span class='ocrx_word' id='word_1_375' title='bbox 591 4421 616 4454; x_wconf 87' lang='grc' dir='ltr'><strong>τι</strong></span> <span class='ocrx_word' id='word_1_376' title='bbox 624 4407 664 4454; x_wconf 88' lang='grc' dir='ltr'><strong>καί</strong></span> <span class='ocrx_word' id='word_1_377' title='bbox 676 4407 743 4470; x_wconf 83' lang='grc' dir='ltr'><strong>ἐντῷ</strong></span> <span class='ocrx_word' id='word_1_378' title='bbox 753 4407 883 4458; x_wconf 83' lang='grc' dir='ltr'><strong>ῦδατιέιιιο-</strong></span> 
     </span>
     <span class='ocr_line' id='line_1_50' title="bbox 96 4472 883 4539; baseline 0.009 -18"><span class='ocrx_word' id='word_1_379' title='bbox 96 4472 238 4521; x_wconf 68' lang='grc' dir='ltr'><strong>σῦέννυσθαι</strong></span> <span class='ocrx_word' id='word_1_380' title='bbox 249 4473 277 4521; x_wconf 88' lang='grc' dir='ltr'><strong>τδ</strong></span> <span class='ocrx_word' id='word_1_381' title='bbox 288 4477 351 4535; x_wconf 83' lang='grc' dir='ltr'><strong>φῶς,</strong></span> <span class='ocrx_word' id='word_1_382' title='bbox 363 4475 403 4522; x_wconf 87' lang='grc' dir='ltr'><strong>καί</strong></span> <span class='ocrx_word' id='word_1_383' title='bbox 416 4475 440 4524; x_wconf 86' lang='grc' dir='ltr'><strong>έν</strong></span> <span class='ocrx_word' id='word_1_384' title='bbox 451 4478 498 4531; x_wconf 85' lang='grc' dir='ltr'><strong>τοῖς</strong></span> <span class='ocrx_word' id='word_1_385' title='bbox 510 4474 594 4538; x_wconf 79' lang='grc' dir='ltr'><strong>πάγοις</strong></span> <span class='ocrx_word' id='word_1_386' title='bbox 603 4478 689 4538; x_wconf 78' lang='grc' dir='ltr'><strong>μᾶλλον</strong></span> <span class='ocrx_word' id='word_1_387' title='bbox 698 4477 815 4539; x_wconf 82' lang='grc' dir='ltr'><strong>γίγνεσθαι</strong></span> <span class='ocrx_word' id='word_1_388' title='bbox 828 4478 883 4528; x_wconf 83' lang='grc' dir='ltr'><strong>σκὸ·</strong></span> 
     </span>
     <span class='ocr_line' id='line_1_51' title="bbox 96 4545 881 4611; baseline 0.006 -19"><span class='ocrx_word' id='word_1_389' title='bbox 96 4558 148 4593; x_wconf 89' lang='grc' dir='ltr'><strong>τον·</strong></span> <span class='ocrx_word' id='word_1_390' title='bbox 161 4549 177 4602; x_wconf 89' lang='grc' dir='ltr'><strong>ῆ</strong></span> <span class='ocrx_word' id='word_1_391' title='bbox 190 4549 245 4604; x_wconf 84' lang='grc' dir='ltr'><strong>γοῦν</strong></span> <span class='ocrx_word' id='word_1_392' title='bbox 259 4545 313 4606; x_wconf 75' lang='grc' dir='ltr'><strong>φλὸξ</strong></span> <span class='ocrx_word' id='word_1_393' title='bbox 325 4546 365 4594; x_wconf 87' lang='grc' dir='ltr'><strong>καί</strong></span> <span class='ocrx_word' id='word_1_394' title='bbox 379 4545 409 4594; x_wconf 80' lang='grc' dir='ltr'><strong>τὰ</strong></span> <span class='ocrx_word' id='word_1_395' title='bbox 420 4547 576 4608; x_wconf 76' lang='grc' dir='ltr'><strong>πεπυρωμένα</strong></span> <span class='ocrx_word' id='word_1_396' title='bbox 588 4547 790 4611; x_wconf 64' lang='grc' dir='ltr'><strong>σώματα”πιίσχει</strong></span> <span class='ocrx_word' id='word_1_397' title='bbox 803 4553 881 4602; x_wconf 87' lang='grc' dir='ltr'><strong>τοῦτο·</strong></span> 
     </span>
     <span class='ocr_line' id='line_1_52' title="bbox 96 4614 881 4680; baseline 0.008 -18"><span class='ocrx_word' id='word_1_398' title='bbox 96 4617 139 4662; x_wconf 83' lang='grc' dir='ltr'><strong>νῦν</strong></span> <span class='ocrx_word' id='word_1_399' title='bbox 147 4614 167 4662; x_wconf 87' lang='grc' dir='ltr'><strong>δ’</strong></span> <span class='ocrx_word' id='word_1_400' title='bbox 175 4614 368 4676; x_wconf 81' lang='grc' dir='ltr'><strong>οὐδὲνσυμδαίνει</strong></span> <span class='ocrx_word' id='word_1_401' title='bbox 378 4622 491 4667; x_wconf 89' lang='grc' dir='ltr'><strong>τοιοῦτον.</strong></span> <span class='ocrx_word' id='word_1_402' title='bbox 501 4619 659 4680; x_wconf 77' lang='grc' dir='ltr'><strong>Ἐμπεδοκλῆς</strong></span> <span class='ocrx_word' id='word_1_403' title='bbox 667 4619 688 4668; x_wconf 86' lang='grc' dir='ltr'><strong>δ’</strong></span> <span class='ocrx_word' id='word_1_404' title='bbox 696 4619 758 4668; x_wconf 72' lang='lat' dir='ltr'><strong>lotas</strong></span> <span class='ocrx_word' id='word_1_405' title='bbox 767 4620 881 4680; x_wconf 77' lang='grc' dir='ltr'><strong>νομίζοντι</strong></span> 
     </span>
     <span class='ocr_line' id='line_1_53' title="bbox 97 4684 882 4753; baseline 0.008 -21"><span class='ocrx_word' id='word_1_406' title='bbox 97 4684 137 4732; x_wconf 73' lang='lat' dir='ltr'><strong>dri</strong></span> <span class='ocrx_word' id='word_1_407' title='bbox 151 4686 192 4747; x_wconf 86' lang='grc' dir='ltr'><strong>μίν</strong></span> <span class='ocrx_word' id='word_1_408' title='bbox 204 4685 301 4743; x_wconf 72' lang='grc' dir='ltr'><strong>ἐξιόντος</strong></span> <span class='ocrx_word' id='word_1_409' title='bbox 312 4690 355 4734; x_wconf 84' lang='grc' dir='ltr'><strong>τοῦ</strong></span> <span class='ocrx_word' id='word_1_410' title='bbox 367 4688 451 4748; x_wconf 83' lang='grc' dir='ltr'><strong>ρωτές,</strong></span> <span class='ocrx_word' id='word_1_411' title='bbox 463 4689 543 4751; x_wconf 82' lang='grc' dir='ltr'><strong>ὥσπερ</strong></span> <span class='ocrx_word' id='word_1_412' title='bbox 554 4688 642 4751; x_wconf 83' lang='grc' dir='ltr'><strong>ελρηται</strong></span> <span class='ocrx_word' id='word_1_413' title='bbox 652 4691 770 4753; x_wconf 82' lang='grc' dir='ltr'><strong>πρότερον,</strong></span> <span class='ocrx_word' id='word_1_414' title='bbox 780 4691 882 4753; x_wconf 80' lang='grc' dir='ltr'><strong>βλέπειν·</strong></span> 
     </span>
     <span class='ocr_line' id='line_1_54' title="bbox 27 4754 881 4822; baseline 0.009 -21"><span class='ocrx_word' id='word_1_415' title='bbox 27 4799 29 4809; x_wconf 60' lang='lat'><strong>,</strong></span> <span class='ocrx_word' id='word_1_416' title='bbox 97 4754 160 4814; x_wconf 80' lang='grc' dir='ltr'><strong>λέγει</strong></span> <span class='ocrx_word' id='word_1_417' title='bbox 170 4760 226 4815; x_wconf 86' lang='grc' dir='ltr'><strong>γοῦν</strong></span> <span class='ocrx_word' id='word_1_418' title='bbox 237 4756 320 4811; x_wconf 77' lang='grc' dir='ltr'><strong>οὕτως.</strong></span> <span class='ocrx_word' id='word_1_419' title='bbox 328 4756 372 4813; x_wconf 84' lang='grc' dir='ltr'><strong>Ὦς</strong></span> <span class='ocrx_word' id='word_1_420' title='bbox 382 4757 403 4806; x_wconf 83' lang='grc' dir='ltr'><strong>δ’</strong></span> <span class='ocrx_word' id='word_1_421' title='bbox 412 4758 490 4815; x_wconf 82' lang='grc' dir='ltr'><strong>ὃτατις</strong></span> <span class='ocrx_word' id='word_1_422' title='bbox 499 4757 598 4821; x_wconf 75' lang='grc' dir='ltr'><strong>πρόοδον</strong></span> <span class='ocrx_word' id='word_1_423' title='bbox 609 4761 658 4808; x_wconf 89' lang='grc' dir='ltr'><strong>κτλ.</strong></span> <span class='ocrx_word' id='word_1_424' title='bbox 671 4759 726 4808; x_wconf 83' lang='lat' dir='ltr'><strong>Vid.</strong></span> <span class='ocrx_word' id='word_1_425' title='bbox 740 4761 881 4822; x_wconf 83' lang='lat' dir='ltr'><strong>Empedocl.</strong></span> 
     </span>
     <span class='ocr_line' id='line_1_55' title="bbox 99 4823 881 4896; baseline 0.013 -25"><span class='ocrx_word' id='word_1_426' title='bbox 99 4823 186 4882; x_wconf 66' lang='lat' dir='ltr'><strong>traam.</strong></span> <span class='ocrx_word' id='word_1_427' title='bbox 197 4838 232 4874; x_wconf 83' lang='lat' dir='ltr'><strong>rs.</strong></span> <span class='ocrx_word' id='word_1_428' title='bbox 249 4829 362 4876; x_wconf 77' lang='lat' dir='ltr'><strong>alt-229.</strong></span> <span class='ocrx_word' id='word_1_429' title='bbox 376 4840 400 4888; x_wconf 88' lang='grc' dir='ltr'><strong>ρ.</strong></span> <span class='ocrx_word' id='word_1_430' title='bbox 416 4832 470 4877; x_wconf 80' lang='lat' dir='ltr'><strong>cet</strong></span> <span class='ocrx_word' id='word_1_431' title='bbox 483 4841 538 4890; x_wconf 82' lang='lat' dir='ltr'><strong>quae</strong></span> <span class='ocrx_word' id='word_1_432' title='bbox 552 4830 632 4878; x_wconf 84' lang='lat' dir='ltr'><strong>notavi</strong></span> <span class='ocrx_word' id='word_1_433' title='bbox 644 4844 668 4891; x_wconf 92' lang='grc' dir='ltr'><strong>ρ.</strong></span> <span class='ocrx_word' id='word_1_434' title='bbox 683 4833 766 4880; x_wconf 60' lang='lat' dir='ltr'><strong>lida.</strong></span> <span class='ocrx_word' id='word_1_435' title='bbox 776 4862 806 4873; x_wconf 92' lang='lat'>-</span> <span class='ocrx_word' id='word_1_436' title='bbox 816 4831 881 4896; x_wconf 76' lang='lat' dir='ltr'><strong>(tis)</strong></span> 
     </span>
     <span class='ocr_line' id='line_1_56' title="bbox 97 4893 880 4964; baseline 0.013 -23"><span class='ocrx_word' id='word_1_437' title='bbox 97 4893 241 4944; x_wconf 79' lang='lat' dir='ltr'><strong>Aristoteles</strong></span> <span class='ocrx_word' id='word_1_438' title='bbox 254 4896 285 4943; x_wconf 89' lang='lat' dir='ltr'><strong>de</strong></span> <span class='ocrx_word' id='word_1_439' title='bbox 298 4895 384 4946; x_wconf 85' lang='lat' dir='ltr'><strong>mirab.</strong></span> <span class='ocrx_word' id='word_1_440' title='bbox 395 4896 498 4946; x_wconf 83' lang='lat' dir='ltr'><strong>auscult.</strong></span> <span class='ocrx_word' id='word_1_441' title='bbox 516 4899 560 4946; x_wconf 75' lang='lat' dir='ltr'><strong>tta</strong></span> <span class='ocrx_word' id='word_1_442' title='bbox 574 4899 712 4964; x_wconf 81' lang='grc' dir='ltr'><strong>Δημάρατον</strong></span> <span class='ocrx_word' id='word_1_443' title='bbox 726 4901 827 4964; x_wconf 80' lang='grc' dir='ltr'><strong>Τιμαίου</strong></span> <span class='ocrx_word' id='word_1_444' title='bbox 838 4907 880 4951; x_wconf 84' lang='grc' dir='ltr'><strong>τοῦ</strong></span> 
     </span>
     <span class='ocr_line' id='line_1_57' title="bbox 99 4963 881 5032; baseline 0.014 -22"><span class='ocrx_word' id='word_1_445' title='bbox 99 4965 195 5026; x_wconf 78' lang='grc' dir='ltr'><strong>Λοκροῦ</strong></span> <span class='ocrx_word' id='word_1_446' title='bbox 207 4963 326 5022; x_wconf 78' lang='grc' dir='ltr'><strong>ἀκουστὴν</strong></span> <span class='ocrx_word' id='word_1_447' title='bbox 334 4965 469 5021; x_wconf 78' lang='grc' dir='ltr'><strong>νοσήσαντα</strong></span> <span class='ocrx_word' id='word_1_448' title='bbox 480 4966 571 5029; x_wconf 63' lang='lat' dir='ltr'><strong>&amp;quvis</strong></span> <span class='ocrx_word' id='word_1_449' title='bbox 580 4984 649 5030; x_wconf 78' lang='grc' dir='ltr'><strong>φασιν</strong></span> <span class='ocrx_word' id='word_1_450' title='bbox 660 4970 697 5018; x_wconf 86' lang='grc' dir='ltr'><strong>έπὶ</strong></span> <span class='ocrx_word' id='word_1_451' title='bbox 707 4970 764 5018; x_wconf 83' lang='grc' dir='ltr'><strong>δέκα</strong></span> <span class='ocrx_word' id='word_1_452' title='bbox 774 4971 881 5032; x_wconf 87' lang='grc' dir='ltr'><strong>γενέσθαι</strong></span> 
     </span>
     <span class='ocr_line' id='line_1_58' title="bbox 96 5033 882 5104; baseline 0.014 -24"><span class='ocrx_word' id='word_1_453' title='bbox 96 5033 185 5095; x_wconf 73' lang='grc' dir='ltr'><strong>ἡμέρας</strong></span> <span class='ocrx_word' id='word_1_454' title='bbox 197 5033 220 5102; x_wconf 75' lang='lat' dir='ltr'><strong>dy</strong></span> <span class='ocrx_word' id='word_1_455' title='bbox 230 5035 255 5082; x_wconf 79' lang='grc' dir='ltr'><strong>δὲ</strong></span> <span class='ocrx_word' id='word_1_456' title='bbox 264 5039 292 5097; x_wconf 85' lang='grc' dir='ltr'><strong>τῆ</strong></span> <span class='ocrx_word' id='word_1_457' title='bbox 302 5036 411 5097; x_wconf 78' lang='grc' dir='ltr'><strong>ἑνδεκάτη</strong></span> <span class='ocrx_word' id='word_1_458' title='bbox 421 5037 540 5099; x_wconf 78' lang='grc' dir='ltr'><strong>ἀνανήψας</strong></span> <span class='ocrx_word' id='word_1_459' title='bbox 547 5039 648 5100; x_wconf 81' lang='grc' dir='ltr'><strong>βραδέως</strong></span> <span class='ocrx_word' id='word_1_460' title='bbox 658 5041 684 5087; x_wconf 81' lang='grc' dir='ltr'><strong>ἐκ</strong></span> <span class='ocrx_word' id='word_1_461' title='bbox 693 5046 733 5098; x_wconf 85' lang='grc' dir='ltr'><strong>τῆς</strong></span> <span class='ocrx_word' id='word_1_462' title='bbox 743 5048 882 5104; x_wconf 86' lang='grc' dir='ltr'><strong>παρακοπῆς</strong></span> 
     </span>
     <span class='ocr_line' id='line_1_59' title="bbox 97 5103 881 5175; baseline 0.015 -24"><span class='ocrx_word' id='word_1_463' title='bbox 97 5103 184 5162; x_wconf 62' lang='grc' dir='ltr'><strong>ἔφησεν</strong></span> <span class='ocrx_word' id='word_1_464' title='bbox 202 5105 291 5154; x_wconf 77' lang='grc' dir='ltr'><strong>ἐκεῖνον</strong></span> <span class='ocrx_word' id='word_1_465' title='bbox 309 5107 348 5155; x_wconf 81' lang='grc' dir='ltr'><strong>τὸν</strong></span> <span class='ocrx_word' id='word_1_466' title='bbox 366 5109 448 5170; x_wconf 81' lang='grc' dir='ltr'><strong>χρόνον</strong></span> <span class='ocrx_word' id='word_1_467' title='bbox 460 5109 545 5165; x_wconf 80' lang='grc' dir='ltr'><strong>ἣδιστα</strong></span> <span class='ocrx_word' id='word_1_468' title='bbox 556 5111 621 5171; x_wconf 87' lang='grc' dir='ltr'><strong>αῦτῷ</strong></span> <span class='ocrx_word' id='word_1_469' title='bbox 633 5111 768 5172; x_wconf 79' lang='grc' dir='ltr'><strong>βεΰιῶσθαι.</strong></span> <span class='ocrx_word' id='word_1_470' title='bbox 780 5113 824 5168; x_wconf 79' lang='lat' dir='ltr'><strong>-i</strong></span> <span class='ocrx_word' id='word_1_471' title='bbox 828 5113 881 5175; x_wconf 84' lang='grc'>177)</span> 
     </span>
     <span class='ocr_line' id='line_1_60' title="bbox 97 5173 880 5244; baseline 0.013 -23"><span class='ocrx_word' id='word_1_472' title='bbox 97 5173 201 5223; x_wconf 88' lang='lat' dir='ltr'><strong>Procius</strong></span> <span class='ocrx_word' id='word_1_473' title='bbox 209 5176 233 5224; x_wconf 91' lang='lat' dir='ltr'><strong>in</strong></span> <span class='ocrx_word' id='word_1_474' title='bbox 240 5178 304 5224; x_wconf 80' lang='lat' dir='ltr'><strong>Tim.</strong></span> <span class='ocrx_word' id='word_1_475' title='bbox 315 5189 340 5238; x_wconf 86' lang='lat' dir='ltr'><strong>p.</strong></span> <span class='ocrx_word' id='word_1_476' title='bbox 353 5184 405 5226; x_wconf 81' lang='lat'><strong>150.</strong></span> <span class='ocrx_word' id='word_1_477' title='bbox 411 5179 438 5226; x_wconf 80' lang='lat' dir='ltr'><strong>E.</strong></span> <span class='ocrx_word' id='word_1_478' title='bbox 448 5179 512 5227; x_wconf 78' lang='grc' dir='ltr'><strong>ἄλλοι</strong></span> <span class='ocrx_word' id='word_1_479' title='bbox 522 5179 547 5227; x_wconf 84' lang='grc' dir='ltr'><strong>δέ</strong></span> <span class='ocrx_word' id='word_1_480' title='bbox 555 5195 621 5235; x_wconf 85' lang='grc' dir='ltr'><strong>τινες,</strong></span> <span class='ocrx_word' id='word_1_481' title='bbox 629 5182 659 5235; x_wconf 76' lang='grc' dir='ltr'><strong>ὡς</strong></span> <span class='ocrx_word' id='word_1_482' title='bbox 667 5184 689 5229; x_wconf 86' lang='lat' dir='ltr'><strong>ot</strong></span> <span class='ocrx_word' id='word_1_483' title='bbox 699 5183 749 5244; x_wconf 86' lang='grc' dir='ltr'><strong>περί</strong></span> <span class='ocrx_word' id='word_1_484' title='bbox 760 5182 880 5244; x_wconf 87' lang='grc' dir='ltr'><strong>Ὄκελλον,</strong></span> 
     </span>
     <span class='ocr_line' id='line_1_61' title="bbox 96 5243 789 5311; baseline 0.013 -21"><span class='ocrx_word' id='word_1_485' title='bbox 96 5243 139 5292; x_wconf 68' lang='grc' dir='ltr'><strong>τὸν</strong></span> <span class='ocrx_word' id='word_1_486' title='bbox 151 5249 193 5294; x_wconf 79' lang='grc' dir='ltr'><strong>τοῦ</strong></span> <span class='ocrx_word' id='word_1_487' title='bbox 207 5246 309 5308; x_wconf 84' lang='grc' dir='ltr'><strong>Τιμαίου</strong></span> <span class='ocrx_word' id='word_1_488' title='bbox 317 5247 415 5311; x_wconf 80' lang='grc' dir='ltr'><strong>πρόοδον</strong></span> <span class='ocrx_word' id='word_1_489' title='bbox 426 5250 478 5299; x_wconf 88' lang='grc' dir='ltr'><strong>κτλ.</strong></span> <span class='ocrx_word' id='word_1_490' title='bbox 488 5273 518 5286; x_wconf 93' lang='grc'>-</span> <span class='ocrx_word' id='word_1_491' title='bbox 526 5249 591 5310; x_wconf 79' lang='lat' dir='ltr'><strong>(tis)</strong></span> <span class='ocrx_word' id='word_1_492' title='bbox 603 5249 671 5300; x_wconf 87' lang='lat' dir='ltr'><strong>cont.</strong></span> <span class='ocrx_word' id='word_1_493' title='bbox 682 5250 738 5300; x_wconf 89' lang='lat' dir='ltr'><strong>adu.</strong></span> <span class='ocrx_word' id='word_1_494' title='bbox 749 5256 789 5301; x_wconf 77' lang='lat' dir='ltr'><strong>us.</strong></span> 
     </span>
    </p>
   </div>
   <div class='ocr_carea' id='block_1_6' title="bbox 1650 464 1715 507">
    <p class='ocr_par' dir='ltr' id='par_1_8' title="bbox 1650 464 1715 507">
     <span class='ocr_line' id='line_1_62' title="bbox 1650 464 1715 507; baseline 0.031 -2"><span class='ocrx_word' id='word_1_495' title='bbox 1650 464 1715 507; x_wconf 76' lang='lat' dir='ltr'><strong>XXV</strong></span> 
     </span>
    </p>
   </div>
   <div class='ocr_carea' id='block_1_7' title="bbox 933 566 1806 1093">
    <p class='ocr_par' dir='ltr' id='par_1_9' title="bbox 933 566 1806 1093">
     <span class='ocr_line' id='line_1_63' title="bbox 934 566 1717 647; baseline 0.017 -24"><span class='ocrx_word' id='word_1_496' title='bbox 934 566 1012 624; x_wconf 86' lang='lat' dir='ltr'><strong>Bihl.</strong></span> <span class='ocrx_word' id='word_1_497' title='bbox 1024 566 1116 625; x_wconf 80' lang='lat' dir='ltr'><strong>Graec.</strong></span> <span class='ocrx_word' id='word_1_498' title='bbox 1127 566 1192 628; x_wconf 88' lang='lat' dir='ltr'><strong>Vol.</strong></span> <span class='ocrx_word' id='word_1_499' title='bbox 1208 567 1251 625; x_wconf 95' lang='lat' dir='ltr'><strong>lll</strong></span> <span class='ocrx_word' id='word_1_500' title='bbox 1265 588 1332 647; x_wconf 84' lang='lat' dir='ltr'><strong>pag.</strong></span> <span class='ocrx_word' id='word_1_501' title='bbox 1344 580 1382 645; x_wconf 71' lang='lat'><strong>94</strong></span> <span class='ocrx_word' id='word_1_502' title='bbox 1394 571 1440 631; x_wconf 88' lang='lat' dir='ltr'><strong>ed.</strong></span> <span class='ocrx_word' id='word_1_503' title='bbox 1450 572 1530 635; x_wconf 86' lang='lat' dir='ltr'><strong>llarl.</strong></span> <span class='ocrx_word' id='word_1_504' title='bbox 1541 574 1597 633; x_wconf 88' lang='lat' dir='ltr'><strong>Sed</strong></span> <span class='ocrx_word' id='word_1_505' title='bbox 1607 575 1717 637; x_wconf 87' lang='lat' dir='ltr'><strong>Timaeo</strong></span> 
     </span>
     <span class='ocr_line' id='line_1_64' title="bbox 934 657 1716 734; baseline 0.015 -21"><span class='ocrx_word' id='word_1_506' title='bbox 934 657 1071 715; x_wconf 84' lang='lat' dir='ltr'><strong>Locrensi</strong></span> <span class='ocrx_word' id='word_1_507' title='bbox 1095 669 1200 734; x_wconf 70' lang='lat' dir='ltr'><strong>praeter</strong></span> <span class='ocrx_word' id='word_1_508' title='bbox 1224 659 1395 734; x_wconf 85' lang='lat' dir='ltr'><strong>opusculum</strong></span> <span class='ocrx_word' id='word_1_509' title='bbox 1426 660 1462 717; x_wconf 91' lang='lat' dir='ltr'><strong>de</strong></span> <span class='ocrx_word' id='word_1_510' title='bbox 1488 682 1585 722; x_wconf 87' lang='lat' dir='ltr'><strong>rerum</strong></span> <span class='ocrx_word' id='word_1_511' title='bbox 1612 678 1716 725; x_wconf 88' lang='lat' dir='ltr'><strong>natura</strong></span> 
     </span>
     <span class='ocr_line' id='line_1_65' title="bbox 936 743 1806 830; baseline 0.016 -29"><span class='ocrx_word' id='word_1_512' title='bbox 936 744 1006 821; x_wconf 81' lang='grc' dir='ltr'><strong>(περὶ</strong></span> <span class='ocrx_word' id='word_1_513' title='bbox 1035 743 1146 825; x_wconf 66' lang='lat' dir='ltr'><strong>pietur)</strong></span> <span class='ocrx_word' id='word_1_514' title='bbox 1169 758 1230 803; x_wconf 92' lang='lat' dir='ltr'><strong>tum</strong></span> <span class='ocrx_word' id='word_1_515' title='bbox 1255 745 1456 806; x_wconf 89' lang='lat' dir='ltr'><strong>mathematica</strong></span> <span class='ocrx_word' id='word_1_516' title='bbox 1480 752 1590 830; x_wconf 86' lang='lat' dir='ltr'><strong>scripta</strong></span> <span class='ocrx_word' id='word_1_517' title='bbox 1613 754 1719 813; x_wconf 87' lang='lat' dir='ltr'><strong>tribuit</strong></span> <span class='ocrx_word' id='word_1_518' title='bbox 1802 789 1806 802; x_wconf 91' lang='lat'><strong>.</strong></span> 
     </span>
     <span class='ocr_line' id='line_1_66' title="bbox 934 830 1718 916; baseline 0.015 -27"><span class='ocrx_word' id='word_1_519' title='bbox 934 830 1040 890; x_wconf 92' lang='lat' dir='ltr'><strong>Suidas</strong></span> <span class='ocrx_word' id='word_1_520' title='bbox 1054 846 1115 890; x_wconf 89' lang='lat' dir='ltr'><strong>tum</strong></span> <span class='ocrx_word' id='word_1_521' title='bbox 1131 832 1167 890; x_wconf 94' lang='lat' dir='ltr'><strong>de</strong></span> <span class='ocrx_word' id='word_1_522' title='bbox 1180 833 1241 891; x_wconf 87' lang='lat' dir='ltr'><strong>vita</strong></span> <span class='ocrx_word' id='word_1_523' title='bbox 1250 833 1421 910; x_wconf 82' lang='lat' dir='ltr'><strong>Pythagorae</strong></span> <span class='ocrx_word' id='word_1_524' title='bbox 1430 839 1627 916; x_wconf 90' lang='lat' dir='ltr'><strong>nescioquam</strong></span> <span class='ocrx_word' id='word_1_525' title='bbox 1640 862 1718 900; x_wconf 91' lang='lat' dir='ltr'><strong>com-</strong></span> 
     </span>
     <span class='ocr_line' id='line_1_67' title="bbox 933 920 1718 1003; baseline 0.018 -28"><span class='ocrx_word' id='word_1_526' title='bbox 933 920 1150 978; x_wconf 90' lang='lat' dir='ltr'><strong>mentationem.</strong></span> <span class='ocrx_word' id='word_1_527' title='bbox 1158 927 1199 977; x_wconf 84' lang='lat' dir='ltr'><strong>Ac</strong></span> <span class='ocrx_word' id='word_1_528' title='bbox 1210 939 1315 997; x_wconf 89' lang='lat' dir='ltr'><strong>paucas</strong></span> <span class='ocrx_word' id='word_1_529' title='bbox 1326 922 1443 998; x_wconf 89' lang='lat' dir='ltr'><strong>quidem</strong></span> <span class='ocrx_word' id='word_1_530' title='bbox 1453 924 1521 985; x_wconf 91' lang='lat' dir='ltr'><strong>illas</strong></span> <span class='ocrx_word' id='word_1_531' title='bbox 1530 948 1594 1003; x_wconf 83' lang='lat' dir='ltr'><strong>quae</strong></span> <span class='ocrx_word' id='word_1_532' title='bbox 1605 942 1718 989; x_wconf 85' lang='lat' dir='ltr'><strong>exstant</strong></span> 
     </span>
     <span class='ocr_line' id='line_1_68' title="bbox 933 1006 1717 1093; baseline 0.018 -30"><span class='ocrx_word' id='word_1_533' title='bbox 933 1006 969 1063; x_wconf 90' lang='lat' dir='ltr'><strong>de</strong></span> <span class='ocrx_word' id='word_1_534' title='bbox 991 1019 1094 1065; x_wconf 90' lang='lat' dir='ltr'><strong>natura</strong></span> <span class='ocrx_word' id='word_1_535' title='bbox 1109 1009 1231 1084; x_wconf 77' lang='lat' dir='ltr'><strong>paginas</strong></span> <span class='ocrx_word' id='word_1_536' title='bbox 1253 1023 1363 1086; x_wconf 89' lang='lat' dir='ltr'><strong>spectat</strong></span> <span class='ocrx_word' id='word_1_537' title='bbox 1378 1030 1438 1071; x_wconf 91' lang='lat' dir='ltr'><strong>non</strong></span> <span class='ocrx_word' id='word_1_538' title='bbox 1463 1015 1556 1072; x_wconf 92' lang='lat' dir='ltr'><strong>solum</strong></span> <span class='ocrx_word' id='word_1_539' title='bbox 1577 1019 1717 1093; x_wconf 89' lang='lat' dir='ltr'><strong>Syrianus</strong></span> 
     </span>
    </p>
   </div>
   <div class='ocr_carea' id='block_1_8' title="bbox 930 1093 1773 2839">
    <p class='ocr_par' dir='ltr' id='par_1_10' title="bbox 930 1093 1773 2839">
     <span class='ocr_line' id='line_1_69' title="bbox 933 1093 1773 1182; baseline 0.015 -33"><span class='ocrx_word' id='word_1_540' title='bbox 933 1093 964 1149; x_wconf 91' lang='lat' dir='ltr'><strong>in</strong></span> <span class='ocrx_word' id='word_1_541' title='bbox 984 1094 1150 1152; x_wconf 81' lang='lat' dir='ltr'><strong>Aristotelis</strong></span> <span class='ocrx_word' id='word_1_542' title='bbox 1170 1094 1436 1172; x_wconf 86' lang='lat' dir='ltr'><strong>llletaphysicormn</strong></span> <span class='ocrx_word' id='word_1_543' title='bbox 1450 1099 1504 1159; x_wconf 94' lang='lat' dir='ltr'><strong>lib.</strong></span> <span class='ocrx_word' id='word_1_544' title='bbox 1520 1100 1595 1175; x_wconf 88' lang='lat' dir='ltr'><strong>XlV,</strong></span> <span class='ocrx_word' id='word_1_545' title='bbox 1612 1124 1642 1182; x_wconf 91' lang='lat' dir='ltr'><strong>p.</strong></span> <span class='ocrx_word' id='word_1_546' title='bbox 1662 1126 1716 1181; x_wconf 85' lang='lat'><strong>1⁰9</strong></span> <span class='ocrx_word' id='word_1_547' title='bbox 1764 1128 1773 1142; x_wconf 42' lang='grc' dir='ltr'><strong>ν</strong></span> 
     </span>
     <span class='ocr_line' id='line_1_70' title="bbox 932 1179 1715 1266; baseline 0.015 -29"><span class='ocrx_word' id='word_1_548' title='bbox 932 1179 985 1237; x_wconf 90' lang='lat' dir='ltr'><strong>ubi</strong></span> <span class='ocrx_word' id='word_1_549' title='bbox 999 1181 1083 1240; x_wconf 87' lang='lat' dir='ltr'><strong>docet</strong></span> <span class='ocrx_word' id='word_1_550' title='bbox 1096 1182 1319 1260; x_wconf 90' lang='lat' dir='ltr'><strong>Peripateticam</strong></span> <span class='ocrx_word' id='word_1_551' title='bbox 1336 1185 1552 1266; x_wconf 87' lang='lat' dir='ltr'><strong>philosophiam</strong></span> <span class='ocrx_word' id='word_1_552' title='bbox 1571 1189 1663 1248; x_wconf 90' lang='lat' dir='ltr'><strong>Ocelli</strong></span> <span class='ocrx_word' id='word_1_553' title='bbox 1685 1204 1715 1248; x_wconf 90' lang='lat' dir='ltr'><strong>et</strong></span> 
     </span>
     <span class='ocr_line' id='line_1_71' title="bbox 932 1266 1716 1354; baseline 0.017 -30"><span class='ocrx_word' id='word_1_554' title='bbox 932 1266 1036 1327; x_wconf 84' lang='lat' dir='ltr'><strong>Timaei</strong></span> <span class='ocrx_word' id='word_1_555' title='bbox 1056 1269 1180 1329; x_wconf 84' lang='lat' dir='ltr'><strong>decretis</strong></span> <span class='ocrx_word' id='word_1_556' title='bbox 1202 1271 1301 1342; x_wconf 90' lang='lat' dir='ltr'><strong>inniti,</strong></span> <span class='ocrx_word' id='word_1_557' title='bbox 1318 1273 1368 1329; x_wconf 89' lang='lat' dir='ltr'><strong>sed</strong></span> <span class='ocrx_word' id='word_1_558' title='bbox 1391 1275 1476 1332; x_wconf 90' lang='lat' dir='ltr'><strong>etiam</strong></span> <span class='ocrx_word' id='word_1_559' title='bbox 1490 1277 1659 1354; x_wconf 90' lang='lat' dir='ltr'><strong>Simplicius</strong></span> <span class='ocrx_word' id='word_1_560' title='bbox 1684 1280 1716 1337; x_wconf 92' lang='lat' dir='ltr'><strong>in</strong></span> 
     </span>
     <span class='ocr_line' id='line_1_72' title="bbox 931 1354 1716 1443; baseline 0.015 -31"><span class='ocrx_word' id='word_1_561' title='bbox 931 1354 1022 1431; x_wconf 84' lang='lat' dir='ltr'><strong>Phys.</strong></span> <span class='ocrx_word' id='word_1_562' title='bbox 1037 1376 1065 1433; x_wconf 94' lang='lat' dir='ltr'><strong>p.</strong></span> <span class='ocrx_word' id='word_1_563' title='bbox 1082 1356 1152 1416; x_wconf 66' lang='lat' dir='ltr'><strong>ab.</strong></span> <span class='ocrx_word' id='word_1_564' title='bbox 1168 1357 1237 1414; x_wconf 91' lang='lat' dir='ltr'><strong>item</strong></span> <span class='ocrx_word' id='word_1_565' title='bbox 1260 1377 1289 1434; x_wconf 91' lang='lat' dir='ltr'><strong>p.</strong></span> <span class='ocrx_word' id='word_1_566' title='bbox 1305 1357 1342 1415; x_wconf 91' lang='grc' dir='ltr'><strong>5ο</strong></span> <span class='ocrx_word' id='word_1_567' title='bbox 1356 1373 1385 1417; x_wconf 90' lang='lat' dir='ltr'><strong>et</strong></span> <span class='ocrx_word' id='word_1_568' title='bbox 1398 1381 1428 1438; x_wconf 93' lang='lat' dir='ltr'><strong>p.</strong></span> <span class='ocrx_word' id='word_1_569' title='bbox 1455 1363 1568 1429; x_wconf 78' lang='lat' dir='ltr'><strong>rot..h.</strong></span> <span class='ocrx_word' id='word_1_570' title='bbox 1585 1366 1716 1443; x_wconf 90' lang='lat' dir='ltr'><strong>atquein</strong></span> 
     </span>
     <span class='ocr_line' id='line_1_73' title="bbox 932 1444 1716 1529; baseline 0.014 -30"><span class='ocrx_word' id='word_1_571' title='bbox 932 1444 1054 1519; x_wconf 89' lang='lat' dir='ltr'><strong>reliquis</strong></span> <span class='ocrx_word' id='word_1_572' title='bbox 1077 1446 1312 1516; x_wconf 87' lang='lat' dir='ltr'><strong>commentariis,</strong></span> <span class='ocrx_word' id='word_1_573' title='bbox 1327 1446 1409 1504; x_wconf 89' lang='lat' dir='ltr'><strong>velut</strong></span> <span class='ocrx_word' id='word_1_574' title='bbox 1423 1448 1460 1505; x_wconf 92' lang='lat' dir='ltr'><strong>de</strong></span> <span class='ocrx_word' id='word_1_575' title='bbox 1480 1450 1586 1509; x_wconf 75' lang='lat' dir='ltr'><strong>Anima</strong></span> <span class='ocrx_word' id='word_1_576' title='bbox 1599 1474 1628 1529; x_wconf 92' lang='lat' dir='ltr'><strong>p.</strong></span> <span class='ocrx_word' id='word_1_577' title='bbox 1651 1473 1679 1510; x_wconf 83' lang='grc' dir='ltr'><strong>α.</strong></span> <span class='ocrx_word' id='word_1_578' title='bbox 1696 1451 1716 1509; x_wconf 93' lang='lat' dir='ltr'><strong>b</strong></span> 
     </span>
     <span class='ocr_line' id='line_1_74' title="bbox 932 1529 1717 1618; baseline 0.015 -32"><span class='ocrx_word' id='word_1_579' title='bbox 932 1541 960 1585; x_wconf 88' lang='lat' dir='ltr'><strong>et</strong></span> <span class='ocrx_word' id='word_1_580' title='bbox 983 1529 1019 1587; x_wconf 91' lang='lat' dir='ltr'><strong>de</strong></span> <span class='ocrx_word' id='word_1_581' title='bbox 1035 1532 1111 1588; x_wconf 87' lang='lat' dir='ltr'><strong>coelo</strong></span> <span class='ocrx_word' id='word_1_582' title='bbox 1134 1551 1166 1608; x_wconf 92' lang='lat' dir='ltr'><strong>p.</strong></span> <span class='ocrx_word' id='word_1_583' title='bbox 1194 1533 1261 1607; x_wconf 85' lang='lat'><strong>139.</strong></span> <span class='ocrx_word' id='word_1_584' title='bbox 1286 1532 1323 1605; x_wconf 90' lang='lat' dir='ltr'><strong>h;</strong></span> <span class='ocrx_word' id='word_1_585' title='bbox 1347 1536 1514 1613; x_wconf 88' lang='lat' dir='ltr'><strong>pariterque</strong></span> <span class='ocrx_word' id='word_1_586' title='bbox 1535 1537 1717 1618; x_wconf 88' lang='lat' dir='ltr'><strong>Philoponus</strong></span> 
     </span>
     <span class='ocr_line' id='line_1_75' title="bbox 932 1618 1714 1696; baseline 0.015 -22"><span class='ocrx_word' id='word_1_587' title='bbox 932 1618 1041 1694; x_wconf 83' lang='lat' dir='ltr'><strong>saepius</strong></span> <span class='ocrx_word' id='word_1_588' title='bbox 1056 1618 1088 1675; x_wconf 92' lang='lat' dir='ltr'><strong>in</strong></span> <span class='ocrx_word' id='word_1_589' title='bbox 1100 1618 1282 1696; x_wconf 75' lang='lat' dir='ltr'><strong>explicandis</strong></span> <span class='ocrx_word' id='word_1_590' title='bbox 1296 1619 1383 1679; x_wconf 91' lang='lat' dir='ltr'><strong>libris</strong></span> <span class='ocrx_word' id='word_1_591' title='bbox 1397 1622 1433 1681; x_wconf 91' lang='lat' dir='ltr'><strong>de</strong></span> <span class='ocrx_word' id='word_1_592' title='bbox 1445 1624 1564 1695; x_wconf 81' lang='lat' dir='ltr'><strong>Anima,</strong></span> <span class='ocrx_word' id='word_1_593' title='bbox 1579 1639 1613 1683; x_wconf 92' lang='lat' dir='ltr'><strong>ut</strong></span> <span class='ocrx_word' id='word_1_594' title='bbox 1624 1628 1667 1686; x_wconf 94' lang='lat' dir='ltr'><strong>lit.</strong></span> <span class='ocrx_word' id='word_1_595' title='bbox 1677 1629 1714 1687; x_wconf 91' lang='lat' dir='ltr'><strong>D.</strong></span> 
     </span>
     <span class='ocr_line' id='line_1_76' title="bbox 932 1706 1714 1784; baseline 0.014 -23"><span class='ocrx_word' id='word_1_596' title='bbox 932 1723 962 1778; x_wconf 88' lang='lat'><strong>9,</strong></span> <span class='ocrx_word' id='word_1_597' title='bbox 978 1723 1081 1763; x_wconf 90' lang='lat' dir='ltr'><strong>verum</strong></span> <span class='ocrx_word' id='word_1_598' title='bbox 1102 1706 1232 1763; x_wconf 89' lang='lat' dir='ltr'><strong>omniurn</strong></span> <span class='ocrx_word' id='word_1_599' title='bbox 1254 1706 1367 1784; x_wconf 88' lang='lat' dir='ltr'><strong>primus</strong></span> <span class='ocrx_word' id='word_1_600' title='bbox 1390 1708 1603 1770; x_wconf 88' lang='lat' dir='ltr'><strong>lucubrationis</strong></span> <span class='ocrx_word' id='word_1_601' title='bbox 1631 1713 1714 1774; x_wconf 91' lang='lat' dir='ltr'><strong>illius</strong></span> 
     </span>
     <span class='ocr_line' id='line_1_77' title="bbox 933 1792 1716 1882; baseline 0.015 -33"><span class='ocrx_word' id='word_1_602' title='bbox 933 1794 1066 1851; x_wconf 87' lang='lat' dir='ltr'><strong>meminit</strong></span> <span class='ocrx_word' id='word_1_603' title='bbox 1089 1792 1223 1852; x_wconf 79' lang='lat' dir='ltr'><strong>Clemens</strong></span> <span class='ocrx_word' id='word_1_604' title='bbox 1238 1795 1455 1855; x_wconf 75' lang='lat' dir='ltr'><strong>Alexandrinus</strong></span> <span class='ocrx_word' id='word_1_605' title='bbox 1478 1799 1664 1879; x_wconf 76' lang='lat' dir='ltr'><strong>Timaeumta</strong></span> <span class='ocrx_word' id='word_1_606' title='bbox 1677 1806 1716 1882; x_wconf 81' lang='grc' dir='ltr'><strong>τῷ</strong></span> 
     </span>
     <span class='ocr_line' id='line_1_78' title="bbox 932 1881 1713 1964; baseline 0.012 -27"><span class='ocrx_word' id='word_1_607' title='bbox 932 1883 1034 1959; x_wconf 82' lang='grc' dir='ltr'><strong>ρυσικῷ</strong></span> <span class='ocrx_word' id='word_1_608' title='bbox 1056 1881 1196 1959; x_wconf 83' lang='grc' dir='ltr'><strong>γράμματι</strong></span> <span class='ocrx_word' id='word_1_609' title='bbox 1220 1882 1343 1941; x_wconf 90' lang='lat' dir='ltr'><strong>laudans</strong></span> <span class='ocrx_word' id='word_1_610' title='bbox 1365 1883 1474 1945; x_wconf 89' lang='lat' dir='ltr'><strong>Strom.</strong></span> <span class='ocrx_word' id='word_1_611' title='bbox 1495 1885 1530 1957; x_wconf 88' lang='lat' dir='ltr'><strong>ll,</strong></span> <span class='ocrx_word' id='word_1_612' title='bbox 1550 1907 1578 1964; x_wconf 91' lang='lat' dir='ltr'><strong>p.</strong></span> <span class='ocrx_word' id='word_1_613' title='bbox 1601 1889 1670 1954; x_wconf 70' lang='lat'><strong>604.</strong></span> <span class='ocrx_word' id='word_1_614' title='bbox 1686 1910 1713 1951; x_wconf 86' lang='lat' dir='ltr'><strong>a.</strong></span> 
     </span>
     <span class='ocr_line' id='line_1_79' title="bbox 931 1966 1716 2055; baseline 0.013 -30"><span class='ocrx_word' id='word_1_615' title='bbox 931 1966 1044 2026; x_wconf 84' lang='lat' dir='ltr'><strong>Caetera</strong></span> <span class='ocrx_word' id='word_1_616' title='bbox 1060 1987 1132 2026; x_wconf 89' lang='lat' dir='ltr'><strong>vero</strong></span> <span class='ocrx_word' id='word_1_617' title='bbox 1156 1989 1221 2047; x_wconf 87' lang='lat' dir='ltr'><strong>quae</strong></span> <span class='ocrx_word' id='word_1_618' title='bbox 1246 1969 1352 2029; x_wconf 87' lang='lat' dir='ltr'><strong>Suidas</strong></span> <span class='ocrx_word' id='word_1_619' title='bbox 1376 1971 1518 2032; x_wconf 88' lang='lat' dir='ltr'><strong>Locrensi</strong></span> <span class='ocrx_word' id='word_1_620' title='bbox 1540 1974 1716 2055; x_wconf 86' lang='lat' dir='ltr'><strong>philosopho</strong></span> 
     </span>
     <span class='ocr_line' id='line_1_80' title="bbox 932 2056 1717 2140; baseline 0.014 -28"><span class='ocrx_word' id='word_1_621' title='bbox 932 2056 1060 2131; x_wconf 82' lang='lat' dir='ltr'><strong>assignat</strong></span> <span class='ocrx_word' id='word_1_622' title='bbox 1081 2074 1171 2133; x_wconf 88' lang='lat' dir='ltr'><strong>opera</strong></span> <span class='ocrx_word' id='word_1_623' title='bbox 1185 2057 1253 2115; x_wconf 89' lang='lat' dir='ltr'><strong>aliis</strong></span> <span class='ocrx_word' id='word_1_624' title='bbox 1270 2059 1469 2135; x_wconf 87' lang='lat' dir='ltr'><strong>scriptoribus</strong></span> <span class='ocrx_word' id='word_1_625' title='bbox 1490 2064 1593 2137; x_wconf 81' lang='lat' dir='ltr'><strong>graecis</strong></span> <span class='ocrx_word' id='word_1_626' title='bbox 1616 2064 1717 2140; x_wconf 82' lang='lat' dir='ltr'><strong>ignota</strong></span> 
     </span>
     <span class='ocr_line' id='line_1_81' title="bbox 933 2144 1713 2226; baseline 0.013 -25"><span class='ocrx_word' id='word_1_627' title='bbox 933 2144 1059 2202; x_wconf 84' lang='lat' dir='ltr'><strong>luerunt.</strong></span> <span class='ocrx_word' id='word_1_628' title='bbox 1091 2144 1188 2213; x_wconf 83' lang='lat' dir='ltr'><strong>Quum</strong></span> <span class='ocrx_word' id='word_1_629' title='bbox 1223 2159 1319 2203; x_wconf 92' lang='lat' dir='ltr'><strong>autem</strong></span> <span class='ocrx_word' id='word_1_630' title='bbox 1350 2147 1535 2226; x_wconf 89' lang='lat' dir='ltr'><strong>Philoponus</strong></span> <span class='ocrx_word' id='word_1_631' title='bbox 1563 2151 1599 2209; x_wconf 90' lang='lat' dir='ltr'><strong>de</strong></span> <span class='ocrx_word' id='word_1_632' title='bbox 1624 2152 1713 2213; x_wconf 90' lang='lat' dir='ltr'><strong>anim.</strong></span> 
     </span>
     <span class='ocr_line' id='line_1_82' title="bbox 931 2232 1716 2316; baseline 0.011 -25"><span class='ocrx_word' id='word_1_633' title='bbox 931 2233 976 2291; x_wconf 91' lang='lat' dir='ltr'><strong>lit.</strong></span> <span class='ocrx_word' id='word_1_634' title='bbox 993 2234 1030 2292; x_wconf 91' lang='lat' dir='ltr'><strong>D.</strong></span> <span class='ocrx_word' id='word_1_635' title='bbox 1046 2254 1061 2304; x_wconf 88' lang='lat'><strong>7</strong></span> <span class='ocrx_word' id='word_1_636' title='bbox 1077 2246 1154 2291; x_wconf 86' lang='lat' dir='ltr'><strong>recte</strong></span> <span class='ocrx_word' id='word_1_637' title='bbox 1165 2232 1366 2293; x_wconf 84' lang='lat' dir='ltr'><strong>observaverit</strong></span> <span class='ocrx_word' id='word_1_638' title='bbox 1380 2236 1585 2310; x_wconf 78' lang='lat' dir='ltr'><strong>Aristotelem,</strong></span> <span class='ocrx_word' id='word_1_639' title='bbox 1599 2240 1716 2316; x_wconf 89' lang='lat' dir='ltr'><strong>quando</strong></span> 
     </span>
     <span class='ocr_line' id='line_1_83' title="bbox 931 2321 1715 2386; baseline 0.01 -8"><span class='ocrx_word' id='word_1_640' title='bbox 931 2321 1074 2381; x_wconf 80' lang='lat' dir='ltr'><strong>Timaeum</strong></span> <span class='ocrx_word' id='word_1_641' title='bbox 1089 2334 1190 2379; x_wconf 88' lang='lat' dir='ltr'><strong>testem</strong></span> <span class='ocrx_word' id='word_1_642' title='bbox 1206 2321 1342 2380; x_wconf 89' lang='lat' dir='ltr'><strong>adhibeat</strong></span> <span class='ocrx_word' id='word_1_643' title='bbox 1354 2323 1486 2383; x_wconf 86' lang='lat' dir='ltr'><strong>Platonis</strong></span> <span class='ocrx_word' id='word_1_644' title='bbox 1500 2324 1644 2384; x_wconf 73' lang='lat' dir='ltr'><strong>Timaeum</strong></span> <span class='ocrx_word' id='word_1_645' title='bbox 1665 2331 1715 2386; x_wconf 90' lang='lat' dir='ltr'><strong>in-</strong></span> 
     </span>
     <span class='ocr_line' id='line_1_84' title="bbox 932 2410 1712 2492; baseline 0.01 -26"><span class='ocrx_word' id='word_1_646' title='bbox 932 2410 1081 2485; x_wconf 83' lang='lat' dir='ltr'><strong>telligere,</strong></span> <span class='ocrx_word' id='word_1_647' title='bbox 1096 2428 1191 2486; x_wconf 89' lang='lat' dir='ltr'><strong>neque</strong></span> <span class='ocrx_word' id='word_1_648' title='bbox 1203 2410 1281 2469; x_wconf 90' lang='lat' dir='ltr'><strong>ullus</strong></span> <span class='ocrx_word' id='word_1_649' title='bbox 1294 2424 1395 2470; x_wconf 86' lang='lat' dir='ltr'><strong>auctor</strong></span> <span class='ocrx_word' id='word_1_650' title='bbox 1404 2412 1552 2471; x_wconf 86' lang='lat' dir='ltr'><strong>Clemente</strong></span> <span class='ocrx_word' id='word_1_651' title='bbox 1562 2416 1712 2492; x_wconf 91' lang='lat' dir='ltr'><strong>antiquior</strong></span> 
     </span>
     <span class='ocr_line' id='line_1_85' title="bbox 930 2493 1716 2573; baseline 0.01 -21"><span class='ocrx_word' id='word_1_652' title='bbox 930 2493 962 2551; x_wconf 91' lang='lat' dir='ltr'><strong>id</strong></span> <span class='ocrx_word' id='word_1_653' title='bbox 977 2496 1057 2572; x_wconf 94' lang='lat' dir='ltr'><strong>quod</strong></span> <span class='ocrx_word' id='word_1_654' title='bbox 1070 2497 1159 2554; x_wconf 90' lang='lat' dir='ltr'><strong>hodie</strong></span> <span class='ocrx_word' id='word_1_655' title='bbox 1177 2496 1300 2573; x_wconf 83' lang='lat' dir='ltr'><strong>legendo</strong></span> <span class='ocrx_word' id='word_1_656' title='bbox 1316 2502 1479 2558; x_wconf 87' lang='lat' dir='ltr'><strong>conteritur</strong></span> <span class='ocrx_word' id='word_1_657' title='bbox 1490 2504 1716 2561; x_wconf 89' lang='lat' dir='ltr'><strong>commentario·</strong></span> 
     </span>
     <span class='ocr_line' id='line_1_86' title="bbox 930 2581 1715 2666; baseline 0.013 -28"><span class='ocrx_word' id='word_1_658' title='bbox 930 2581 993 2639; x_wconf 95' lang='lat' dir='ltr'><strong>lum</strong></span> <span class='ocrx_word' id='word_1_659' title='bbox 1006 2583 1105 2642; x_wconf 92' lang='lat' dir='ltr'><strong>dorice</strong></span> <span class='ocrx_word' id='word_1_660' title='bbox 1116 2586 1314 2662; x_wconf 88' lang='lat' dir='ltr'><strong>conscriptum</strong></span> <span class='ocrx_word' id='word_1_661' title='bbox 1332 2586 1368 2643; x_wconf 90' lang='lat' dir='ltr'><strong>de</strong></span> <span class='ocrx_word' id='word_1_662' title='bbox 1380 2588 1477 2645; x_wconf 89' lang='lat' dir='ltr'><strong>anima</strong></span> <span class='ocrx_word' id='word_1_663' title='bbox 1491 2588 1592 2646; x_wconf 94' lang='lat' dir='ltr'><strong>mundi</strong></span> <span class='ocrx_word' id='word_1_664' title='bbox 1608 2591 1715 2666; x_wconf 84' lang='lat' dir='ltr'><strong>allega·</strong></span> 
     </span>
     <span class='ocr_line' id='line_1_87' title="bbox 931 2672 1715 2751; baseline 0.01 -23"><span class='ocrx_word' id='word_1_665' title='bbox 931 2672 1025 2743; x_wconf 90' lang='lat' dir='ltr'><strong>verit,</strong></span> <span class='ocrx_word' id='word_1_666' title='bbox 1038 2674 1171 2749; x_wconf 88' lang='lat' dir='ltr'><strong>sequitur</strong></span> <span class='ocrx_word' id='word_1_667' title='bbox 1187 2673 1464 2751; x_wconf 86' lang='lat' dir='ltr'><strong>disputatiunculam</strong></span> <span class='ocrx_word' id='word_1_668' title='bbox 1479 2677 1560 2734; x_wconf 91' lang='lat' dir='ltr'><strong>illam</strong></span> <span class='ocrx_word' id='word_1_669' title='bbox 1577 2676 1715 2736; x_wconf 88' lang='lat' dir='ltr'><strong>Locrensi</strong></span> 
     </span>
     <span class='ocr_line' id='line_1_88' title="bbox 932 2760 1716 2839; baseline 0.008 -23"><span class='ocrx_word' id='word_1_670' title='bbox 932 2760 1083 2836; x_wconf 68' lang='lat' dir='ltr'><strong>sapientiae</strong></span> <span class='ocrx_word' id='word_1_671' title='bbox 1098 2761 1211 2818; x_wconf 90' lang='lat' dir='ltr'><strong>doctori</strong></span> <span class='ocrx_word' id='word_1_672' title='bbox 1229 2764 1409 2839; x_wconf 88' lang='lat' dir='ltr'><strong>suppositam</strong></span> <span class='ocrx_word' id='word_1_673' title='bbox 1435 2783 1508 2821; x_wconf 89' lang='lat' dir='ltr'><strong>esse.</strong></span> <span class='ocrx_word' id='word_1_674' title='bbox 1524 2768 1588 2822; x_wconf 87' lang='lat' dir='ltr'><strong>Huc</strong></span> <span class='ocrx_word' id='word_1_675' title='bbox 1605 2765 1716 2823; x_wconf 88' lang='lat' dir='ltr'><strong>accedit</strong></span> 
     </span>
    </p>
   </div>
   <div class='ocr_carea' id='block_1_9' title="bbox 931 2847 1809 2926">
    <p class='ocr_par' dir='ltr' id='par_1_11' title="bbox 931 2847 1809 2926">
     <span class='ocr_line' id='line_1_89' title="bbox 931 2847 1809 2926; baseline 0.006 -22"><span class='ocrx_word' id='word_1_676' title='bbox 931 2848 1012 2922; x_wconf 93' lang='lat' dir='ltr'><strong>quod</strong></span> <span class='ocrx_word' id='word_1_677' title='bbox 1026 2847 1121 2905; x_wconf 90' lang='lat' dir='ltr'><strong>libelli</strong></span> <span class='ocrx_word' id='word_1_678' title='bbox 1135 2848 1269 2906; x_wconf 94' lang='lat' dir='ltr'><strong>conditor</strong></span> <span class='ocrx_word' id='word_1_679' title='bbox 1283 2851 1420 2925; x_wconf 88' lang='lat' dir='ltr'><strong>quamvis</strong></span> <span class='ocrx_word' id='word_1_680' title='bbox 1431 2851 1569 2926; x_wconf 89' lang='lat' dir='ltr'><strong>antiquus</strong></span> <span class='ocrx_word' id='word_1_681' title='bbox 1581 2850 1714 2909; x_wconf 90' lang='lat' dir='ltr'><strong>doricum</strong></span> <span class='ocrx_word' id='word_1_682' title='bbox 1807 2893 1809 2898; x_wconf 87' lang='lat'>-</span> 
     </span>
    </p>
   </div>
   <div class='ocr_carea' id='block_1_10' title="bbox 927 2937 1715 4158">
    <p class='ocr_par' dir='ltr' id='par_1_12' title="bbox 927 2937 1715 4158">
     <span class='ocr_line' id='line_1_90' title="bbox 930 2937 1713 3019; baseline 0.004 -25"><span class='ocrx_word' id='word_1_683' title='bbox 930 2954 1092 2995; x_wconf 88' lang='lat' dir='ltr'><strong>sermonem</strong></span> <span class='ocrx_word' id='word_1_684' title='bbox 1112 2937 1220 3014; x_wconf 89' lang='lat' dir='ltr'><strong>passim</strong></span> <span class='ocrx_word' id='word_1_685' title='bbox 1236 2938 1342 2998; x_wconf 91' lang='lat' dir='ltr'><strong>ionicis</strong></span> <span class='ocrx_word' id='word_1_686' title='bbox 1362 2958 1467 2998; x_wconf 89' lang='lat' dir='ltr'><strong>vocum</strong></span> <span class='ocrx_word' id='word_1_687' title='bbox 1484 2939 1584 2998; x_wconf 78' lang='lat' dir='ltr'><strong>formis</strong></span> <span class='ocrx_word' id='word_1_688' title='bbox 1605 2952 1713 3019; x_wconf 87' lang='lat' dir='ltr'><strong>tempe·</strong></span> 
     </span>
     <span class='ocr_line' id='line_1_91' title="bbox 929 3024 1712 3102; baseline 0.01 -23"><span class='ocrx_word' id='word_1_689' title='bbox 929 3024 1022 3095; x_wconf 85' lang='lat' dir='ltr'><strong>ravit,</strong></span> <span class='ocrx_word' id='word_1_690' title='bbox 1036 3037 1069 3081; x_wconf 91' lang='lat' dir='ltr'><strong>ut</strong></span> <span class='ocrx_word' id='word_1_691' title='bbox 1077 3043 1144 3082; x_wconf 92' lang='lat' dir='ltr'><strong>eum</strong></span> <span class='ocrx_word' id='word_1_692' title='bbox 1154 3026 1296 3084; x_wconf 87' lang='lat' dir='ltr'><strong>exstincta</strong></span> <span class='ocrx_word' id='word_1_693' title='bbox 1306 3026 1368 3102; x_wconf 90' lang='lat' dir='ltr'><strong>jam</strong></span> <span class='ocrx_word' id='word_1_694' title='bbox 1378 3040 1509 3086; x_wconf 86' lang='lat' dir='ltr'><strong>veterum</strong></span> <span class='ocrx_word' id='word_1_695' title='bbox 1522 3026 1712 3087; x_wconf 90' lang='lat' dir='ltr'><strong>dialectorum</strong></span> 
     </span>
     <span class='ocr_line' id='line_1_92' title="bbox 930 3111 1713 3194; baseline 0.008 -26"><span class='ocrx_word' id='word_1_696' title='bbox 930 3111 1096 3170; x_wconf 87' lang='lat' dir='ltr'><strong>sinceritate</strong></span> <span class='ocrx_word' id='word_1_697' title='bbox 1129 3113 1239 3172; x_wconf 80' lang='lat' dir='ltr'><strong>vixisse</strong></span> <span class='ocrx_word' id='word_1_698' title='bbox 1281 3129 1413 3192; x_wconf 90' lang='lat' dir='ltr'><strong>apertum</strong></span> <span class='ocrx_word' id='word_1_699' title='bbox 1451 3135 1485 3173; x_wconf 90' lang='lat' dir='ltr'><strong>ac</strong></span> <span class='ocrx_word' id='word_1_700' title='bbox 1525 3116 1713 3194; x_wconf 89' lang='lat' dir='ltr'><strong>perspicuum</strong></span> 
     </span>
     <span class='ocr_line' id='line_1_93' title="bbox 930 3198 1715 3280; baseline 0.009 -24"><span class='ocrx_word' id='word_1_701' title='bbox 930 3199 978 3260; x_wconf 90' lang='lat' dir='ltr'><strong>sit.</strong></span> <span class='ocrx_word' id='word_1_702' title='bbox 1003 3198 1082 3279; x_wconf 78' lang='lat'><strong>(178)</strong></span> <span class='ocrx_word' id='word_1_703' title='bbox 1106 3199 1220 3260; x_wconf 85' lang='lat' dir='ltr'><strong>Maneat</strong></span> <span class='ocrx_word' id='word_1_704' title='bbox 1243 3203 1334 3278; x_wconf 84' lang='lat' dir='ltr'><strong>igitur</strong></span> <span class='ocrx_word' id='word_1_705' title='bbox 1354 3203 1466 3262; x_wconf 84' lang='lat' dir='ltr'><strong>Timaeo</strong></span> <span class='ocrx_word' id='word_1_706' title='bbox 1490 3223 1577 3280; x_wconf 86' lang='lat' dir='ltr'><strong>quam</strong></span> <span class='ocrx_word' id='word_1_707' title='bbox 1604 3217 1715 3264; x_wconf 87' lang='lat' dir='ltr'><strong>veteres</strong></span> 
     </span>
     <span class='ocr_line' id='line_1_94' title="bbox 928 3288 1714 3369; baseline 0.008 -24"><span class='ocrx_word' id='word_1_708' title='bbox 928 3288 956 3345; x_wconf 88' lang='lat' dir='ltr'><strong>ei</strong></span> <span class='ocrx_word' id='word_1_709' title='bbox 986 3289 1158 3367; x_wconf 88' lang='lat' dir='ltr'><strong>impertiunt</strong></span> <span class='ocrx_word' id='word_1_710' title='bbox 1186 3289 1303 3349; x_wconf 92' lang='lat' dir='ltr'><strong>subtilis</strong></span> <span class='ocrx_word' id='word_1_711' title='bbox 1339 3293 1550 3369; x_wconf 83' lang='lat' dir='ltr'><strong>exquisitaeque</strong></span> <span class='ocrx_word' id='word_1_712' title='bbox 1575 3293 1714 3351; x_wconf 89' lang='lat' dir='ltr'><strong>doctrinae</strong></span> 
     </span>
     <span class='ocr_line' id='line_1_95' title="bbox 929 3376 1713 3456; baseline 0.004 -22"><span class='ocrx_word' id='word_1_713' title='bbox 929 3376 992 3435; x_wconf 87' lang='lat' dir='ltr'><strong>laus</strong></span> <span class='ocrx_word' id='word_1_714' title='bbox 1017 3378 1120 3456; x_wconf 83' lang='lat'><strong>(179),</strong></span> <span class='ocrx_word' id='word_1_715' title='bbox 1151 3376 1202 3435; x_wconf 89' lang='lat' dir='ltr'><strong>sed</strong></span> <span class='ocrx_word' id='word_1_716' title='bbox 1226 3377 1439 3438; x_wconf 86' lang='lat' dir='ltr'><strong>dissertationis</strong></span> <span class='ocrx_word' id='word_1_717' title='bbox 1470 3380 1592 3437; x_wconf 88' lang='lat' dir='ltr'><strong>minime</strong></span> <span class='ocrx_word' id='word_1_718' title='bbox 1617 3393 1713 3437; x_wconf 89' lang='lat' dir='ltr'><strong>conte·</strong></span> 
     </span>
     <span class='ocr_line' id='line_1_96' title="bbox 929 3465 1714 3545; baseline 0.005 -23"><span class='ocrx_word' id='word_1_719' title='bbox 929 3466 1061 3523; x_wconf 88' lang='lat' dir='ltr'><strong>mnendae</strong></span> <span class='ocrx_word' id='word_1_720' title='bbox 1075 3465 1135 3543; x_wconf 85' lang='grc' dir='ltr'><strong>περί</strong></span> <span class='ocrx_word' id='word_1_721' title='bbox 1157 3468 1244 3543; x_wconf 75' lang='grc' dir='ltr'><strong>ψυχᾶς</strong></span> <span class='ocrx_word' id='word_1_722' title='bbox 1268 3465 1361 3542; x_wconf 72' lang='lat' dir='ltr'><strong>sirpo</strong></span> <span class='ocrx_word' id='word_1_723' title='bbox 1385 3465 1431 3524; x_wconf 81' lang='grc' dir='ltr'><strong>καί</strong></span> <span class='ocrx_word' id='word_1_724' title='bbox 1446 3467 1534 3545; x_wconf 71' lang='lat' dir='ltr'><strong>priato&lt;</strong></span> <span class='ocrx_word' id='word_1_725' title='bbox 1548 3467 1637 3524; x_wconf 88' lang='lat' dir='ltr'><strong>alium</strong></span> <span class='ocrx_word' id='word_1_726' title='bbox 1651 3486 1714 3526; x_wconf 83' lang='lat' dir='ltr'><strong>esse</strong></span> 
     </span>
     <span class='ocr_line' id='line_1_97' title="bbox 928 3553 1712 3630; baseline 0.003 -21"><span class='ocrx_word' id='word_1_727' title='bbox 928 3554 1115 3612; x_wconf 90' lang='lat' dir='ltr'><strong>architectum</strong></span> <span class='ocrx_word' id='word_1_728' title='bbox 1137 3566 1280 3630; x_wconf 83' lang='lat' dir='ltr'><strong>perpetuo</strong></span> <span class='ocrx_word' id='word_1_729' title='bbox 1307 3553 1503 3612; x_wconf 81' lang='lat' dir='ltr'><strong>defendemus.</strong></span> <span class='ocrx_word' id='word_1_730' title='bbox 1529 3553 1712 3629; x_wconf 84' lang='lat' dir='ltr'><strong>Caeteroquin</strong></span> 
     </span>
     <span class='ocr_line' id='line_1_98' title="bbox 928 3641 1713 3720; baseline 0.003 -22"><span class='ocrx_word' id='word_1_731' title='bbox 928 3641 983 3700; x_wconf 93' lang='lat' dir='ltr'><strong>hoc</strong></span> <span class='ocrx_word' id='word_1_732' title='bbox 998 3641 1170 3720; x_wconf 84' lang='lat' dir='ltr'><strong>opusculum</strong></span> <span class='ocrx_word' id='word_1_733' title='bbox 1187 3641 1297 3719; x_wconf 89' lang='lat' dir='ltr'><strong>prodiit</strong></span> <span class='ocrx_word' id='word_1_734' title='bbox 1308 3643 1436 3719; x_wconf 86' lang='lat' dir='ltr'><strong>primurn</strong></span> <span class='ocrx_word' id='word_1_735' title='bbox 1451 3642 1540 3699; x_wconf 90' lang='lat' dir='ltr'><strong>latine</strong></span> <span class='ocrx_word' id='word_1_736' title='bbox 1560 3661 1625 3699; x_wconf 89' lang='lat' dir='ltr'><strong>cum</strong></span> <span class='ocrx_word' id='word_1_737' title='bbox 1646 3641 1713 3700; x_wconf 90' lang='lat' dir='ltr'><strong>aliis</strong></span> 
     </span>
     <span class='ocr_line' id='line_1_99' title="bbox 929 3727 1712 3807; baseline 0.003 -23"><span class='ocrx_word' id='word_1_738' title='bbox 929 3741 1059 3786; x_wconf 86' lang='lat' dir='ltr'><strong>veterum</strong></span> <span class='ocrx_word' id='word_1_739' title='bbox 1080 3729 1283 3807; x_wconf 86' lang='lat' dir='ltr'><strong>voluminibus</strong></span> <span class='ocrx_word' id='word_1_740' title='bbox 1301 3729 1429 3804; x_wconf 83' lang='lat' dir='ltr'><strong>Georgio</strong></span> <span class='ocrx_word' id='word_1_741' title='bbox 1449 3727 1532 3786; x_wconf 86' lang='lat' dir='ltr'><strong>Valla</strong></span> <span class='ocrx_word' id='word_1_742' title='bbox 1554 3728 1712 3806; x_wconf 87' lang='lat' dir='ltr'><strong>interprete</strong></span> 
     </span>
     <span class='ocr_line' id='line_1_100' title="bbox 927 3814 1712 3888; baseline 0.005 -17"><span class='ocrx_word' id='word_1_743' title='bbox 927 3814 1066 3874; x_wconf 88' lang='lat' dir='ltr'><strong>Venetiis·</strong></span> <span class='ocrx_word' id='word_1_744' title='bbox 1082 3816 1157 3882; x_wconf 76' lang='lat'><strong>1488</strong></span> <span class='ocrx_word' id='word_1_745' title='bbox 1180 3816 1274 3884; x_wconf 74' lang='lat' dir='ltr'><strong>forma</strong></span> <span class='ocrx_word' id='word_1_746' title='bbox 1298 3817 1441 3888; x_wconf 88' lang='lat' dir='ltr'><strong>maxima,</strong></span> <span class='ocrx_word' id='word_1_747' title='bbox 1468 3815 1574 3874; x_wconf 93' lang='lat' dir='ltr'><strong>deinde</strong></span> <span class='ocrx_word' id='word_1_748' title='bbox 1601 3815 1712 3875; x_wconf 87' lang='lat' dir='ltr'><strong>ibidem</strong></span> 
     </span>
     <span class='ocr_line' id='line_1_101' title="bbox 928 3902 1711 3980; baseline 0.003 -20"><span class='ocrx_word' id='word_1_749' title='bbox 928 3904 1041 3961; x_wconf 90' lang='lat' dir='ltr'><strong>octonis</strong></span> <span class='ocrx_word' id='word_1_750' title='bbox 1054 3923 1119 3960; x_wconf 90' lang='lat' dir='ltr'><strong>cum</strong></span> <span class='ocrx_word' id='word_1_751' title='bbox 1145 3902 1288 3961; x_wconf 72' lang='lat' dir='ltr'><strong>ludovici</strong></span> <span class='ocrx_word' id='word_1_752' title='bbox 1304 3902 1458 3980; x_wconf 82' lang='lat' dir='ltr'><strong>Nogarolae</strong></span> <span class='ocrx_word' id='word_1_753' title='bbox 1480 3904 1669 3962; x_wconf 89' lang='lat' dir='ltr'><strong>translatione</strong></span> <span class='ocrx_word' id='word_1_754' title='bbox 1683 3917 1711 3962; x_wconf 86' lang='lat' dir='ltr'><strong>et</strong></span> 
     </span>
     <span class='ocr_line' id='line_1_102' title="bbox 928 3991 1706 4068; baseline -0.001 -19"><span class='ocrx_word' id='word_1_755' title='bbox 928 3991 1144 4050; x_wconf 90' lang='lat' dir='ltr'><strong>commentariis</strong></span> <span class='ocrx_word' id='word_1_756' title='bbox 1167 3991 1254 4062; x_wconf 84' lang='lat'><strong>1555,</strong></span> <span class='ocrx_word' id='word_1_757' title='bbox 1268 4003 1329 4049; x_wconf 92' lang='lat' dir='ltr'><strong>tum</strong></span> <span class='ocrx_word' id='word_1_758' title='bbox 1343 3992 1419 4051; x_wconf 91' lang='lat' dir='ltr'><strong>inter</strong></span> <span class='ocrx_word' id='word_1_759' title='bbox 1433 3991 1546 4067; x_wconf 86' lang='lat' dir='ltr'><strong>Scripta</strong></span> <span class='ocrx_word' id='word_1_760' title='bbox 1558 3992 1706 4068; x_wconf 85' lang='lat' dir='ltr'><strong>llytholo-</strong></span> 
     </span>
     <span class='ocr_line' id='line_1_103' title="bbox 928 4078 1710 4158; baseline -0.003 -21"><span class='ocrx_word' id='word_1_761' title='bbox 928 4080 1003 4154; x_wconf 81' lang='lat' dir='ltr'><strong>gius,</strong></span> <span class='ocrx_word' id='word_1_762' title='bbox 1012 4079 1137 4155; x_wconf 82' lang='lat' dir='ltr'><strong>Physica</strong></span> <span class='ocrx_word' id='word_1_763' title='bbox 1145 4092 1173 4137; x_wconf 94' lang='lat' dir='ltr'><strong>et</strong></span> <span class='ocrx_word' id='word_1_764' title='bbox 1183 4078 1284 4137; x_wconf 85' lang='lat' dir='ltr'><strong>Ethica</strong></span> <span class='ocrx_word' id='word_1_765' title='bbox 1296 4099 1312 4137; x_wconf 92' lang='lat' dir='ltr'><strong>a</strong></span> <span class='ocrx_word' id='word_1_766' title='bbox 1324 4079 1349 4136; x_wconf 89' lang='grc' dir='ltr'><strong>Τ</strong></span> <span class='ocrx_word' id='word_1_767' title='bbox 1351 4081 1436 4137; x_wconf 87' lang='lat' dir='ltr'><strong>homa</strong></span> <span class='ocrx_word' id='word_1_768' title='bbox 1445 4080 1536 4137; x_wconf 89' lang='lat' dir='ltr'><strong>Galeo</strong></span> <span class='ocrx_word' id='word_1_769' title='bbox 1545 4078 1624 4158; x_wconf 87' lang='lat'>(180)</span> <span class='ocrx_word' id='word_1_770' title='bbox 1636 4079 1710 4136; x_wconf 86' lang='lat' dir='ltr'><strong>Can-</strong></span> 
     </span>
    </p>
   </div>
   <div class='ocr_carea' id='block_1_11' title="bbox 925 4270 1710 5316">
    <p class='ocr_par' dir='ltr' id='par_1_13' title="bbox 925 4270 1710 5316">
     <span class='ocr_line' id='line_1_104' title="bbox 959 4270 1710 4336; baseline -0.007 -14"><span class='ocrx_word' id='word_1_771' title='bbox 959 4273 1025 4336; x_wconf 78' lang='lat'>(¹79)</span> <span class='ocrx_word' id='word_1_772' title='bbox 1042 4274 1189 4335; x_wconf 82' lang='lat' dir='ltr'><strong>Plriloponus</strong></span> <span class='ocrx_word' id='word_1_773' title='bbox 1204 4273 1331 4322; x_wconf 85' lang='lat' dir='ltr'><strong>commin</strong></span> <span class='ocrx_word' id='word_1_774' title='bbox 1346 4272 1479 4322; x_wconf 80' lang='lat' dir='ltr'><strong>Aristotelis</strong></span> <span class='ocrx_word' id='word_1_775' title='bbox 1495 4271 1567 4320; x_wconf 89' lang='lat' dir='ltr'><strong>libros</strong></span> <span class='ocrx_word' id='word_1_776' title='bbox 1580 4271 1611 4320; x_wconf 88' lang='lat' dir='ltr'><strong>de</strong></span> <span class='ocrx_word' id='word_1_777' title='bbox 1625 4270 1710 4320; x_wconf 79' lang='lat' dir='ltr'><strong>Anima</strong></span> 
     </span>
     <span class='ocr_line' id='line_1_105' title="bbox 927 4339 1709 4406; baseline -0.005 -16"><span class='ocrx_word' id='word_1_778' title='bbox 927 4341 962 4390; x_wconf 83' lang='lat' dir='ltr'><strong>iit.</strong></span> <span class='ocrx_word' id='word_1_779' title='bbox 974 4345 1002 4392; x_wconf 88' lang='grc' dir='ltr'><strong>ί).</strong></span> <span class='ocrx_word' id='word_1_780' title='bbox 1012 4349 1026 4390; x_wconf 85' lang='grc'>9</span> <span class='ocrx_word' id='word_1_781' title='bbox 1036 4343 1072 4392; x_wconf 85' lang='grc' dir='ltr'><strong>δτι</strong></span> <span class='ocrx_word' id='word_1_782' title='bbox 1081 4345 1105 4391; x_wconf 87' lang='grc' dir='ltr'><strong>ἐν</strong></span> <span class='ocrx_word' id='word_1_783' title='bbox 1114 4344 1157 4399; x_wconf 77' lang='grc' dir='ltr'><strong>ἔξει</strong></span> <span class='ocrx_word' id='word_1_784' title='bbox 1165 4343 1193 4402; x_wconf 79' lang='grc' dir='ltr'><strong>ῆν</strong></span> <span class='ocrx_word' id='word_1_785' title='bbox 1201 4343 1317 4406; x_wconf 73' lang='grc' dir='ltr'><strong>ἀκροτάτη</strong></span> <span class='ocrx_word' id='word_1_786' title='bbox 1327 4342 1448 4402; x_wconf 86' lang='grc' dir='ltr'><strong>θΤίμαιος</strong></span> <span class='ocrx_word' id='word_1_787' title='bbox 1459 4339 1536 4398; x_wconf 84' lang='grc' dir='ltr'><strong>πάσης</strong></span> <span class='ocrx_word' id='word_1_788' title='bbox 1549 4342 1709 4402; x_wconf 88' lang='grc' dir='ltr'><strong>μαθηματικῆς</strong></span> 
     </span>
     <span class='ocr_line' id='line_1_106' title="bbox 926 4409 1708 4474; baseline -0.004 -15"><span class='ocrx_word' id='word_1_789' title='bbox 926 4412 1070 4473; x_wconf 76' lang='grc' dir='ltr'><strong>ίπιστήμης,</strong></span> <span class='ocrx_word' id='word_1_790' title='bbox 1081 4413 1235 4474; x_wconf 83' lang='grc' dir='ltr'><strong>γεωμετρίας,</strong></span> <span class='ocrx_word' id='word_1_791' title='bbox 1246 4412 1409 4474; x_wconf 84' lang='grc' dir='ltr'><strong>ἀριθμητικῆς,</strong></span> <span class='ocrx_word' id='word_1_792' title='bbox 1420 4415 1533 4471; x_wconf 86' lang='grc' dir='ltr'><strong>μουσικῆς</strong></span> <span class='ocrx_word' id='word_1_793' title='bbox 1541 4426 1566 4458; x_wconf 90' lang='grc' dir='ltr'><strong>τε</strong></span> <span class='ocrx_word' id='word_1_794' title='bbox 1574 4409 1613 4455; x_wconf 88' lang='grc' dir='ltr'><strong>καί</strong></span> <span class='ocrx_word' id='word_1_795' title='bbox 1624 4409 1708 4472; x_wconf 85' lang='grc' dir='ltr'><strong>οἰστρο-</strong></span> 
     </span>
     <span class='ocr_line' id='line_1_107' title="bbox 926 4477 1709 4545; baseline -0.008 -14"><span class='ocrx_word' id='word_1_796' title='bbox 926 4483 1022 4544; x_wconf 85' lang='grc' dir='ltr'><strong>νομίας,</strong></span> <span class='ocrx_word' id='word_1_797' title='bbox 1034 4484 1062 4532; x_wconf 78' lang='lat' dir='ltr'><strong>la</strong></span> <span class='ocrx_word' id='word_1_798' title='bbox 1086 4489 1132 4532; x_wconf 83' lang='grc' dir='ltr'><strong>τῶν</strong></span> <span class='ocrx_word' id='word_1_799' title='bbox 1153 4483 1229 4532; x_wconf 82' lang='grc' dir='ltr'><strong>αὐτῶν</strong></span> <span class='ocrx_word' id='word_1_800' title='bbox 1244 4482 1319 4545; x_wconf 80' lang='grc' dir='ltr'><strong>λέγων</strong></span> <span class='ocrx_word' id='word_1_801' title='bbox 1332 4483 1403 4544; x_wconf 73' lang='grc' dir='ltr'><strong>σαφὲς</strong></span> <span class='ocrx_word' id='word_1_802' title='bbox 1419 4482 1528 4530; x_wconf 87' lang='grc' dir='ltr'><strong>συνιδεῖν.</strong></span> <span class='ocrx_word' id='word_1_803' title='bbox 1542 4477 1607 4540; x_wconf 79' lang='lat' dir='ltr'><strong>(tau)</strong></span> <span class='ocrx_word' id='word_1_804' title='bbox 1622 4478 1669 4536; x_wconf 87' lang='lat' dir='ltr'><strong>Qui</strong></span> <span class='ocrx_word' id='word_1_805' title='bbox 1684 4477 1709 4526; x_wconf 92' lang='lat' dir='ltr'><strong>in</strong></span> 
     </span>
     <span class='ocr_line' id='line_1_108' title="bbox 927 4545 1708 4610; baseline -0.004 -11"><span class='ocrx_word' id='word_1_806' title='bbox 927 4551 1071 4601; x_wconf 83' lang='lat' dir='ltr'><strong>Prmiatioue</strong></span> <span class='ocrx_word' id='word_1_807' title='bbox 1083 4553 1191 4601; x_wconf 85' lang='lat' dir='ltr'><strong>Platonis</strong></span> <span class='ocrx_word' id='word_1_808' title='bbox 1203 4551 1322 4601; x_wconf 80' lang='lat' dir='ltr'><strong>Timaeum</strong></span> <span class='ocrx_word' id='word_1_809' title='bbox 1334 4564 1389 4600; x_wconf 89' lang='lat' dir='ltr'><strong>cum</strong></span> <span class='ocrx_word' id='word_1_810' title='bbox 1404 4547 1563 4610; x_wconf 77' lang='lat' dir='ltr'><strong>Pythagorico</strong></span> <span class='ocrx_word' id='word_1_811' title='bbox 1578 4545 1708 4606; x_wconf 82' lang='lat' dir='ltr'><strong>exemplari</strong></span> 
     </span>
     <span class='ocr_line' id='line_1_109' title="bbox 926 4615 1709 4683; baseline -0.008 -13"><span class='ocrx_word' id='word_1_812' title='bbox 926 4622 962 4670; x_wconf 91' lang='lat' dir='ltr'><strong>sio</strong></span> <span class='ocrx_word' id='word_1_813' title='bbox 974 4624 1100 4683; x_wconf 85' lang='lat' dir='ltr'><strong>comparat</strong></span> <span class='ocrx_word' id='word_1_814' title='bbox 1114 4640 1121 4671; x_wconf 79' lang='grc' dir='ltr'><strong>ι</strong></span> <span class='ocrx_word' id='word_1_815' title='bbox 1138 4640 1152 4665; x_wconf 83' lang='grc' dir='ltr'>ι</span> <span class='ocrx_word' id='word_1_816' title='bbox 1166 4620 1273 4670; x_wconf 76' lang='lat' dir='ltr'><strong>Timaeus</strong></span> <span class='ocrx_word' id='word_1_817' title='bbox 1287 4620 1364 4680; x_wconf 84' lang='lat' dir='ltr'><strong>major</strong></span> <span class='ocrx_word' id='word_1_818' title='bbox 1377 4619 1500 4667; x_wconf 80' lang='lat' dir='ltr'><strong>occasione</strong></span> <span class='ocrx_word' id='word_1_819' title='bbox 1514 4615 1587 4677; x_wconf 83' lang='lat' dir='ltr'><strong>hujus</strong></span> <span class='ocrx_word' id='word_1_820' title='bbox 1606 4615 1709 4677; x_wconf 81' lang='lat' dir='ltr'><strong>scriptus</strong></span> 
     </span>
     <span class='ocr_line' id='line_1_110' title="bbox 926 4686 1708 4755; baseline -0.006 -15"><span class='ocrx_word' id='word_1_821' title='bbox 926 4703 941 4740; x_wconf 88' lang='lat' dir='ltr'><strong>a</strong></span> <span class='ocrx_word' id='word_1_822' title='bbox 955 4692 1066 4754; x_wconf 82' lang='lat' dir='ltr'><strong>Platone,</strong></span> <span class='ocrx_word' id='word_1_823' title='bbox 1082 4695 1151 4755; x_wconf 84' lang='lat' dir='ltr'><strong>potes</strong></span> <span class='ocrx_word' id='word_1_824' title='bbox 1164 4691 1294 4750; x_wconf 84' lang='lat' dir='ltr'><strong>dubitare,</strong></span> <span class='ocrx_word' id='word_1_825' title='bbox 1308 4689 1495 4739; x_wconf 87' lang='lat' dir='ltr'><strong>illustrioremne</strong></span> <span class='ocrx_word' id='word_1_826' title='bbox 1504 4699 1535 4735; x_wconf 88' lang='grc' dir='ltr'><strong>ειι</strong></span> <span class='ocrx_word' id='word_1_827' title='bbox 1545 4686 1708 4736; x_wconf 85' lang='lat' dir='ltr'><strong>obscuriorem</strong></span> 
     </span>
     <span class='ocr_line' id='line_1_111' title="bbox 926 4756 1708 4820; baseline -0.012 -8"><span class='ocrx_word' id='word_1_828' title='bbox 926 4761 1065 4812; x_wconf 84' lang='lat' dir='ltr'><strong>reddiderit.</strong></span> <span class='ocrx_word' id='word_1_829' title='bbox 1077 4765 1148 4812; x_wconf 88' lang='lat' dir='ltr'><strong>certe</strong></span> <span class='ocrx_word' id='word_1_830' title='bbox 1158 4762 1216 4810; x_wconf 90' lang='lat' dir='ltr'><strong>dum</strong></span> <span class='ocrx_word' id='word_1_831' title='bbox 1228 4759 1348 4820; x_wconf 81' lang='lat' dir='ltr'><strong>dialogum</strong></span> <span class='ocrx_word' id='word_1_832' title='bbox 1360 4771 1431 4807; x_wconf 84' lang='lat' dir='ltr'><strong>suum</strong></span> <span class='ocrx_word' id='word_1_833' title='bbox 1441 4756 1548 4813; x_wconf 77' lang='grc' dir='ltr'><strong>κτενίζων</strong></span> <span class='ocrx_word' id='word_1_834' title='bbox 1558 4758 1599 4805; x_wconf 83' lang='grc' dir='ltr'><strong>καὶ</strong></span> <span class='ocrx_word' id='word_1_835' title='bbox 1609 4757 1708 4820; x_wconf 87' lang='grc' dir='ltr'><strong>βοστρυ-</strong></span> 
     </span>
     <span class='ocr_line' id='line_1_112' title="bbox 927 4826 1709 4895; baseline -0.006 -14"><span class='ocrx_word' id='word_1_836' title='bbox 927 4832 1000 4895; x_wconf 72' lang='grc' dir='ltr'><strong>χίζων</strong></span> <span class='ocrx_word' id='word_1_837' title='bbox 1014 4833 1071 4882; x_wconf 86' lang='lat' dir='ltr'><strong>huic</strong></span> <span class='ocrx_word' id='word_1_838' title='bbox 1083 4831 1244 4883; x_wconf 82' lang='lat' dir='ltr'><strong>Locroiucem</strong></span> <span class='ocrx_word' id='word_1_839' title='bbox 1258 4829 1318 4878; x_wconf 84' lang='lat' dir='ltr'><strong>dare</strong></span> <span class='ocrx_word' id='word_1_840' title='bbox 1337 4827 1433 4878; x_wconf 81' lang='lat' dir='ltr'><strong>studuit</strong></span> <span class='ocrx_word' id='word_1_841' title='bbox 1449 4826 1532 4888; x_wconf 82' lang='lat' dir='ltr'><strong>Plato,</strong></span> <span class='ocrx_word' id='word_1_842' title='bbox 1545 4826 1569 4875; x_wconf 89' lang='lat' dir='ltr'><strong>in</strong></span> <span class='ocrx_word' id='word_1_843' title='bbox 1588 4827 1709 4876; x_wconf 83' lang='lat' dir='ltr'><strong>nonnullis</strong></span> 
     </span>
     <span class='ocr_line' id='line_1_113' title="bbox 925 4895 1708 4965; baseline -0.009 -14"><span class='ocrx_word' id='word_1_844' title='bbox 925 4901 983 4951; x_wconf 88' lang='lat' dir='ltr'><strong>locis</strong></span> <span class='ocrx_word' id='word_1_845' title='bbox 1001 4903 1134 4965; x_wconf 86' lang='lat' dir='ltr'><strong>simplicem</strong></span> <span class='ocrx_word' id='word_1_846' title='bbox 1152 4904 1176 4950; x_wconf 90' lang='lat' dir='ltr'><strong>et</strong></span> <span class='ocrx_word' id='word_1_847' title='bbox 1192 4901 1286 4949; x_wconf 87' lang='lat' dir='ltr'><strong>rectum</strong></span> <span class='ocrx_word' id='word_1_848' title='bbox 1307 4897 1449 4959; x_wconf 82' lang='lat' dir='ltr'><strong>scriptorem</strong></span> <span class='ocrx_word' id='word_1_849' title='bbox 1461 4896 1519 4944; x_wconf 81' lang='lat' dir='ltr'><strong>anili</strong></span> <span class='ocrx_word' id='word_1_850' title='bbox 1539 4895 1708 4957; x_wconf 86' lang='lat' dir='ltr'><strong>superstitione</strong></span> 
     </span>
     <span class='ocr_line' id='line_1_114' title="bbox 926 4965 1708 5033; baseline -0.009 -13"><span class='ocrx_word' id='word_1_851' title='bbox 926 4972 1044 5033; x_wconf 88' lang='lat' dir='ltr'><strong>corrupit.</strong></span> <span class='ocrx_word' id='word_1_852' title='bbox 1056 4973 1115 5022; x_wconf 83' lang='lat' dir='ltr'><strong>Erat</strong></span> <span class='ocrx_word' id='word_1_853' title='bbox 1127 4971 1222 5020; x_wconf 88' lang='lat' dir='ltr'><strong>animos</strong></span> <span class='ocrx_word' id='word_1_854' title='bbox 1233 4967 1362 5031; x_wconf 85' lang='lat' dir='ltr'><strong>quaedam,</strong></span> <span class='ocrx_word' id='word_1_855' title='bbox 1376 4965 1441 5029; x_wconf 81' lang='lat' dir='ltr'><strong>qood</strong></span> <span class='ocrx_word' id='word_1_856' title='bbox 1457 4967 1524 5016; x_wconf 79' lang='lat' dir='ltr'><strong>troile</strong></span> <span class='ocrx_word' id='word_1_857' title='bbox 1537 4965 1588 5015; x_wconf 87' lang='lat' dir='ltr'><strong>lieri</strong></span> <span class='ocrx_word' id='word_1_858' title='bbox 1599 4969 1708 5027; x_wconf 84' lang='lat' dir='ltr'><strong>poterat,</strong></span> 
     </span>
     <span class='ocr_line' id='line_1_115' title="bbox 926 5034 1709 5106; baseline -0.01 -14"><span class='ocrx_word' id='word_1_859' title='bbox 926 5056 955 5092; x_wconf 85' lang='lat' dir='ltr'><strong>ex</strong></span> <span class='ocrx_word' id='word_1_860' title='bbox 968 5042 1105 5093; x_wconf 78' lang='lat' dir='ltr'><strong>lamblicho</strong></span> <span class='ocrx_word' id='word_1_861' title='bbox 1116 5044 1168 5106; x_wconf 81' lang='grc' dir='ltr'><strong>περὶ</strong></span> <span class='ocrx_word' id='word_1_862' title='bbox 1181 5045 1260 5099; x_wconf 84' lang='grc' dir='ltr'><strong>κοινῆς</strong></span> <span class='ocrx_word' id='word_1_863' title='bbox 1275 5041 1446 5104; x_wconf 81' lang='grc' dir='ltr'><strong>μαθηματικῆς,</strong></span> <span class='ocrx_word' id='word_1_864' title='bbox 1458 5036 1557 5098; x_wconf 80' lang='grc' dir='ltr'><strong>Ρτοολο,</strong></span> <span class='ocrx_word' id='word_1_865' title='bbox 1573 5034 1673 5098; x_wconf 81' lang='lat' dir='ltr'><strong>syriano</strong></span> <span class='ocrx_word' id='word_1_866' title='bbox 1684 5039 1709 5084; x_wconf 91' lang='lat' dir='ltr'><strong>et</strong></span> 
     </span>
     <span class='ocr_line' id='line_1_116' title="bbox 927 5108 1709 5176; baseline -0.013 -13"><span class='ocrx_word' id='word_1_867' title='bbox 927 5113 1054 5163; x_wconf 85' lang='lat' dir='ltr'><strong>Damascio</strong></span> <span class='ocrx_word' id='word_1_868' title='bbox 1067 5112 1229 5176; x_wconf 87' lang='lat' dir='ltr'><strong>(quiquidem</strong></span> <span class='ocrx_word' id='word_1_869' title='bbox 1241 5118 1266 5162; x_wconf 88' lang='lat' dir='ltr'><strong>et</strong></span> <span class='ocrx_word' id='word_1_870' title='bbox 1279 5112 1323 5173; x_wconf 85' lang='lat' dir='ltr'><strong>ipsi</strong></span> <span class='ocrx_word' id='word_1_871' title='bbox 1341 5110 1493 5169; x_wconf 73' lang='lat' dir='ltr'><strong>inmajorata</strong></span> <span class='ocrx_word' id='word_1_872' title='bbox 1509 5108 1628 5157; x_wconf 73' lang='lat' dir='ltr'><strong>Timarum</strong></span> <span class='ocrx_word' id='word_1_873' title='bbox 1642 5119 1709 5155; x_wconf 87' lang='lat' dir='ltr'><strong>com·</strong></span> 
     </span>
     <span class='ocr_line' id='line_1_117' title="bbox 926 5181 1707 5246; baseline -0.008 -14"><span class='ocrx_word' id='word_1_874' title='bbox 926 5183 1028 5232; x_wconf 76' lang='lat' dir='ltr'><strong>mentali</strong></span> <span class='ocrx_word' id='word_1_875' title='bbox 1038 5187 1105 5244; x_wconf 90' lang='lat' dir='ltr'><strong>sunt,</strong></span> <span class='ocrx_word' id='word_1_876' title='bbox 1112 5184 1219 5246; x_wconf 88' lang='lat' dir='ltr'><strong>aliosque</strong></span> <span class='ocrx_word' id='word_1_877' title='bbox 1230 5183 1339 5244; x_wconf 78' lang='lat' dir='ltr'><strong>eiusdem</strong></span> <span class='ocrx_word' id='word_1_878' title='bbox 1348 5184 1551 5232; x_wconf 80' lang='lat' dir='ltr'><strong>commentatores</strong></span> <span class='ocrx_word' id='word_1_879' title='bbox 1557 5181 1707 5237; x_wconf 84' lang='lat' dir='ltr'><strong>crantorem,</strong></span> 
     </span>
     <span class='ocr_line' id='line_1_118' title="bbox 925 5251 1706 5316; baseline -0.009 -14"><span class='ocrx_word' id='word_1_880' title='bbox 925 5252 1231 5316; x_wconf 73' lang='lat' dir='ltr'><strong>Longinumtiumenium,</strong></span> <span class='ocrx_word' id='word_1_881' title='bbox 1243 5254 1384 5316; x_wconf 71' lang='lat' dir='ltr'><strong>origenem,</strong></span> <span class='ocrx_word' id='word_1_882' title='bbox 1393 5251 1568 5316; x_wconf 81' lang='lat' dir='ltr'><strong>Porphyrium,</strong></span> <span class='ocrx_word' id='word_1_883' title='bbox 1581 5251 1706 5306; x_wconf 85' lang='lat' dir='ltr'><strong>Severum,</strong></span> 
     </span>
    </p>
   </div>
   <div class='ocr_carea' id='block_1_12' title="bbox 0 0 1984 5925">
    <p class='ocr_par' dir='ltr' id='par_1_14' title="bbox 0 0 1984 5925">
     <span class='ocr_line' id='line_1_119' title="bbox 0 0 1984 5925; baseline 0 0"><span class='ocrx_word' id='word_1_884' title='bbox 0 0 1984 5925; x_wconf 95' lang='lat' dir='ltr'><strong> </strong></span> 
     </span>
    </p>
   </div>
  </div>
 </body>
</html>
