3959 5925
700 361 739 420 IN
766 358 939 420 TIMAEUM
972 355 1176 418 PLATONlS.
1436 352 1438 356 ’
1678 362 1733 412 251

26 480 32 488 ¹
130 496 169 547 lito
177 493 318 553 similitudo,
326 461 538 555 quamtiorncrum
548 491 607 541 dicit
615 491 908 554 cognominassess'apqo·
953 488 1016 536 tium
1030 489 1153 550 practerea,
1165 497 1197 534 ec
1209 497 1260 547 quo
1271 482 1473 532 similitudinem
1485 481 1571 532 trabit
1582 485 1737 532 mutuatur-

129 590 182 648 χῆι,
192 581 433 644 buriorsotuliorqne
441 579 496 639 erit,
506 579 574 628 facite
584 578 683 642 quidem
691 577 850 639 discunt,sed
863 577 910 626 cito
954 588 1005 640 que
1029 573 1100 638 quod
1125 575 1251 635 pipnitur,
1270 571 1324 620 idea
1346 570 1450 630 scilicet,
1470 583 1524 632 qnae
1543 570 1682 632 exemptum
1700 573 1739 622 eat

129 670 253 728 amittunt,
262 666 379 716 obsoletis
389 667 421 716 ob
435 659 534 716 nimiam
548 666 710 716 remissionem
725 678 788 714 ceras
803 665 910 726 signacu-
955 675 1037 712 rerum
1050 661 1172 722 omntnm,
1188 672 1249 722 quas
1261 660 1347 709 natura
1362 658 1500 720 progenuit,
1514 657 1561 706 boc
1581 660 1618 707 est
1635 671 1738 720 eorum,

130 758 166 807 iis.
199 756 287 805 contra
314 753 403 815 ingenii
424 753 562 816 mentisque
583 752 667 802 durior
686 765 741 802 cera
764 752 807 800 nix
827 752 912 814 recipit
954 763 1010 813 qum
1022 748 1089 798 silum
1100 748 1167 810 quasi
1179 745 1285 809 quodam
1295 746 1386 808 gremio
1398 743 1561 805 continentur,
1572 743 1738 807 exemplorum

130 845 220 894 formas
234 855 289 904 qaae
306 840 500 903 imprimantur:
512 840 589 890 sed·
569 836 709 902 srnnqnam
725 839 854 901 receperit,
870 839 910 889 diu
955 837 1072 898 imagines
1082 848 1136 885 esse
1149 833 1273 884 dicuntur.
1305 831 1510 882 Deindeevideuti
1523 831 1627 893 quadam
1641 843 1739 894 compa

129 935 256 980 conservat
272 941 372 988 operose
393 928 522 991 impressas
546 929 648 990 ferires
662 930 743 990 utpote
763 927 841 976 stabili
863 941 912 976 ma·
955 925 1063 985 ratione,
1080 922 1288 986 atqueexemplo,
1299 920 1457 982 questionem
1478 921 1576 969 revelat.
1609 921 1740 992 comparat

130 1017 191 1067 teria
208 1016 309 1065 locatas.
347 1014 428 1065 Tertia
450 1015 539 1065 divinae
562 1015 682 1065 felicitatis
704 1015 840 1076 concretio,
857 1028 911 1064 cum
955 1012 1029 1074 enim,
1042 1011 1108 1074 quod
1122 1010 1242 1073 percrprt
1234 1023 1259 1058 ιιι
1271 1023 1299 1058 se
1310 1021 1410 1070 spectes
1427 1011 1520 1068 matri,
1539 1008 1649 1058 videlicet
1660 1008 1738 1058 stium
1833 1044 1835 1050 ,

129 1117 191 1154 cerae
205 1102 338 1154 similitudo
354 1102 477 1153 sicsotida
491 1105 542 1167 est,
554 1105 674 1166 utusque
691 1105 790 1164 respuat
806 1104 911 1163 formas,
956 1100 1090 1152 Haecenim
1108 1098 1314 1162 recipitanatura
1329 1096 1434 1159 proditas
1455 1097 1555 1157 species
1588 1095 1649 1145 illud
1665 1109 1740 1156 vero,

130 1205 175 1243 nec
188 1191 306 1243 renitatur
320 1190 449 1240 adversum
462 1191 644 1254 impressionem
660 1191 851 1254 signaculorum,
867 1204 913 1240 nec
956 1202 988 1238 cx
1002 1201 1051 1251 quo
1062 1186 1194 1236 similitudo
1204 1188 1339 1245 commeat,
1350 1183 1493 1248 patri„boc
1503 1186 1540 1233 est
1549 1183 1624 1233 ideae.
1661 1183 1741 1244 Huius

131 1282 165 1331 ita
185 1280 251 1330 fluxa
273 1279 374 1342 recipiat
389 1279 462 1342 sede,
479 1283 507 1328 ol
531 1279 628 1330 incerte
645 1278 790 1342 minimeque
806 1279 912 1329 visibiles
957 1276 1021 1324 enim
1032 1274 1211 1324 similitudinem
1224 1274 1363 1322 memoratae
1382 1271 1472 1342 species
1488 1273 1637 1321 mutuantur.
1671 1270 1742 1328 Quod

129 1367 299 1432 impressiones
310 1367 367 1417 sint.
957 1375 1016 1412 vero
1030 1375 1060 1410 err
1081 1361 1118 1410 bis
1132 1360 1228 1410 duobus
1242 1361 1291 1421 est,
1305 1359 1386 1424 proli,
1399 1360 1519 1420 generatae
1540 1357 1630 1407 scilicet
1646 1357 1741 1421 speciei.

161 1457 319 1505 cccxxvtl.
342 1458 413 1505 ttunc
434 1455 548 1518 quoniam
572 1454 702 1504 informem
728 1468 797 1516 esse,
813 1468 842 1504 ac
862 1454 914 1504 siue
958 1452 1002 1500 Est
1015 1449 1079 1500 enim
1091 1449 1144 1498 bmc
1156 1447 1488 1511 positainternaturamuere
1499 1445 1670 1506 exsistentem,
1683 1458 1741 1495 cou-

131 1543 259 1607 qualitate,
284 1540 370 1591 silvam
401 1542 612 1604 manifestaverat,
631 1542 786 1592 immobilem
814 1557 913 1606 quoque
958 1536 1237 1598 stantcm‚eandcmque
1250 1547 1353 1596 semper,
1364 1533 1476 1582 nimirum
1490 1535 1586 1596 ideam,
1602 1547 1657 1596 quae
1671 1534 1741 1584 intel·

132 1631 203 1678 curat
216 1627 359 1689 ostendente,
371 1639 482 1677 assereus
494 1629 592 1677 moueri
606 1640 676 1688 eam,
687 1627 912 1692 conformarique,
958 1625 1033 1675 lectus
1044 1624 1088 1674 Dei
1098 1623 1181 1674 aetemi
1194 1625 1232 1672 est
1243 1624 1348 1672 eternus
1361 1635 1368 1670 :
1382 1627 1406 1671 et
1417 1622 1541 1671 inteream
1552 1623 1678 1683 naturam,
1687 1635 1743 1686 qum

132 1717 167 1768 ab
179 1715 372 1766 introeuntibus
385 1714 547 1773 multimodis,
558 1727 615 1763 cum
628 1715 680 1776 ipsa
691 1716 725 1764 ita
736 1718 764 1765 ut
778 1717 861 1765 formae
878 1717 913 1765 sic
958 1698 1113 1774 estquidem,
1127 1711 1227 1760 sednon
1241 1709 1324 1758 eadem
1334 1722 1438 1771 semper,
1449 1709 1471 1756 id
1484 1711 1521 1758 est
1532 1709 1628 1760 silvam.
1649 1711 1744 1773 Quippe

132 1801 809 1865 motusquoqnesitexpm,sedospecteicssornmm
821 1802 914 1866 baben·
958 1799 1026 1861 tunc,
1039 1801 1125 1848 natura
1144 1811 1188 1848 suo
1211 1798 1270 1846 utbit
1296 1803 1334 1846 est
1356 1811 1440 1846 eorum
1464 1810 1518 1859 qum
1535 1799 1675 1858 sunt,·cum
1695 1799 1745 1848 sint

134 1891 203 1940 tibus
224 1891 397 1952 aelnotum,
417 1889 799 1953 benedicersequesomacri.
832 1894 914 1942 bianet
958 1896 1055 1938 aeterna.
1088 1891 1150 1950 Ergo
1162 1887 1227 1949 qnod
1250 1887 1311 1936 inter
1324 1886 1368 1934 tras
1386 1885 1448 1934 duas
1467 1889 1564 1934 naturas
1578 1885 1681 1947 positum
1697 1888 1743 1948 est,

132 1989 189 2038 ergo
210 1976 261 2025 irasc
279 1977 304 2025 in
320 1976 361 2025 tati
372 1977 467 2025 fortuna
478 1982 503 2025 et
513 1976 649 2031 conditione
657 1990 761 2040 semper.
795 1977 912 2040 trctretp·
959 1989 1016 2026 uere
1027 1977 1146 2026 exsistens
1153 1989 1200 2024 nou
1211 1978 1257 2024 est.
1268 1976 1331 2024 carm
1341 1973 1404 2024 enirn
1415 1973 1530 2035 sittmago
1543 1985 1599 2022 vere
1608 1973 1744 2024 exsistentis

132 2077 191 2126 pum
214 2077 312 2125 quoque
332 2063 471 2125 exemptum
495 2066 577 2113 menet
597 2064 623 2112 in
648 2066 781 2116 substantia
807 2067 913 2130 propria.
958 2063 1117 2122 rei,nidctur
1130 2076 1183 2114 esse
1196 2063 1357 2126 atiquatenus.
1390 2061 1453 2119 Quia
1467 2075 1524 2111 uero
1538 2065 1744 2124 nonpersererut,

133 2151 190 2200 idea
206 2151 296 2200 scilicet
316 2150 432 2213 cujusque
452 2152 590 2201 exsistentis
601 2152 636 2202 rei
653 2155 716 2202 natm
739 2173 746 2202 ι
759 2154 871 2204 similiter
888 2160 914 2204 nt
959 2151 1100 2214 patiturque
1115 2151 1310 2200 immutationem
1319 2150 1356 2200 sui
1369 2169 1376 2199 ι
1390 2163 1438 2198 non
1452 2154 1490 2200 est
1501 2151 1619 2199 exsistens
1633 2162 1704 2211 rere,
1717 2153 1746 2198 nt

133 2241 197 2288 Deus
207 2238 287 2301 opifex
301 2250 343 2299 per
353 2229 435 2288 sevam
450 2243 540 2290 manet.
573 2240 619 2290 Sed
632 2242 818 2303 archetyporum
829 2255 913 2292 esem·
959 2246 1016 2289 sunt
1032 2239 1150 2303 exempla.
1184 2240 1227 2290 itta
1248 2239 1337 2302 qnippe
1351 2239 1461 2301 exempla
1482 2220 1583 2299 ra'ta,et
1601 2237 1745 2288 immutabili

134 2327 228 2388 plorum
247 2325 384 2388 simulacra,
397 2340 452 2389 quae
462 2328 531 2377 sitnm
539 2328 686 2388 obveniunt,
698 2343 747 2378 non
758 2333 911 2393 permaneam
957 2328 1093 2376 constantia
1115 2327 1207 2389 rigent.
1241 2329 1315 2376 Erunt
1329 2327 1402 2389 igitur
1414 2327 1461 2377 tria
1485 2327 1550 2388 baeu,
1563 2326 1628 2388 quod
1651 2338 1745 2388 semper

135 2425 241 2475 namque
254 2413 363 2473 assidue,
375 2427 405 2463 ac
415 2415 467 2465 sine
482 2414 675 2481 intermissione,
685 2419 817 2481 mutantur,
828 2418 912 2467 mortis
958 2416 1009 2477 est,
1023 2415 1087 2477 quod
1102 2427 1196 2477 semper
1209 2428 1258 2464 non
1272 2416 1319 2477 esi,
1334 2414 1419 2464 deinde
1429 2413 1493 2476 quod
1515 2427 1563 2462 nun
1585 2427 1679 2476 semper
1698 2414 1744 2464 est.

132 2498 293 2560 nascendique
311 2502 425 2562 perpetua
441 2503 607 2562 successione,
616 2503 649 2552 ob
667 2503 855 2553 inexcusabilem
868 2518 914 2554 rra-
959 2503 1010 2549 Nec
1021 2513 1080 2551 aero
1091 2501 1182 2550 moneri
1196 2514 1341 2563 quemquam
1352 2503 1463 2563 oportet,
1475 2501 1495 2549 si
1506 2501 1616 2562 exempta
1627 2499 1744 2562 exemplis

132 2588 195 2634 lurae
215 2585 340 2646 cujusdem
366 2588 544 2638 necessitatem.
577 2590 741 2646 Quamobrem
762 2591 827 2640 dtcta
848 2593 915 2641 esta
960 2601 1010 2637 non
1030 2601 1202 2652 usquequaque
1219 2589 1305 2638 similia
1318 2588 1473 2638 uidebuntur.
1506 2588 1659 2652 comparatio
1679 2589 1744 2637 enim

135 2673 234 2750 Platone
253 2673 314 2722 silva
334 2677 424 2738 posita
436 2687 489 2724 esse
505 2674 541 2725 nd
557 2676 708 2739 recipiendo
726 2689 815 2727 rerum
826 2681 913 2740 sione·
958 2675 1029 2736 justa
1042 2675 1220 2725 similitudinem
1238 2675 1444 2738 institutumque
1466 2675 1596 2726 similitudo
1619 2675 1745 2738 parilitatis

133 2761 206 2810 cute.
238 2761 366 2822 Praeclare,
376 2763 543 2825 positusquia
555 2775 611 2811 cum
626 2762 657 2811 sit
670 2765 758 2813 natura
773 2763 913 2823 immobilis,
959 2762 1171 2824 disparilitatisque
1194 2761 1316 2810 concretio
1332 2765 1377 2810 est.
1410 2763 1492 2818 Quare
1510 2761 1601 2823 siquid
1620 2761 1644 2810 in
1660 2761 1745 2824 buius·

133 2847 327 2909 ingredientium,
339 2847 542 2912 formantiumque
552 2862 616 2909 eam,
628 2838 764 2913 specierum
776 2854 913 2901 commeatu
960 2849 1025 2898 modi
1039 2849 1110 2899 rebus
1119 2848 1305 2911 perfunctoriam
1313 2847 1493 2898 similitudinem
1502 2847 1591 2899 babere
1599 2849 1744 2912 invenietur,

133 2937 253 2997 movetur,
265 2938 290 2984 et
305 2934 403 2985 easdem
411 2935 516 2987 invicem
525 2939 607 2987 moret
617 2937 719 3001 species,
727 2940 755 2988 nt
763 2939 916 3001 progrediens
959 2937 1074 3001 amplecti
1084 2949 1129 2986 nos
1141 2941 1248 3001 oportet,
1260 2935 1395 2987 intellectus
1407 2935 1652 2999 manifestationisquc
1663 2949 1742 2988 causa.

34 3088 37 3095 Ι
134 3020 239 3071 docebit.
271 3026 345 3085 iiecte
358 3023 448 3085 itaque,
462 3036 519 3073 cum
531 3025 659 3076 eademstt
672 3032 811 3089 semper,et
825 3028 915 3077 immu·
990 3027 1083 3087 Νοῆσαί
1093 3045 1118 3078 τι.
1129 3032 1161 3085 ὡς
1170 3029 1214 3077 οὐκ
1223 3029 1251 3077 ἂν
1261 3028 1335 3085 ἄλλως
1345 3028 1512 3089 temetipum<
1522 3028 1615 3077 ἔσεσθαι
1626 3030 1745 3089 μέ)1.ιντος

132 3108 228 3171 tabttis,
243 3110 349 3161 uidetur
363 3115 460 3173 famen,
479 3113 566 3175 inquit,
582 3114 765 3177 obtpoeiefum
783 3116 914 3177 multifor-
959 3118 1019 3166 ἰδεῖν
1031 3118 1139 3167 ποικίλου
1150 3116 1227 3172 πάσας
1236 3115 1439 3175 ποικιλίας,τοῦτ’
1448 3104 1505 3166 αὐτὸ
1513 3117 1564 3180 1νῷ
1574 3118 1746 3180 temno-ipsun·

133 3198 718 3262 11111111οαί1111(11111111111111111111101111111.
739 3205 916 3267 eremoque
960 3205 1095 3265 ἐνίσταται,
1109 3205 1192 3265 γένοιτ’
1205 3203 1515 3267 &ampsanctum-«orsi,
1528 3206 1588 3264 πλὴν
1606 3206 1746 3269 dpopqoubn
1816 3228 1822 3237 ι

133 3284 270 3335 obveniunt
284 3287 477 3351 ι1ῐιιιιιριι1ιι,
490 3290 516 3338 et
527 3292 555 3338 tn
568 3302 600 3339 ec
613 3289 802 3352 dissoluuntur,
814 3304 846 3341 ac
853 3304 913 3354 per·
960 3294 1055 3342 inat-ron
1069 3294 1169 3342 ἁπασῶν
1178 3298 1225 3341 τῶν
1235 3294 1302 3341 ἰδεῶν
1311 3292 1368 3349 ὅσας
1380 3294 1458 3355 ps'iim
1469 3294 1577 3356 δέχεσθαί
1587 3297 1666 3343 ποθεν.

136 3376 214 3432 eunt,
226 3378 388 3425 eternorum
411 3379 493 3439 atque
511 3376 699 3428 imanortalium
719 3382 865 3442 specierum
882 3383 916 3429 si·
993 3382 1142 3432 cccxxix.
1158 3380 1249 3431 Deinde
1258 3381 1300 3441 ait,
1305 3380 1369 3441 steri
1379 3392 1429 3431 non
1438 3394 1520 3443 posse,
1530 3384 1560 3431 ui
1571 3394 1627 3431 unc
1635 3385 1747 3433 exsistat

132 3460 254 3511 metuero
268 3466 348 3523 sunt,
367 3477 450 3512 earum
473 3460 600 3528 videlicet,
620 3479 682 3529 quas
701 3467 771 3517 ideas
784 3480 932 3530 vocamus,
956 3470 1053 3530 socies,
1066 3482 1124 3532 qum
1145 3481 1232 3518 omnes
1246 3480 1336 3518 rernm
1358 3471 1474 3517 omnium
1487 3468 1592 3530 surmus
1606 3469 1746 3531 cultusque

128 3547 340 3612 formanturque¹
359 3551 392 3597 cb
414 3550 506 3600 iisdem
526 3556 594 3601 miro
613 3554 727 3616 quodum
747 3555 832 3616 ιιιοιὶο,
846 3556 915 3617 justa
961 3560 1245 3622 contineat,uur·iuquc
1258 3559 1500 3620 universicorporis
1512 3557 1627 3620 nandique
1639 3570 1687 3606 ora
1699 3558 1744 3607 de·

134 3635 258 3683 memorati
270 3633 380 3684 videlicet
389 3637 493 3697 exempti
511 3640 722 3701 consignationem.
755 3643 825 3692 dfiro
834 3648 916 3693 eutem
962 3650 1098 3707 monstret,
1114 3649 1165 3697 nisi
1177 3645 1292 3707 subjecto
1303 3647 1379 3707 prius
1389 3644 1495 3705 informi
1507 3645 1596 3707 utiquo
1609 3657 1746 3707 corporum

133 3720 208 3769 niodo
227 3726 368 3782 propterea,
383 3724 449 3784 quod
464 3724 571 3787 difficile,
585 3729 659 3789 atque
681 3728 863 3791 inexplicabile,
878 3737 915 3780 est
961 3738 1057 3798 preutio
1073 3734 1192 3797 (perinde
1213 3738 1242 3785 ut
1264 3748 1321 3798 qum
1344 3736 1372 3782 in
1392 3736 1504 3795 picturis
1517 3734 1693 3785 substernitur
1705 3738 1745 3785 in·

134 3811 216 3858 mente
227 3810 370 3871 0011θί11111,
380 3813 499 3872 ‘tuillium
510 3826 541 3862 01
557 3814 664 3864 idearum
681 3817 817 3868 sinceritate
829 3821 917 3871 nativis
962 3824 1038 3876 fectio
1051 3823 1154 3873 decolor
1164 3822 1200 3873 ud
1212 3822 1326 3871 coiorrma
1336 3822 1438 3871 turatino
1446 3822 1635 3887 subvehenda).

134 3907 192 3944 vera
206 3895 277 3945 rebus
290 3896 424 3947 similitudo
438 3900 564 3961 proveniat
576 3915 583 3949 :
597 3903 681 3951 ubuum
697 3904 796 3965 perinde
810 3908 837 3955 ut
855 3909 916 3957 mol·
993 3914 1062 3961 tinne
1077 3911 1175 3972 praestat
1195 3921 1296 3969 causas,
1308 3922 1350 3957 cur
1370 3921 1469 3958 necesse
1491 3910 1574 3971 fuerit,
1589 3910 1676 3961 silvam
1694 3924 1747 3962 esse

134 3981 197 4032 tibus
218 3980 324 4033 maternis
344 3986 482 4047 signacula,
500 3988 565 4039 sicot
580 4002 654 4051 supra
667 3991 759 4042 dictum
772 3998 826 4055 est,
843 4008 874 4045 an
889 4002 916 4046 ut
962 4002 1058 4065 inopem
1080 4000 1208 4063 qualitatis.
1241 4000 1334 4049 Etenim
1349 4001 1368 4049 si
1381 4001 1532 4063 eritattquou
1546 4015 1608 4064 opus
1623 4002 1746 4066 futurum,

134 4082 191 4119 cum
206 4070 237 4120 de
249 4074 362 4135 exempto
372 4074 516 4126 lineamenta
527 4076 551 4125 iu
566 4079 678 4128 raserias
690 4081 828 4132 tractabiles
841 4086 917 4135 trans·
962 4090 1001 4139 cni
1011 4088 1068 4141 nuru
1079 4088 1141 4138 desit
1149 4088 1178 4137 ad
1188 4088 1317 4151 perfectam
1326 4092 1398 4151 atque
1407 4089 1524 4151 integram
1533 4090 1746 4155 pulchritudinem,

134 4159 252 4220 teruntur,
273 4161 339 4222 qnod
359 4162 385 4212 in
408 4163 520 4225 pictoria,
540 4168 566 4215 et
587 4166 647 4217 ilem
672 4167 779 4232 lictoris,
802 4172 854 4221 beri
877 4174 915 4223 vi·
963 4177 1530 4242 praebitumessedebeteseutplumjuutaquod
1543 4178 1747 4240 lit,nectautnm

133 4246 228 4296 demit&
961 4268 1041 4329 opiter
1064 4266 1182 4330 optimus,
1194 4267 1219 4317 ct
1233 4266 1460 4329 praestantissimum
1474 4267 1514 4316 scd
1529 4268 1601 4317 etiam
1611 4268 1662 4331 ipsa
1678 4267 1747 4328 silva,

164 4336 333 4386 cccxxviii.
350 4341 431 4395 Quare
441 4339 524 4392 diflert
534 4343 565 4392 ad
580 4357 685 4406 praesens
700 4347 829 4398 tractatum
840 4350 916 4412 bunc,
960 4358 1034 4415 atquc
1048 4355 1168 4416 materies,
1183 4368 1214 4404 cu
1234 4368 1281 4416 qna
1295 4354 1352 4403 illud
1368 4368 1429 4417 opus
1443 4355 1608 4405 freri'ncccsse
1620 4357 1664 4405 est.
1698 4356 1749 4405 Erit

133 4435 178 4472 suo
193 4437 319 4473 reservans
328 4425 395 4488 toco,
405 4439 435 4476 ac
446 4430 563 4493 tempori;
576 4444 605 4481 ac
618 4428 743 4496 distinguit
753 4436 915 4501 intellectum,
962 4455 1034 4503 porro
1047 4442 1146 4491 materia
1162 4442 1263 4502 idonea,
1276 4443 1296 4492 si
1309 4442 1406 4492 babebit
1416 4444 1636 4505 opportunitatem,
1650 4444 1749 4493 facilita-

133 4512 267 4573 temperata
282 4513 357 4562 animi
370 4518 528 4578 conceptione
540 4520 597 4582 tati,
615 4524 642 4570 ut
663 4525 717 4573 trio
731 4536 828 4585 uenero
845 4526 917 4576 nobis
962 4531 1060 4591 temque
1073 4530 1237 4589 formabilem,
1252 4530 1348 4580 babebit
1360 4534 1455 4593 autem,
1471 4532 1491 4580 si
1504 4532 1549 4581 erit
1563 4545 1622 4595 pura
1631 4534 1656 4581 et
1670 4532 1748 4595 quali·

133 4601 267 4651 occurram,
286 4603 379 4651 Genera
391 4616 457 4652 nunc
467 4604 597 4669 improprie
608 4611 733 4671 appellans
747 4615 916 4673 :nequeenim
962 4617 1189 4667 tateomnicarens.
1223 4618 1318 4680 Quippe
1329 4619 1349 4667 si
1360 4619 1456 4669 babebit
1467 4620 1586 4683 propriam
1596 4620 1746 4682 qualitatem

133 4683 202 4747 stira,
217 4698 261 4735 nec
275 4701 334 4738 vero
354 4692 503 4754 exemptum
514 4707 601 4755 genera
613 4702 683 4757 sunt,
693 4699 734 4748 sed
749 4704 776 4751 ut
790 4703 917 4765 appellatio
962 4706 1009 4755 erit
1026 4706 1198 4769 impedimento
1219 4708 1312 4758 cacteris
1328 4710 1483 4772 qualitatibus
1507 4710 1612 4773 genuina
1635 4711 1744 4773 qualitas.

133 4782 248 4832 generum
265 4776 385 4837 significet
403 4781 492 4841 primas
510 4783 664 4834 substantias.
697 4788 774 4839 litari
795 4791 915 4854 quidem,
962 4794 1176 4857 btaxrmergrtur
1157 4809 1177 4844 ιι
1190 4802 1261 4845 erunt
1276 4796 1349 4845 varim
1356 4797 1567 4861 multiplicesque
1579 4798 1746 4862 rnsrgnrendae

133 4856 220 4921 tnant,
231 4862 299 4922 quod
308 4863 352 4925 fit,
366 4869 392 4915 et
404 4867 474 4929 quod
483 4872 609 4931 precatur
621 4876 731 4933 generata
742 4876 851 4929 videlicet
860 4893 916 4942 spe
961 4894 1007 4931 nec
1018 4882 1161 4945 multiplices
1174 4882 1260 4945 modo,
1274 4883 1316 4933 sed
1329 4897 1413 4933 omnes
1423 4885 1494 4933 ctiam
1509 4885 1641 4949 formonso
1655 4886 1746 4949 figurae

133 4945 262 5009 ciea,qnae
281 4951 306 4999 ln
324 4953 384 5002 utra
397 4955 553 5017 substituet
569 4958 659 5009 ibidem
673 4961 821 5014 dissolvitur.
853 4970 915 5016 item
960 4968 1104 5032 igiturquia
1118 4982 1203 5019 omnes
1220 4970 1376 5035 sitrarecipit
1392 4973 1487 5035 tiguras,
1502 4987 1747 5039 omnesquuqueco·

132 5034 220 5082 atiud
210 5048 238 5085 ιιι
252 5050 303 5099 quo
318 5042 444 5102 plenitur.
478 5047 510 5094 fn
526 5058 592 5108 quo,
605 5048 668 5097 cst
660 5062 713 5111 apsa
728 5051 797 5101 silva
830 5057 857 5104 Ιιι
870 5056 916 5104 trac
961 5057 1038 5117 tores,
1050 5062 1074 5107 et
1092 5062 1191 5109 ceteras
1200 5062 1336 5123 ,quotquot
1357 5064 1426 5123 strui,
1441 5063 1581 5125 qualitatem
1593 5062 1651 5113 nituit
1665 5065 1747 5113 autem

131 5121 219 5189 quippe
232 5125 323 5185 spectes
335 5127 488 5181 dissolubiles
506 5134 665 5185 substantiam
682 5136 822 5188 sortiuntur.
855 5144 913 5191 fer·
961 5144 1049 5194 trornm
1063 5146 1156 5197 babet
1149 5160 1201 5211 apsa
1214 5160 1245 5197 ex
1259 5154 1345 5198 natura
1359 5162 1402 5198 sua
1419 5151 1491 5211 :jure
1510 5163 1563 5200 cam
1576 5150 1648 5201 modo
1662 5150 1747 5213 innor-
