3959 5925
806 414 846 474 ru
867 413 1036 474 nrunuu
1058 414 1258 476 neironis.
1324 479 1331 488 ,

223 541 311 604 pordit
329 539 366 590 ad
381 542 494 592 incestas
517 541 649 592 libidines.
684 546 756 594 tunc
773 547 871 608 quippe
887 544 956 595 nibil
968 549 1008 594 est

1777 435 1835 489 235

1052 549 1096 607 eb,
1116 546 1186 610 quod
1211 559 1287 609 aqere
1305 552 1444 614 proposui,
1470 554 1685 618 temperandum,
1710 557 1836 626 boqtatur
1913 551 1914 555 ἵ

225 628 295 693 qnod
312 640 365 678 non
386 629 499 691 audeat,
516 630 590 681 uelut
603 631 705 692 soluta,
720 635 746 682 et
762 632 847 683 libera
862 633 1007 683 honestatis
1027 583 1039 662 Ι
1053 642 1111 695 uero
1122 629 1159 680 ad
1168 631 1274 682 nullam
1285 635 1381 684 aetum.
1398 637 1482 697 Atque
1491 639 1571 686 etiam
1580 641 1604 688 si
1619 641 1678 702 quis
1684 641 1836 702 familiaris
1923 684 1925 690 ,

224 717 437 781 verecundiaque
447 723 595 782 praecptis.
627 722 748 784 Namque
761 725 1007 785 maternos,utpu·
1052 719 1094 768 itti
1115 730 1171 768 meo
1189 720 1299 770 consilio
1323 721 1392 771 uolet
1404 723 1511 786 aliquid
1530 727 1653 788 acturus,
1674 728 1722 779 boc
1735 745 1837 796 quoque

225 809 284 867 tot,
301 807 456 870 ampiexus,
479 809 684 873 concubitusque
706 822 758 860 non
775 813 923 874 expavescit
938 828 948 862 :
962 824 1008 862 neo
1052 809 1095 869 aqi
1111 807 1243 870 probibet.
1276 813 1385 868 Quarum
1406 811 1505 873 quidem
1526 826 1623 874 rerum,
1645 819 1669 866 et
1685 817 1837 880 significatio·

224 897 1007 961 qaeniqaamdubitaitacasmpqttwminumpetaeomm;
1052 907 1127 958 utrm,
1149 887 1214 945 tides
1232 899 1298 947 certa
1314 901 1364 949 est.
1399 903 1461 962 liget
1480 903 1545 951 enlm
1565 903 1685 954 imbecilla
1710 907 1837 962 hominum

223 997 270 1036 nec
284 984 318 1034 ab
329 981 389 1035 ulla'
401 984 452 1034 sibi
469 985 577 1036 uidetur
593 985 661 1036 cade
674 989 724 1037 aut
733 987 838 1050 qtaqitio
852 990 1006 1051 temperare.
1052 986 1139 1034 natura
1152 985 1263 1048 praesidio
1274 989 1381 1040 melioris
1390 991 1613 1056 praestantiorisque
1623 997 1725 1060 naturae,
1736 1000 1763 1048 ut
1771 999 1837 1050 idem

226 1075 324 1124 contra
337 1085 397 1123 mem
409 1077 460 1124 erit
476 1077 506 1124 in
521 1074 627 1125 salubri
641 1078 716 1125 statu
727 1078 819 1138 posita
832 1079 954 1147 casteque
962 1089 1008 1126 cu·

224 1161 309 1212 mium
319 1161 382 1217 ibit.
395 1163 553 1214 rationabili
564 1163 670 1228 quidem
684 1166 780 1214 mentis
796 1163 932 1215 industria
943 1167 1007 1227 uiqi·

224 1251 428 1314 liis-imperalis,
439 1263 522 1314 euque
529 1255 611 1316 pastu
622 1255 736 1315 saplenti
748 1255 856 1303 uirtutis
869 1253 1007 1316 indaqine,

224 1341 304 1402 atque
311 1339 394 1389 ettam
404 1336 515 1388 libidine
526 1338 724 1401 mansuefacto,
738 1343 770 1390 ut
781 1353 864 1405 neque
875 1340 907 1390 de
918 1343 1008 1404 inopia

155 1452 159 1462 ·
224 1429 300 1493 queri
308 1429 408 1489 possit,
418 1437 464 1476 nec
474 1423 624 1490 ea'pletione
637 1429 721 1477 nimia
730 1415 866 1491 qrouetur,
879 1429 1009 1493 ultraque

223 1513 331 1564 modum
344 1525 456 1564 merens
475 1515 517 1565 uel
532 1518 645 1576 qestiens
663 1516 856 1577 tumultuetur,
870 1515 1009 1579 impediat-

126 1670 132 1682 Ι
223 1602 1009 1688 queprudcnttam:sedparaoitiisrotimneqpusproprium

224 1691 325 1755 efficere
334 1693 364 1740 tn
375 1690 560 1741 ratiocinando
571 1693 652 1754 atque
663 1689 791 1753 indaqine
802 1693 922 1741 ueritatis
934 1693 1009 1741 insti·

224 1780 298 1840 tuat,
312 1776 446 1841 nibiloque
459 1779 562 1838 minus,
578 1776 848 1854 iracundialdelinita
861 1781 887 1829 et
902 1779 1010 1829 minime

225 1867 363 1928 stertente,
383 1868 526 1917 dormiat:
550 1870 609 1918 tum
634 1871 703 1919 certe
722 1867 888 1918 rationabilis
912 1872 1009 1919 anima

224 1966 303 2017 pars,
313 1953 397 2004 nullis
411 1953 461 2003 sibi
477 1953 686 2018 obstrepentibus
702 1955 823 2005 libidinis
838 1959 888 2007 aut
900 1960 1008 2006 iracun-

226 2041 276 2092 diae
285 2044 358 2092 uitiis
365 2076 374 2102 ,
385 2045 517 2104 perveniet
528 2042 565 2093 ad
579 2042 730 2106 indaqinem
740 2047 796 2094 ueri
811 2061 817 2074 ·
830 2058 890 2109 qua
905 2049 944 2095 est
955 2049 1008 2094 sin·

223 2142 287 2181 cera
307 2129 470 2193 prudentia,
496 2143 543 2182 nec
570 2131 631 2181 ulla
653 2133 762 2183 exsistet
784 2135 880 2197 species
900 2133 1008 2198 nesano

223 2221 394 2269 somniorum.
428 2219 525 2281 Quippe
545 2219 571 2267 in
584 2219 621 2269 iiis
639 2219 742 2282 periente
753 2220 853 2283 docuit,
867 2221 932 2284 quud
950 2235 1008 2285 pev-

224 2307 344 2358 lunctorie
353 2305 437 2372 posuit
449 2308 474 2356 in
485 2308 587 2358 Timeo.

254 2398 347 2448 cciii.
364 2399 395 2446 itt
404 2409 461 2446 vero
471 2397 634 2458 sornuiorum,
645 2410 699 2459 quae
709 2396 790 2447 divina
799 2397 959 2461 providentia,
969 2398 1009 2447 vei

224 2484 357 2535 scelestium
370 2486 516 2548 potestatum
531 2497 614 2534 amore
626 2486 695 2546 juste
715 2485 837 2548 immines,
854 2483 1018 2548 oboriuntur,‘

225 2586 322 2625 mnsam
345 2574 511 2635 rationemque
530 2574 642 2637 exposuit
662 2575 687 2622 in
704 2587 734 2624 co
752 2574 812 2624 libro
826 2574 867 2637 qui
886 2575 1009 2638 φιλόσοφος

224 2661 371 2712 inscribitur.
403 2663 444 2712 nit
453 2662 534 2722 enim,
547 2662 643 2711 divinas
653 2663 783 2724 potestates
792 2661 917 2715 consulere
928 2662 1009 2724 nobis,

223 2751 319 2815 quoties
330 2765 374 2815 per
390 2752 497 2814 quietem
514 2765 555 2811 ea,
572 2764 628 2814 quae
645 2754 712 2814 grata
730 2757 788 2800 sunt
819 2754 884 2813 Deo,
895 2753 1009 2801 intiment

224 2841 302 2901 reris,
319 2840 467 2901 minimeque
489 2840 631 2902 fallacibus,
645 2839 713 2888 visis.
762 2843 900 2902 Earumque
921 2841 1008 2888 miram

225 2926 346 2990 quandam
356 2940 409 2978 csse
422 2926 479 2977 dicit
487 2926 610 2977 memoriae
617 2925 784 2988 tenacitatem,
804 2926 975 2990 dignitatique,
986 2929 1010 2977 et

225 3014 359 3077 divinitati,
373 3028 505 3077 congruam
517 3014 667 3078 sapientiam.
680 3014 776 3071 Quibus
790 3028 846 3065 cum
854 3014 1010 3077 cogitationes

226 3103 352 3153 hominnm
372 3104 503 3168 perspicua
523 3102 589 3165 sint,
605 3107 780 3166 consequenter
793 3117 904 3154 amorem
921 3103 1008 3163 bonis,

225 3193 309 3243 odium
327 3193 398 3243 malis
412 3192 530 3243 exiviberi.
563 3191 784 3254 Probationemque
795 3192 866 3242 atiert
882 3191 914 3241 de
924 3204 1010 3241 exem-

225 3280 272 3346 plis
289 3282 425 3331 illustribus
438 3282 587 3343 mutuatam,
599 3283 625 3330 ut
640 3279 665 3330 in
685 3294 714 3331 eu
725 3280 804 3344 libro,
816 3293 890 3343 quem
903 3280 1009 3343 appella·

225 3370 261 3420 rit
273 3344 395 3421 Critonem
408 3368 521 3432 praesagit
537 3370 650 3419 Socrates
665 3372 811 3432 proventum
830 3368 1008 3428 imminentem,

225 3461 322 3521 regente
335 3458 425 3508 mmnii
433 3459 555 3508 rdatione.
592 3461 651 3509 lisa
662 3461 700 3508 est
711 3457 775 3508 mibi
789 3457 908 3522 medam
916 3457 1008 3519 inquit,

1053 1073 1156 1123 emeruit
1168 1087 1249 1137 supra.
1263 1079 1317 1126 Vox
1328 1090 1400 1140 porro
1414 1077 1470 1142 illa,
1487 1092 1560 1142 quarn
1577 1083 1689 1133 socrum
1698 1087 1826 1144 sentiebat.

1053 1171 1102 1208 non
1114 1165 1167 1210 erat
1181 1160 1305 1226 (opinor)
1321 1163 1392 1225 talis,
1408 1178 1530 1227 quesere
1542 1167 1591 1217 icto
1603 1172 1712 1231 sonaret,
1726 1173 1767 1222 sed
1782 1187 1837 1236 que.

1053 1245 1085 1297 ob
1100 1249 1219 1312 egregiam
1234 1249 1402 1302 castimoniam
1423 1259 1495 1304 tersae
1514 1261 1688 1321 proptereaque
1704 1260 1837 1325 intelligen-

1054 1335 1110 1385 tiori
1129 1337 1231 1399 animae,
1249 1339 1402 1400 praesentiam
1423 1345 1562 1404 coetumque
1584 1345 1680 1396 solitete
1703 1347 1837 1400 divinitatis

1054 1421 1180 1473 revelaret.
1213 1423 1338 1486 siquidem
1359 1441 1421 1490 pura
1436 1430 1503 1492 puris
1517 1430 1629 1494 contigua
1648 1445 1716 1494 esse,
1728 1434 1837 1486 misceri·

1054 1523 1118 1572 que,
1133 1511 1169 1561 tas
1181 1511 1221 1562 sit.
1255 1514 1335 1576 eiquo
1350 1516 1377 1564 ut
1391 1514 1520 1566 insomnis
1534 1517 1619 1568 audire
1635 1519 1706 1570 nobis
1726 1521 1837 1572 ridemur

1053 1613 1125 1651 voces
1157 1609 1345 1667 sermonumque
1372 1619 1486 1669 expressa
1516 1609 1605 1672 verba,
1627 1623 1672 1661 nec
1696 1614 1777 1663 minen
1797 1614 1838 1664 iila

1054 1703 1101 1742 ros
1115 1695 1170 1754 est,
1183 1691 1226 1742 sed
1239 1693 1308 1743 vocis
1320 1693 1429 1744 cilicium
1443 1696 1540 1748 imitans
1556 1699 1713 1762 significatio,
1728 1701 1764 1752 sic
1779 1703 1838 1766 rigi·

1054 1778 1126 1828 laniis
1139 1781 1244 1831 socratis
1254 1794 1324 1832 mens
1333 1784 1485 1846 presentiam
1496 1785 1629 1837 divinitatis
1642 1788 1703 1851 signi
1715 1791 1837 1855 perspicui
1890 1833 1892 1838 ,

1055 1870 1181 1932 notatione
1192 1869 1366 1935 augurabatur.
1378 1877 1429 1925 tiec
1444 1887 1501 1924 rero
1515 1875 1628 1928 dubitare
1640 1879 1676 1928 los
1688 1881 1734 1941 est,
1749 1881 1837 1931 intelli·

1055 1955 1153 2019 gibilem
1166 1960 1258 2020 Deum,
1274 1974 1318 2022 pro
1331 1961 1440 2012 bonitate
1450 1966 1546 2014 natura
1560 1978 1626 2026 sure,
1637 1965 1713 2016 rebus
1724 1969 1837 2020 omnibus

1055 2043 1235 2108 consulentem,
1250 2059 1320 2108 opem
1342 2049 1424 2109 generi
1444 2049 1585 2114 hominum,
1604 2051 1670 2114 quod
1695 2052 1759 2102 nulia
1775 2058 1838 2104 esset

1054 2130 1101 2180 sibi
1116 2145 1170 2180 oum
1186 2146 1287 2196 corpore
1297 2135 1447 2194 conciliatio,
1458 2136 1594 2188 divinarum
1607 2142 1754 2201 potestatum
1766 2141 1838 2191 inter·

1056 2219 1188 2280 positione,
1207 2219 1268 2270 ierre
1285 2221 1399 2272 voluisse.
1434 2227 1543 2282 Quartum
1557 2226 1657 2288 quidem
1673 2226 1788 2277 beneficia
1799 2241 1837 2276 sa·

1054 2305 1085 2355 tis
1110 2305 1173 2356 clari
1196 2311 1254 2358 sunt
1278 2321 1308 2358 ex
1332 2309 1462 2373 prodigiis,
1492 2317 1517 2362 ct
1543 2313 1691 2365 divinatione
1712 2320 1834 2366 nocturna
1940 2336 1942 2342 ’

1055 2396 1221 2456 somniorum,
1237 2397 1274 2447 vel
1289 2395 1376 2448 diurna
1397 2399 1461 2448 tama
1479 2402 1578 2462 praescia
1601 2402 1738 2454 rumoribus
1760 2403 1837 2454 venti-

1056 2481 1140 2546 lante,
1154 2484 1254 2534 medelis
1273 2499 1371 2548 quoquae
1392 2486 1522 2537 adversum
1546 2489 1643 2539 morbos
1665 2491 1794 2554 intimetis,
1814 2495 1838 2542 et

1054 2572 1226 2634 prophetarum
1244 2573 1398 2636 inspiratione
1413 2575 1524 2625 veridica.

1087 2659 1193 2708 CCLW.
1213 2659 1371 2709 Multiiormis
1390 2661 1463 2723 igitur
1479 2666 1517 2712 est
1528 2664 1588 2713 ratio
1604 2666 1763 2714 somniorum.
1797 2667 1834 2717 Si·

1056 2743 1154 2806 quidcm
1168 2749 1239 2802 sunt,
1258 2759 1313 2808 quae
1328 2746 1395 2796 velut
1416 2748 1514 2809 gravius
1530 2761 1645 2811 peronem
1665 2752 1837 2816 verberetaque

1057 2834 1150 2894 mente,
1173 2833 1279 2896 vestigiis
1302 2833 1394 2883 doloris
1409 2835 1505 2896 penitus
1522 2835 1660 2898 {nsignitis,
1673 2851 1717 2901 per
1730 2839 1836 2901 quietem

1055 2920 1166 2973 refovent
1177 2921 1293 2985 imagines
1311 2922 1439 2985 preteritae
1458 2925 1666 2976 consumationis.
1683 2921 1686 2927 ’
1700 2929 1760 2979 sunt
1769 2926 1835 2991 item,

1054 3022 1110 3071 quae
1127 3010 1198 3071 Juxta
1223 3010 1379 3072 cogitationes
1402 3010 1551 3061 rationabilis
1572 3013 1659 3063 animm
1681 3013 1770 3077 partis,
1799 3014 1839 3065 rel

1055 3111 1137 3160 purae,
1147 3102 1221 3159 atque
1236 3097 1351 3146 immunis
1363 3110 1377 3145 a
1391 3098 1583 3161 perturbatione,
1598 3100 1636 3150 vel
1649 3102 1673 3149 in
1686 3100 1838 3163 passionibus

1055 3184 1154 3245 posita,
1168 3182 1330 3233 oboriuntur:
1352 3182 1476 3245 nihiloque
1490 3185 1585 3247 minus,
1601 3200 1656 3249 quac
1670 3186 1756 3237 diuinis
1768 3192 1835 3251 pote·

1054 3268 1155 3320 statibus
1169 3267 1348 3319 consulentibus
1364 3252 1591 3335 praemonstrantur,
1606 3273 1646 3323 vel
1667 3274 1740 3324 etiam
1760 3288 1838 3339 poenae

1056 3360 1122 3421 loco,
1134 3356 1168 3407 ol)
1181 3358 1297 3430 delictum
1311 3356 1425 3419 aliquod,
1437 3358 1538 3408 formata
1551 3359 1575 3409 in
1587 3362 1707 3423 atrocem,
1723 3365 1747 3411 et
1759 3363 1837 3413 borri-

1054 3445 1124 3502 dnrn,
1135 3444 1228 3493 taciem.
1261 3443 1386 3493 consentit
1402 3443 1459 3493 hnic
1467 3445 1592 3496 Platonico
1603 3445 1708 3509 dogmati
1719 3449 1837 3500 Hebraico

226 3546 322 3599 multer
331 3545 1010 3607 enimiaoenustate,etiamtundidareste,nomine
1049 3530 1213 3609 ,bhfl‘lfflbhit-
1245 3529 1374 3591 ‘illinisti
1396 3530 1486 3593 (tuille
1504 3532 1538 3580 ΗΠ
1559 3532 1640 3594 rone,
1660 3535 1688 3583 ill
1707 3536 1836 3596 somnium,
1869 3522 1871 3529 ¹

228 3645 268 3685 me
280 3634 441 3698 appellasse,
455 3633 606 3697 diffuseque
617 3634 689 3683 quud
698 3635 885 3684 flmmeum,-
1056 3620 1079 3667 et
1096 3617 1154 3666 item
1168 3616 1263 3675 risum,
1284 3618 1336 3665 tum
1350 3614 1556 3676 admonitionem,
1568 3616 1641 3666 etlam
1662 3620 1837 3683 spectaculum,

1055 3704 1178 3766 nihiloque
1187 3703 1267 3752 minus
1284 3701 1464 3751 revelationem.
1497 3704 1633 3752 Somnium
1647 3703 1754 3768 quidem,
1770 3710 1834 3771 quod
1931 3723 1935 3730 ·

282 3762 414 3809 Tfflffloe
427 3761 585 3820 mmmm
600 3762 728 3819 ”mmm
737 3775 798 3808 m
1057 3794 1086 3842 ex
1096 3792 1204 3854 reliquiis
1219 3790 1410 3840 commotionum
1420 3790 1508 3840 animm
1519 3790 1626 3841 diximus
1635 3792 1733 3845 oboriri.
1750 3798 1838 3847 Visum

229 3875 357 3928 Romusin
372 3874 496 3925 Phaedone
510 3892 517 3922 ε
531 3878 709 3936 sepenumero
727 3886 811 3924 unum
825 3876 852 3923 et
866 3873 935 3924 idem
946 3874 1011 3925 mibi
1055 3892 1124 3941 vero,
1144 3877 1210 3940 quod
1231 3890 1261 3926 ex
1281 3874 1363 3925 divina
1384 3878 1473 3927 virtute
1488 3877 1590 3940 legatur.
1622 3882 1837 3949 Admonitionem,

228 3968 373 4027 tornatum,
389 3962 535 4013 adventans
550 3965 577 4011 in
594 3962 653 4011 aliu
666 3965 745 4027 atque
757 3962 813 4011 alia
826 3962 923 4026 fornia,
934 3963 1010 4024 jube·
1057 3981 1112 4018 cuni
1126 3966 1238 4028 angelicae
1252 3966 1367 4017 bonitatis
1380 3965 1486 4016 consiliis
1503 3968 1617 4030 regimur,
1635 3974 1707 4031 atque
1723 3976 1838 4028 admoue-

230 4054 328 4105 batme
344 4064 443 4103 nauare
456 4063 560 4114 meram
570 4053 686 4100 musica.
719 4050 752 4101 ld
768 4063 812 4113 eqo
827 4054 1012 4114 nuncusu,el
1057 4072 1121 4107 mur.
1154 4056 1345 4121 spectaculum,
1366 4056 1393 4105 nt
1410 4042 1466 4105 cum
1483 4056 1637 4117 vigilantibus
1657 4058 1729 4110 oilert
1752 4074 1778 4111 ee
1800 4064 1837 4113 vl·

229 4143 382 4194 doetittlsslt
401 4138 545 4202 mildi,
562 4139 727 4198 admonitus,
744 4140 902 4203 llltidlsswl
922 4140 1010 4189 bacte—
1057 4144 1160 4195 dandam
1173 4143 1275 4195 coeleetis
1291 4142 1410 4205 potestas,
1429 4142 1492 4191 clare
1504 4142 1591 4202 iubens
1606 4142 1677 4206 quid,
1697 4147 1739 4196 aut
1756 4148 1837 4209 prohi-

229 4247 293 4294 nus;
315 4234 348 4282 ut
365 4231 506 4295 qunum,
527 4242 602 4294 quem
614 4229 775 4291 jamdudum
793 4233 962 4282 institueram
982 4232 1010 4278 in
1056 4232 1132 4290 bens,
1143 4230 1228 4292 torma,
1240 4230 1264 4279 et
1277 4240 1350 4288 voce,
1362 4226 1476 4277 mirabili.
1509 4228 1713 4290 denotationem,
1724 4233 1836 4293 quotiens

229 4320 391 4385 Apollinem,
410 4318 575 4382 compleam:
597 4331 630 4369 ne
648 4322 771 4381 memmei
793 4318 903 4381 debitor,
916 4323 941 4369 et
959 4322 1012 4369 coti
1057 4318 1223 4384 ignorantibus
1236 4322 1327 4375 sortem
1348 4316 1472 4375 tutorem,
1484 4314 1631 4364 imminentis
1651 4314 1731 4365 exitus
1748 4323 1838 4369 secreta

229 4422 308 4471 reus,
325 4411 408 4459 uitam
426 4406 622 4470 prtusfiniam.
653 4408 761 4457 Musica
781 4410 877 4471 quippe
900 4420 1011 4457 consen·
1057 4408 1206 4473 panduntur.
1240 4410 1275 4456 De
1291 4404 1390 4454 somniis
1404 4404 1589 4454 satisdictum=
1610 4416 1767 4456 sermonuuc
1789 4408 1839 4469 ipse

229 4501 350 4563 quincono
364 4508 418 4546 esse
431 4497 572 4558 poeticam,
589 4495 679 4558 polam
691 4499 729 4545 est
743 4495 869 4545 omnibus.
885 4498 1011 4545 Socratem
1056 4498 1092 4547 ast
1102 4493 1298 4546 comiderandus.

228 4600 286 4638 rero
299 4586 353 4636 baec
364 4583 489 4635 evidenter
497 4584 596 4633 solitum
607 4583 728 4633 somniare
736 4582 848 4645 arbitror,
860 4597 891 4633 ex
903 4598 932 4633 eo
940 4584 1011 4647 'quod
1074 4584 1178 4634 'cell
1190 4585 1221 4631 st
1234 4595 1294 4632 uero
1304 4580 1515 4640 simulacrorum,
1525 4578 1619 4642 inquit,
1631 4592 1690 4643 qaae
1701 4582 1729 4630 in
1747 4593 1837 4645 specu·

230 4680 280 4726 tam
300 4675 409 4739 corporis
430 4687 504 4737 mam
523 4674 611 4723 anima
630 4672 735 4735 puritate
753 4675 831 4722 totum
849 4674 902 4734 eius
921 4673 1012 4722 animal
1058 4673 1091 4721 lis
1100 4672 1261 4721 oboriuntur.
1294 4671 1369 4720 Docet
1382 4680 1446 4718 nrvnc
1461 4666 1533 4717 aliam
1552 4667 1620 4717 risus
1635 4668 1768 4734 rationem„
1784 4683 1839 4733 qum

230 4764 331 4826 rigeret.
1057 4760 1154 4811 intuitio
1176 4758 1274 4819 dicitur,
1297 4758 1358 4807 intra
1375 4756 1514 4820 speculum,
1526 4755 1565 4806 vel
1584 4756 1723 4818 stagnorum
1743 4758 1839 4820 prolun-

262 4850 368 4899 ccliii.
386 4848 498 4910 Denique
517 4846 590 4896 etiam
614 4844 721 4909 vigilanti
741 4859 790 4894 uon
809 4845 890 4896 deerat
910 4845 1013 4910 propitia
1057 4846 1130 4910 durn‘,
1142 4845 1277 4895 simulacris
1291 4844 1465 4895 resultantibus
1485 4864 1492 4893 ι
1510 4856 1555 4894 nec
1574 4845 1655 4895 tanim
1675 4844 1776 4905 mdem,
1790 4858 1839 4908 qno

154 4975 156 4978 .
231 4936 528 5000 divinitas,quree1usdem
536 4932 699 4984 moderaretur
707 4934 785 4995 aetus,
796 4934 822 4983 ut
835 4928 1013 4983 Plato'demon-
1056 4932 1212 4993 Aristoteles,
1225 4930 1371 4993 magisterio.
1404 4932 1514 4993 Namque
1524 4930 1565 4980 ilie
1576 4931 1657 4980 censet
1670 4930 1729 4981 radii
1740 4930 1837 4981 visualis

232 5021 329 5073 stratin
348 5021 556 5085 antiquandas
575 5020 657 5070 dicens
670 5043 677 5068 ι
690 5024 738 5071 Est
755 5020 790 5071 ab
806 5023 913 5071 inerrate
935 5023 1013 5072 atate
1058 5020 1164 5083 impactu
1177 5018 1201 5067 in
1215 5016 1317 5067 solidam
1332 5016 1422 5079 speculi
1440 5017 1604 5081 superficiem,
1618 5020 1791 5081 proptereaque
1803 5018 1838 5067 in·
1874 5041 1876 5047 v

232 5123 329 5164 numen
341 5110 406 5160 mibi
415 5123 497 5161 eornm
508 5109 649 5175 quiddam,
660 5109 739 5173 idque
753 5123 801 5159 roa
817 5113 869 5167 est,
885 5123 943 5173 quae
952 5123 1012 5161 carn
1058 5106 1140 5169 tracti,
1151 5118 1291 5156 mucronem
1305 5104 1334 5155 ad
1347 5118 1374 5155 os
1386 5106 1475 5155 reverti
1484 5141 1491 5167 ,
1501 5106 1647 5170 obviumque
1658 5105 1737 5156 rultui
1747 5105 1836 5155 metum

232 5200 269 5252 od
280 5202 400 5251 animum
410 5211 564 5263 sensumque
579 5210 665 5249 meum
674 5202 813 5258 mineat,
829 5197 959 5260 siqniticot
975 5198 1009 5248 ab
1058 5198 1155 5247 vultum
1168 5210 1239 5247 suum
1253 5208 1351 5247 cernere
1372 5210 1378 5245 :
1394 5201 1418 5246 et
1435 5195 1460 5245 in
1479 5194 1578 5259 speculo
1592 5198 1678 5261 putare
1694 5196 1739 5247 sibi
1755 5194 1836 5244 evilim
