3959 5925
759 432 1002 495 FRAGMENTA
1021 434 1157 495 vaula.
1263 428 1265 432 ’
1718 448 1758 499 οὐ

156 564 203 625 καί
218 562 376 633 ἀλαζονείας·
386 562 552 637 δικαιοσύνην
570 562 741 640 alperti-ma
750 566 880 643 ὐπεροχῆς
889 565 936 624 καί
982 564 1140 641 ὑπομοναῖς,
1156 562 1253 641 μεταξὺ
1266 566 1380 645 ἀφυχίας
1389 565 1435 625 καί
1447 566 1669 644 ἄρειμανιότητος·
1684 570 1760 649 φιλο-

157 654 310 733 tiletanus,
327 650 372 711 καὶ
388 654 486 712 πολλοῦ
507 650 553 711 καί
573 650 671 730 ὐλίγου.
712 652 826 711 Πολλῶν
847 651 875 710 δέ
889 652 935 711 καί
982 653 1075 713 πονίαν
1098 653 1142 726 δέ,
1159 654 1209 723 ἕξιν
1231 654 1363 713 οίνίνδοτον
1384 654 1486 731 πόνοις,
1511 654 1696 734 ἐξεργαστικιλν
1714 660 1761 715 τοῦ

157 740 244 801 ἄλλων
265 741 347 799 οὐσῶν
370 741 485 821 ἀρετῶν,
500 742 552 798 τῶν
576 737 623 818 μέν
644 738 702 799 καθ’
723 740 817 815 αὐτός,
841 743 892 799 τῶν
908 740 935 798 δέ
982 743 1079 813 καλοῦ,
1094 739 1190 817 μεταξὺ
1206 741 1337 819 μαλακίας
1351 765 1379 801 τε
1391 742 1436 801 καί
1451 742 1649 819 ματαιοπονίας.
1702 741 1759 814 Τὴν
1801 781 1805 793 ·

154 832 183 890 ἓν
199 827 277 887 εἴδεσι
292 830 343 886 τῶν
358 825 502 908 εἰρημένων
526 817 593 908 (οἷον
608 826 658 886 barb
671 826 718 904 μέν
734 828 782 899 τὴν
803 826 935 887 δικαιοσό-
982 830 1005 887 δ’
1017 832 1047 888 έκ
1057 833 1149 889 πασῶν
1160 833 1212 889 τῶν
1223 832 1320 900 ἠθικῶν
1332 831 1427 910 ἀρετὴν
1436 834 1623 904 συνεστηκυῖαν
1638 829 1760 908 λέγεσθαι

156 942 201 991 νην
216 913 364 990 εὐπαθείας,
379 919 521 993 θειότητος,
531 916 718 996 χρηστότητος,
728 916 935 991 εθκοινωνησίας,
982 914 1029 993 μέν
1055 917 1268 993 καλοκαγαθίαν,
1294 917 1396 977 τελείαν
1412 916 1440 975 δέ
1454 918 1548 997 ἀρετὴν
1571 908 1654 991 εἶναι,
1675 917 1708 977 τό
1731 944 1760 980 τε

159 1002 371 1071 εὐσυναλλαξίας·
393 1003 443 1063 θπθ
464 1003 491 1062 δέ
512 1004 560 1075 τλν
582 1002 767 1084 σωφροσύνην,
783 1002 934 1079 εὐκοσμίας,
982 1003 1083 1082 ipati,
1097 1005 1220 1087 ὠφέλιμα
1243 1005 1289 1065 καὶ
1312 1005 1383 1065 καλὰ
1402 1012 1541 1080 ποιοῦσαν,
1555 1006 1588 1065 τοί
1602 1028 1631 1063 τε
1643 1005 1713 1065 καλδι
1726 1008 1760 1065 δι’

156 1089 289 1165 εὐταξίας,
318 1089 497 1171 αὐταρκείας,)
522 1088 674 1167 ἐπιδραμεῖν
701 1093 748 1149 οὐκ
771 1090 867 1149 ότοπον
890 1089 935 1148 καί
981 1084 1049 1144 &fiad
1065 1084 1234 1164 αἱρουμένην.

156 1178 216 1243 τοὺς
229 1176 328 1236 τοότων
344 1175 428 1255 δρους.
455 1174 599 1236 Εὐσέὸιιαν
611 1174 658 1253 μίν
673 1167 716 1235 οὐν
729 1166 795 1235 εἶναι
810 1174 860 1245 ἕξιν
871 1178 934 1234 θεῶν
1021 1172 1205 1254 Διωρισμένων
1220 1174 1242 1231 δ’
1256 1175 1352 1240 ἱκανῶς
1369 1175 1421 1231 τῶν
1443 1171 1504 1253 περί
1521 1173 1568 1241 τὰς
1586 1173 1693 1254 ιἰρετάς,
1715 1178 1760 1233 καί

104 1326 107 1332 ,
155 1265 200 1323 καί
215 1263 345 1342 δαιμόνων
360 1262 566 1347 θεραπευτικόν,
587 1264 682 1337 μεταξὺ
704 1255 784 1323 οὐσαν
798 1264 934 1335 ἀθεότητος
981 1260 1073 1338 σχεδὸν
1097 1263 1147 1319 τῶν
1165 1259 1294 1319 πλείστων
1318 1258 1519 1337 ἀνειλημμένον
1539 1260 1687 1342 κεφαλαίων
1713 1267 1759 1320 τοῦ

154 1350 201 1411 καί
211 1352 422 1431 δεισιδαιμονίας·
433 1352 556 1423 ὁσιότητα
565 1351 603 1424 δέ,
620 1350 671 1421 ἕξιν
685 1354 793 1413 δικαίων
805 1357 857 1412 τῶν
871 1354 935 1434 πρὸς
979 1352 1072 1419 ἠθικοῦ
1085 1347 1182 1423 τόπου,
1199 1352 1341 1427 ἀναγκαῖον
1356 1348 1448 1429 ἐφεξῆς
1461 1348 1507 1406 καί
1526 1350 1586 1428 περί
1601 1355 1645 1408 τοῦ
1660 1352 1760 1409 ottold·

156 1440 215 1506 τοὺς
227 1439 297 1507 θεοὺς
309 1440 354 1499 καί
364 1439 565 1521 κατοιχομένους
578 1440 743 1521 reperiaris,
759 1441 855 1518 μεταξὺ
874 1443 933 1501 dno·
981 1441 1058 1512 μικοῦ
1070 1459 1099 1494 τε
1118 1435 1163 1495 καί
1176 1439 1312 1495 πολιτικοῦ
1326 1437 1445 1507 διελθεῖν,
1459 1435 1548 1509 ἐπειδὴ
1568 1436 1645 1519 φύσει
1658 1439 1760 1495 πολιτι-

154 1529 274 1603 οιόιητος
296 1519 374 1589 οὐσαν
394 1528 441 1587 καί
456 1529 591 1605 ἀνωνόμου
611 1527 688 1595 τινός·
704 1528 871 1609 χρηστότητα
886 1528 931 1601 δέ,
979 1522 1025 1581 xiil
1047 1526 1113 1603 ζῷον
1136 1522 1280 1603 ἅνθρωπος.
1334 1524 1459 1584 Πολιτεία
1476 1524 1504 1584 δὲ
1527 1524 1633 1605 πρώτη,
1655 1525 1760 1593 σύνοδος

155 1616 208 1685 ἕξιν
227 1616 349 1682 ἑκουσίως
366 1615 532 1686 εὐποιητικὴν
548 1613 704 1695 ἀνθρώπων,
721 1618 807 1673 αὐτῶν
830 1615 933 1675 ἐκείνων

154 1702 248 1784 χόριν,
271 1700 369 1779 μεταξὺ
383 1703 508 1783 πονηρίας
523 1692 602 1762 οὐοαν
623 1702 667 1760 καί
684 1702 829 1780 θνωνθμου·
848 1704 933 1762 εὐκοι-

152 1792 281 1863 νωνησίαν
296 1790 343 1866 δέ,
360 1790 411 1859 ἑἘιν
424 1790 576 1869 ἀμέμπτους
591 1794 617 1849 έν
632 1791 753 1872 κοινωνία
763 1789 802 1827 ²⁷⁵
814 1812 931 1869 παρεχο-

155 1879 251 1957 μένην,
276 1877 374 1957 μεταξὺ
397 1877 584 1949 αἰκοινωνησίας
606 1866 691 1937 οὐσαν
706 1878 751 1936 καί
776 1878 930 1955 ἅνωνύμου·

153 1964 358 2035 εὐαυναλλαξίαν
372 1964 411 2042 δέ,
425 1964 475 2034 ἕξιν
494 1964 669 2037 εὐλαῦητικὴν
691 1971 737 2037 τῆς
751 1966 777 2023 ίν
791 1967 845 2032 τοῖς
865 1990 932 2045 συμ-

153 2054 322 2132 ῦαλλομένοις
339 2052 456 2125 ἀδικίας,
473 2050 569 2129 μεταξὺ
585 2052 773 2121 ἀσυναλλαξίας
789 2044 868 2111 οὖσαν
886 2051 932 2112 καὶ

154 2143 307 2218 θνωνόμου,
337 2128 398 2219 (τὴν
421 2138 448 2197 δέ
464 2140 596 2217 ἀνώνυμον
621 2140 689 2199 κατδι
715 2140 744 2199 τὸ
768 2140 931 2218 οίκροδίκαιον

154 2219 220 2290 εἷναί
241 2227 321 2305 πως)
337 2226 478 2305 εὐκοσμίαν
501 2227 546 2297 δέ,
560 2227 611 2297 ἕξιν
633 2227 693 2306 περί
715 2252 744 2286 τε
757 2226 871 2298 κινήσεις
884 2227 929 2286 καί

153 2315 255 2396 σχέσεις
267 2313 410 2393 τηρητικὴν
426 2317 472 2371 τοῦ
488 2314 644 2393 πρέποντος,
660 2312 756 2391 μεταξὺ
767 2302 846 2371 οὐσαν
864 2316 925 2373 οἷκο-

155 2403 233 2480 σμίας
258 2402 303 2461 καί
321 2401 465 2477 ἀνωνόμου·
483 2401 602 2468 εὐταξίαν
621 2402 664 2473 δέ,
689 2401 739 2470 ἕξιν
755 2398 929 2481 στοχαστικὴν

154 2496 199 2551 τοῦ
210 2492 271 2571 περὶ
282 2490 352 2559 τόξον
366 2492 464 2563 καλοῦ,
478 2489 574 2567 μεταξὺ
588 2489 694 2558 δταξίας
707 2482 787 2548 οὐααν
801 2489 846 2547 καί
862 2493 929 2547 οἰνω-

151 2577 242 2656 νθμου·
264 2578 420 2658 αὐτάρκειαν
438 2578 480 2649 δέ,
505 2576 557 2645 ἕξιν
575 2570 807 2658 ὐρκουμένηντοῖς
820 2582 928 2656 τυχοῦσι

152 2662 219 2743 μιτδι
248 2664 472 2745 ἐλευθεριότητος,
499 2664 596 2739 μεταξὺ
622 2658 755 2743 πτωχείας
776 2655 856 2723 οὐσαν
884 2665 930 2723 καὶ

150 2752 326 2821 πολυτελείας·
341 2750 467 2832 εὐψυχίαν
491 2752 535 2828 δέ,
561 2752 612 2820 ἕξιν
640 2751 768 2823 ἀήττητον
794 2754 819 2808 ἐν
841 2754 930 2809 δεινῶν

151 2952 290 3002 invidentiae
310 2951 533 3014 etmatevolenliam
558 2950 699 3014 gravitatem
718 2956 799 3000 autem
822 2950 927 3000 medium

150 3041 267 3103 quiddam
287 3041 348 3090 inter
360 3039 496 3103 superbiam
509 3046 533 3090 et
545 3041 698 3101 comitatem,
717 3046 799 3089 contra
812 3038 928 3102 pudorem

152 3127 340 3178 mediocritatem
361 3128 385 3176 in
400 3127 503 3177 confinio
522 3128 678 3190 impudentiae
695 3129 720 3178 et
731 3129 932 3178 consternationis

152 3215 270 3278 postam
283 3214 314 3264 ad
326 3215 373 3264 lroc
388 3215 549 3266 urbanitatem
571 3229 622 3266 rem
635 3215 739 3265 mediam
753 3215 815 3266 inter
827 3217 932 3266 scurrili-

149 3309 224 3356 tatem
236 3307 261 3356 et
272 3305 446 3368 rusticitatem
457 3307 606 3357 inimicitiam
621 3307 727 3357 medium
742 3307 857 3370 quiddam
871 3309 931 3358 inter

149 3379 338 3446 assentationem
351 3399 375 3445 et
384 3397 530 3457 amicitiam;
545 3397 671 3447 veritatem
684 3411 735 3448 rem
749 3399 852 3448 mediam
867 3399 929 3448 inter

148 3483 367 3533 dissimulationem
381 3484 567 3544 etiactantiam3
580 3484 683 3547 denique
692 3485 809 3546 justitiam
824 3487 930 3536 medinm

146 3568 230 3620 locum
245 3571 307 3620 inter
319 3570 491 3621 abundantiam
507 3574 579 3634 atque
591 3573 695 3635 inopiam
706 3574 743 3622 vel
755 3574 817 3624 inter
826 3574 929 3624 rrirsnium

147 3663 176 3706 et
188 3671 273 3718 pamm
286 3661 376 3708 tenere.
399 3662 480 3716 Quum
497 3661 577 3708 anatem
592 3661 675 3709 marltm
686 3661 741 3709 alim
753 3661 801 3710 sint
818 3662 929 3724 virtutes,

146 3745 203 3793 tom
218 3758 272 3806 quoe
286 3758 327 3807 per
342 3760 369 3796 se
384 3746 529 3808 subsistunt,
548 3749 601 3796 tum
616 3761 669 3809 qum
679 3749 842 3810 superioribus
854 3751 930 3799 conti·

147 3833 248 3893 nentur,
262 3834 288 3880 ot
303 3831 404 3894 justitiae
418 3834 501 3883 subest
512 3833 604 3896 pietas,
619 3836 744 3896 sanctitas,
761 3837 879 3899 probitas,
895 3839 929 3887 la·

150 3919 242 3980 cilitas,
263 3921 379 3984 comitas;
399 3923 561 3984 temperantias
579 3935 634 3971 vero
654 3923 777 3985 decentia,
798 3925 929 3987 innodastis,

151 4005 286 4068 frugalitas,
300 4009 385 4058 barum
404 4023 500 4072 quoque
511 4009 660 4059 delinitiones
670 4011 771 4071 carptim
784 4012 929 4074 perscribam

149 4105 196 4143 uon
206 4095 310 4144 alienum
322 4097 374 4146 erit.
409 4098 524 4146 Pietatem
538 4097 609 4158 igitur
618 4111 669 4147 esse
684 4098 768 4147 nolunt
779 4099 887 4148 lrabitum
898 4099 929 4148 ad

144 4181 261 4232 colendos
269 4183 327 4234 deos
342 4185 470 4246 geniosque
481 4188 564 4246 aptum
578 4197 681 4248 eousque
694 4185 799 4236 medium
809 4187 870 4237 inter
882 4187 929 4236 im·

145 4269 262 4329 pietatem
276 4275 300 4320 et
311 4273 518 4334 superstitionem
534 4273 702 4335 sanctitatem,
723 4274 831 4332 habitum
850 4275 928 4328 oldaia

143 4355 194 4404 -diis
211 4362 234 4406 el
249 4359 352 4408 mortuis
366 4359 444 4408 debita
465 4362 605 4422 sequentem
623 4374 727 4423 eumque
746 4362 851 4411 medium
866 4363 928 4412 inter

148 4443 172 4492 id
184 4445 248 4506 quod
261 4447 388 4507 proianurn
401 4450 437 4495 est
448 4449 473 4496 et
482 4447 545 4496 aliud
563 4447 658 4497 nomine
670 4461 771 4510 vacans;
785 4449 927 4511 probitatem

146 4541 219 4592 sero,
230 4531 338 4582 habitum
352 4535 437 4595 sponte
454 4533 589 4584 bominibus
608 4535 713 4596 ipsorum
726 4549 798 4584 causa
815 4535 875 4585 benc
890 4538 925 4584 la·

144 4618 259 4678 cientem,
274 4625 347 4682 alque
358 4621 421 4670 inter
432 4621 611 4681 improbitatem
621 4624 645 4672 et
658 4635 707 4671 rem
725 4623 820 4672 nomine
839 4637 926 4673 nocan-

146 4708 196 4754 tem
209 4707 375 4769 interjectum
390 4708 527 4758 facilitatem
540 4713 620 4759 aulem
633 4709 741 4759 habitum
756 4711 893 4761 innocentes
903 4713 927 4761 in

145 4793 204 4842 eim
216 4795 328 4844 societate
336 4797 503 4858 praestantem,
513 4797 585 4860 atque
595 4797 656 4846 inter
666 4797 826 4854 morositatem
838 4800 863 4847 et
876 4811 926 4848 rem

144 4881 319 4931 innominatam
335 4883 504 4946 interiectum
522 4899 593 4947 porro
610 4885 766 4946 comitatem,
781 4885 888 4934 lsalritum
902 4886 925 4936 in

147 4967 310 5017 contractibus
320 4967 351 5017 ab
362 4970 429 5018 omni
444 4971 560 5030 injustitia
575 4970 760 5032 abhorrentem,
782 4973 854 5032 atquc
865 4971 927 5020 inter

145 5056 258 5105 >naturam
271 5055 432 5106 insociabilem
448 5059 472 5107 et
484 5071 534 5107 rem
547 5058 612 5107 nullo
623 5057 720 5107 nomine
735 5051 839 5108 notatim
854 5058 926 5108 inter·

146 5140 251 5203 jectum,
263 5155 335 5204 quam
355 5155 478 5193 sonamum
495 5145 535 5207 jos
549 5143 725 5206 quodammodo
738 5157 825 5195 vocare
837 5145 926 5208 possis,

146 5233 264 5292 praeterea
278 5231 426 5295 decentiam,
442 5234 550 5284 habitum
565 5235 588 5284 in
608 5234 713 5286 motibus
730 5237 754 5286 et
769 5235 873 5298 gestibus
885 5235 927 5286 de-

980 1610 1071 1692 ἀνδρὸς
1084 1610 1129 1669 καί
1140 1610 1261 1689 γυναικδς
1272 1610 1340 1669 κατίι
1353 1610 1431 1688 νόμον
1447 1611 1490 1669 ἐπί
1499 1611 1595 1671 τέκνων
1605 1612 1703 1690 γενέσει
1714 1613 1760 1673 καί

981 1698 1038 1776 βίου
1050 1698 1183 1779 κοινωνίᾳ.
1234 1702 1320 1759 Τοῦτο
1334 1700 1360 1756 δὲ
1375 1699 1599 1777 προσονομάζεται
1613 1700 1660 1778 μέν
1674 1692 1759 1774 οίκος,

978 1784 1047 1864 α’ρχὴ
1063 1783 1090 1843 δέ
1100 1784 1201 1849 πόλεώς
1214 1788 1285 1857 ἐστι,
1299 1786 1358 1865 περί
1372 1778 1402 1844 οῦ
1413 1788 1444 1857 δὴ
1457 1786 1501 1845 καί
1512 1786 1628 1847 λεκτέον.
1667 1788 1759 1869 Μικρθ

977 1872 1029 1952 γάρ
1043 1896 1081 1938 τις
1095 1872 1177 1933 ἔοικεν
1193 1864 1260 1945 εἶναι
1270 1872 1369 1940 πολιςθ
1382 1864 1466 1945 οίκος,
1482 1872 1536 1953 ιίγε
1550 1879 1610 1933 κατ’
1623 1876 1701 1954 εὐχὴν
1713 1879 1760 1934 αὐ-

978 1960 1084 2037 ξομένου
1105 1966 1150 2019 τοῦ
1162 1962 1265 2039 γάμου,
1281 1961 1326 2019 καὶ
1340 1964 1392 2019 τῶν
1407 1962 1508 2020 παίδων
1525 1962 1702 2037 ἐπιδιδόντων,
1713 1964 1760 2023 καί

978 2049 1190 2125 συνδυαζομένων
1206 2050 1346 2122 ἀλλήλοις,
1361 2049 1446 2129 ἕτερος
1460 2040 1529 2117 οἶκος
1542 2049 1695 2130 ὑφίσταται,
1712 2052 1758 2111 καί

977 2135 1062 2215 τρίτος
1085 2136 1153 2195 οῦτω
1174 2136 1219 2195 καί
1237 2136 1373 2216 τέταρτος,
1393 2140 1423 2197 ἕκ
1443 2137 1470 2196 δέ
1492 2138 1590 2198 τούτων
1614 2139 1692 2217 κώμη
1712 2142 1758 2199 καί

977 2222 1061 2290 πολις.
1103 2223 1236 2283 Πλειόνων
1249 2223 1300 2304 γὰρ
1310 2226 1455 2300 γενομένων
1465 2230 1570 2303 κωμῶν,
1582 2227 1657 2296 πόλις
1668 2231 1760 2288 οίπιτε·

976 2310 1065 2383 λέσθη.
1123 2313 1164 2370 Δι’
1180 2309 1194 2368 θ
1211 2311 1256 2371 καὶ
1274 2312 1308 2369 ads
1324 2312 1465 2391 σπέρματα
1479 2315 1596 2395 καθάπερ
1616 2320 1664 2386 τῆς
1688 2317 1760 2394 γενέ-

977 2419 1042 2465 σεως
1056 2402 1090 2479 τῇ
1106 2399 1181 2457 πόλει
1195 2399 1328 2482 παρίαχεν
1348 2392 1459 2477 θοίκος,
1484 2401 1552 2461 οὐτω
1567 2406 1670 2476 καὶτῆς
1682 2407 1757 2464 πολε-

976 2486 1059 2551 τείας.
1111 2485 1165 2545 Καὶ
1177 2486 1229 2565 γδρ
1247 2487 1379 2565 βασιλείας
1396 2489 1547 2570 ὑπογραφὴν
1563 2481 1628 2550 εἶναι
1642 2493 1702 2573 περὶ
1714 2494 1758 2552 τὸν

976 2563 1063 2643 οἶκον,
1077 2574 1123 2633 καὶ
1133 2575 1361 2653 ἀριστοκρατείας,
1376 2577 1422 2633 καὶ
1438 2579 1626 2657 δημοκρατίας.
1652 2580 1756 2641 Γονέων

976 2658 1024 2736 μὲν
1038 2660 1088 2739 γὰρ
1107 2662 1172 2741 πρὸς
1193 2661 1272 2721 τέκνα
1290 2662 1426 2728 κοινωνίας
1446 2662 1476 2721 τὸ
1498 2669 1589 2743 σχῆμα
1613 2667 1757 2745 βασιλικόν·

977 2752 1079 2829 ἀνδρῶν
1097 2748 1204 2829 δὲπρθς
1218 2758 1355 2827 γυναῖκας,
1371 2752 1598 2831 ἀριστοκρατικόν·
1614 2755 1716 2811 παίδων
1728 2753 1756 2813 δέ

976 2950 1027 2999 cori
1039 2952 1200 3013 servatorem,
1216 2951 1257 3014 qui
1273 2952 1365 3002 medius
1379 2952 1410 3002 sit
1426 2940 1489 3002 inter
1500 2953 1658 3005 indecentiam
1672 2958 1697 3006 et
1706 2971 1756 3006 rem

976 3037 1043 3088 nollo
1052 3038 1168 3092 rambula
1179 3040 1357 3102 nuncupatam,
1376 3041 1534 3103 modestiam,
1546 3041 1656 3091 habiturn
1665 3043 1698 3094 ad
1712 3044 1756 3094 bo·

975 3129 1092 3176 aestatem
1106 3127 1131 3176 in
1141 3127 1307 3176 conservando
1319 3128 1404 3177 ordine
1417 3142 1577 3191 propensum,
1593 3131 1635 3192 qui
1647 3131 1754 3182 medinm

976 3215 1057 3263 locum
1069 3215 1131 3264 inter
1143 3215 1299 3276 petulantiam
1312 3219 1336 3264 et
1346 3229 1397 3264 rem
1410 3217 1508 3266 nomine
1520 3225 1641 3268 carentem
1660 3221 1755 3282 teneat;

975 3301 1440 3364 insuperlrogalitatem,lrabitomrebns
1450 3305 1597 3366 quibuslibet
1607 3307 1756 3368 contentum,

975 3389 1132 3450 conjunctum
1145 3401 1203 3438 com
1219 3389 1361 3440 liberalitate
1373 3392 1446 3454 atque
1462 3391 1525 3441 inter
1541 3392 1719 3443 mendicitatem
1730 3395 1757 3444 et

977 3477 1178 3538 nragniticentiam
1187 3478 1353 3541 interjectum,
1365 3479 1395 3527 ad
1405 3479 1458 3528 baec
1471 3480 1626 3540 alacritatem,
1645 3480 1754 3530 lrabitom

975 3562 1093 3612 invictum
1105 3564 1131 3612 in
1140 3563 1323 3613 terendisrebus
1333 3564 1442 3613 adversis
1454 3566 1593 3628 atqueiuler
1600 3566 1754 3616 timiditatem

975 3653 1000 3700 et
1011 3651 1186 3714 pugnacitatem
1194 3652 1345 3713 interjectum
1354 3668 1361 3712 3
1371 3652 1472 3714 denique
1481 3651 1634 3712 industriam,
1645 3652 1754 3702 babitom

974 3739 1040 3787 nullo
1055 3738 1136 3789 labore
1149 3738 1340 3800 languescentem
1354 3752 1383 3788 ac
1392 3740 1560 3801 praeclarorum
1571 3754 1670 3802 operum
1680 3740 1753 3790 labri·

974 3828 1090 3886 catonem,
1106 3825 1148 3887 qui
1158 3824 1251 3874 medios
1266 3825 1298 3874 ait
1309 3825 1371 3875 inter
1382 3826 1506 3876 mollitiem
1517 3829 1543 3876 et
1555 3826 1662 3885 stodiam
1673 3828 1752 3878 inane.

974 3916 1005 3962 nt
1018 3925 1073 3975 qum
1083 3926 1112 3961 en
1124 3914 1218 3962 cunctis
1231 3913 1361 3962 virtutibus
1375 3913 1505 3979 moralibus
1515 3915 1649 3977 composita
1660 3915 1694 3965 sit
1705 3915 1754 3964 nir·

974 4005 1085 4060 luscam
1099 4013 1194 4050 morum
1207 4001 1366 4064 integritatem
1376 4002 1423 4051 diei
1435 4015 1463 4051 ac
1473 4004 1601 4065 perlectam
1611 4015 1665 4053 esse
1675 4002 1753 4052 virto-

974 4096 1034 4155 tem,
1044 4096 1096 4143 tum
1109 4094 1170 4145 bena
1181 4096 1255 4156 atque
1264 4093 1354 4143 utiliter
1364 4093 1500 4154 facientem,
1509 4096 1561 4143 lum
1573 4095 1672 4144 bouesta
1682 4107 1753 4156 agen·

975 4186 1024 4231 tem
1032 4218 1040 4244 ,
1052 4182 1153 4232 honesta
1164 4185 1244 4232 aulem
1260 4195 1302 4244 per
1315 4195 1340 4232 se
1351 4185 1512 4244 expetentem.
1686 4252 1689 4257 Ι

1004 4273 1086 4328 Quum
1098 4284 1156 4320 vero
1165 4271 1279 4331 satiatam
1288 4270 1413 4332 explicatae
1425 4271 1473 4319 sint
1481 4271 1587 4320 virtutes·
1605 4281 1630 4328 et
1642 4251 1754 4334 pleraque

973 4371 1069 4407 morum
1091 4358 1207 4409 doctrinae
1225 4359 1303 4421 capita
1323 4362 1480 4420 pertractata,
1499 4371 1580 4419 operm
1598 4359 1701 4418 pretium
1717 4357 1754 4407 eat

972 4445 1084 4509 deinceps
1095 4447 1126 4496 de
1137 4447 1240 4509 privatae
1252 4446 1309 4495 ritae
1321 4446 1411 4496 ratione
1427 4459 1456 4495 as
1464 4445 1495 4495 de
1507 4459 1586 4495 rerum
1613 4445 1746 4494 uolicarom

972 4533 1078 4584 rectione
1088 4534 1216 4595 disserere,
1226 4535 1340 4596 quoniam
1351 4538 1437 4582 natora
1444 4535 1517 4582 homo
1526 4532 1615 4581 animal
1626 4533 1749 4582 civileml.

972 4621 1054 4670 Prima
1065 4622 1145 4670 autem
1154 4623 1254 4671 societas
1262 4622 1306 4670 riri
1317 4625 1354 4670 est
1362 4626 1387 4670 ct
1395 4621 1489 4670 leminse
1501 4619 1634 4682 congressio
1646 4620 1752 4682 legitima

971 4707 1003 4757 ad
1016 4708 1103 4758 liberos
1115 4709 1276 4771 procreandos
1289 4715 1314 4759 et
1327 4710 1383 4758 vitm
1395 4707 1603 4758 communitatem.
1619 4712 1681 4765 Quae
1694 4708 1750 4771 qui-

971 4795 1027 4845 dem
1038 4802 1108 4845 rasut
1122 4797 1209 4846 lamilia
1219 4799 1327 4856 vomtnr,
1337 4797 1371 4846 ita
1382 4797 1487 4846 civitatis
1497 4795 1592 4844 initium
1605 4799 1650 4856 eat,
1664 4797 1751 4860 dequo

972 4886 1012 4935 bis
1026 4887 1099 4936 etiam
1118 4885 1291 4948 dispitandum
1310 4885 1414 4934 ridetur.
1435 4885 1530 4935 Etenim
1550 4897 1624 4947 parra
1638 4885 1751 4948 quaedam

971 4975 1057 5026 civitas
1066 4977 1105 5026 est
1114 4975 1217 5038 tamilla,
1228 4976 1347 5038 siquidem
1358 4975 1388 5024 ad
1405 4976 1554 5026 voluntatem
1567 4977 1752 5028 succedentibus

971 5061 1063 5124 nuptiis
1080 5064 1104 5110 et
1115 5061 1196 5112 liberis
1210 5061 1396 5125 pubescentibus
1410 5065 1483 5126 alque
1496 5063 1559 5114 inter
1576 5078 1601 5114 se
1615 5063 1750 5128 copulatis,

972 5147 1046 5198 altera
1058 5149 1165 5199 nascitur
1176 5148 1283 5209 lamatio,
1298 5149 1357 5198 item
1368 5151 1438 5199 tertia
1450 5153 1474 5199 et
1483 5155 1584 5214 quarta,
1600 5165 1630 5202 ex
1644 5153 1682 5202 bis
1695 5165 1751 5202 reno

972 5249 1046 5300 pagna
1057 5250 1085 5288 ac
1099 5235 1193 5289 ciuitas.
1229 5237 1346 5288 Nimirum
1358 5251 1373 5288 a
1388 5251 1503 5302 paganam
1515 5254 1616 5292 numero
1628 5240 1751 5304 paullatim

1650 5326 1672 5372 7,
