3959 5925
666 410 925 476 ANTISTHENIS
944 408 1196 470 FRAGMENTA.
1650 419 1710 472 275

115 551 204 628 μηθέα
235 547 351 616 λελυκὼς
377 549 436 608 etit
463 555 517 615 τοῖς
533 568 594 629 περι
627 545 670 605 ιθν
697 543 818 624 Χείρωνα
845 540 891 601 καὶ
936 541 1065 600 seruauit
1089 539 1256 600 Eustathius
1278 538 1315 597 ad
1340 539 1459 598 Homeri
1484 539 1590 616 Odyss.
1617 539 1670 600 lib.
1689 541 1716 602 X

114 637 245 700 Ἄτλαντα
273 639 407 716 σοφισταῖς
430 635 602 714 διειλεγμένος
633 636 704 710 κτλ,
738 629 878 690 codd.
847 653 891 688 τν
936 629 1039 706 p.378
1063 626 1189 706 (1645):
1201 625 1418 699 Ἀλκιύιοίδην’
1384 649 1472 703 μεντοι
1486 649 1524 684 πα
1525 627 1714 706 ρεξηυλημένον
1823 676 1826 684 ,

114 724 216 805 Πᾶνα)
938 718 1013 774 έν”’
978 739 1016 794 rap
1032 714 1117 781 ἄλλως
1133 718 1204 794 βιοῦν
1217 713 1395 803 ἐξωλέστερον
1414 713 1522 816 σκώψας
1541 738 1620 793 φησιν
1633 715 1715 777 Ἀντι-

153 810 280 888 Λέγει
289 801 332 868 σύν
344 809 415 869 καλθ
424 807 595 874 Ἀντισθένους
605 805 741 887 Ἦραιιλης
754 804 814 884 περί
826 826 892 870 τινος
937 800 1029 874 σθένης
1043 800 1194 880 παράνομον
1209 789 1274 858 εἶναι
1292 801 1337 859 καὶ
1354 803 1390 867 εἷς
1407 801 1532 879 γυναῖκας
1556 801 1602 860 κοιλ
1617 805 1654 870 εἷς
1667 803 1715 876 τὴν

113 832 249 958 νεανίσκω
262 896 385 976 saaph*
349 920 387 954 τω
402 897 513 975 Χείρωνι
527 893 699 1004 τρεφομένου·
707 893 806 970 Μέγας
823 891 890 970 γάρ,
938 887 1022 959 είλλην
1035 887 1144 946 δίαιταν·
1157 910 1271 945 συνεινοιι
1283 888 1334 967 γαρ
1349 887 1394 946 καλ
1405 910 1474 967 μητ
1475 887 1568 948 laeli
1555 891 1660 970 υγατρλ
1670 891 1716 950 κοιλ

114 985 195 1068 φησί,
211 983 257 1043 καλ
277 984 356 1050 καλθς
378 982 457 1042 aal‘
443 990 550 1063 ωραῖος,
566 983 614 1040 οὐκ
636 980 667 1038 δν
690 982 767 1040 etesi
790 975 892 1055 ἠράσθη
938 977 1080 1056 ἀδελφῇ,
1067 998 1101 1040 ως
1117 973 1176 1040 ους
1188 973 1311 1054 Περσος)

115 1071 196 1138 δειλὸς
208 1068 330 1149 ἐραστής
978 1082 1013 1123 ιο.
1038 1060 1085 1122 ud
1099 1061 1144 1120 καὶ
1157 1061 1317 1135 Ἀντισθένης
1329 1068 1343 1124 θ
1354 1063 1539 1146 Σωκρατικός,
1550 1067 1584 1132 ὥς
1597 1065 1628 1124 διν
1640 1067 1716 1134 αὐτὸς

31 1212 35 1217 ,
155 1159 286 1236 (Psoclus
300 1169 453 1215 comment.
467 1155 499 1213 in
508 1154 582 1213 Plat.
597 1153 695 1213 Alcib.
707 1152 768 1217 vol.
782 1151 842 1228 lp.
854 1149 893 1224 98
939 1149 1253 1227 οὗτόπτηςγεγονθιςτοῦ
1267 1149 1431 1210 Ἀλκιύιύδου
1439 1155 1540 1231 ,ρλσχυ
1542 1152 1716 1216 δνούιθνκαλ

115 1248 162 1309 ed
187 1247 319 1304 Creuzer.
330 1242 473 1301 Caeterum
492 1241 594 1300 ultima
617 1244 707 1299 verba
728 1237 893 1312 ambiguam
939 1236 1060 1317 ἀνδρώδη
1074 1235 1120 1295 καλ
1134 1237 1289 1296 ἀπαίδευτον
1303 1237 1349 1296 καλ
1362 1238 1492 1317 τολμηρὸν
1507 1241 1552 1296 καὶ
1566 1243 1662 1318 ὡραῖον
1676 1243 1716 1321 ἐφ’

114 1335 223 1393 habent
252 1332 433 1391 sententiam.
475 1324 602 1389 Possunt
633 1329 711 1386 enim
736 1327 778 1385 ita
807 1325 893 1383 etiam
939 1323 1043 1396 ἡλικίας
1057 1321 1177 1401 γενέσθαι
1188 1323 1279 1402 φησίν

115 1420 238 1499 exponi,
257 1430 290 1476 ut
311 1417 448 1476 llercules
469 1417 579 1474 dixisse
604 1417 723 1486 seratur,
744 1430 892 1488 nunquam
978 1411 1145 1488 (Athenaeus
1158 1410 1211 1472 lib.
1227 1410 1292 1484 Xll,
1310 1432 1340 1490 p.
1358 1412 1413 1480 534
1428 1411 1474 1492 C.)

116 1509 242 1566 futurum
262 1517 294 1563 ut
312 1504 478 1563 adolescens
499 1503 549 1561 ille
569 1501 607 1560 ab
634 1501 752 1560 homine
768 1499 845 1557 malo
866 1510 895 1556 et
979 1519 1015 1560 ιι.
1038 1499 1075 1560 Τί
1095 1489 1138 1558 eir
1163 1497 1233 1576 λέγει
1246 1498 1426 1580 Ἀντισθένηςς
1449 1499 1566 1561 οὐδέποτ’
1584 1501 1714 1576 ἤκουοας;

114 1599 220 1670 ignavo
243 1605 397 1661 amaretur,
416 1591 466 1651 sed
484 1589 621 1649 eximiam
645 1589 709 1666 ejus
726 1586 893 1687 pulchritu-
942 1576 1142 1660 Βοσιλικύν,
1121 1611 1143 1644 ιο
1168 1589 1297 1665 Κῦρε,π
1277 1585 1400 1665 πράττειν
1429 1580 1536 1664 μὲν
1507 1613 1554 1661 eu,
1585 1592 1715 1656 κακωςδ’

114 1682 211 1739 dinem
230 1679 347 1756 dignam
366 1698 429 1738 esse
449 1691 577 1742 amatore
600 1676 669 1735 forti
691 1687 720 1733 et
741 1674 893 1752 adipsum
939 1669 1055 1733 ἄκουον.

115 1765 326 1826 defendendum
341 1765 462 1843 parato.)
979 1759 1133 1861 (Arrianus
1142 1759 1267 1837 Epictet.
1276 1759 1348 1820 diss.
1357 1760 1442 1834 lV,5.
1455 1761 1596 1821 Similiter
1606 1763 1645 1824 ll.
1655 1765 1716 1824 An·

940 1847 1059 1906 toninus
1083 1846 1148 1920 Vll,
1175 1848 1232 1904 36·
1249 1846 1444 1908 Ἀντισθενιιιόν·
1468 1849 1602 1928 βασιλικὸν
1627 1850 1674 1928 μὲν
1688 1844 1718 1910 ei

372 1925 407 2004 β’·
429 1927 459 1983 3²
472 1928 518 1983 τοῦ
533 1922 632 2002 Κύθθυ·
900 1935 1036 2012 πράττι
1040 1959 1072 2010 ιν,
1086 1940 1174 2002 κακῶς
1196 1936 1223 1993 δέ
1246 1935 1358 1997 ἀκούειν·
1372 1949 1401 1995 ιιι
1420 1938 1564 2014 Diogenes
1584 1938 1717 2000 Laertius

938 2022 990 2084 lib
1010 2023 1060 2096 vl,
1077 2026 1119 2084 3:
1136 2021 1248 2089 ἀνιούσας
1269 2021 1515 2084 nocibilitatem
1539 2024 1617 2084 αὐτὸν
1631 2031 1718 2092 κακῶς

154 2133 176 2170 e
197 2112 359 2188 Εἷλῑκρινοῧι
380 2106 408 2166 ὄλ
428 2105 474 2167 καλ
491 2112 606 2186 καθαροῦ
628 2105 673 2164 κοιλ
687 2105 804 2165 Arusace
815 2105 893 2182 λογον
938 2110 1023 2184 λέγει,
1038 2069 1179 2170 linesimo'v
1181 2111 1493 2191 ,ἔφη,καλῶςποιοῦντοι
1507 2114 1594 2179 κακῶς
1607 2109 1717 2172 ἀκούειν.

113 2196 222 2264 κανόνας
235 2196 281 2256 καλ
299 2195 434 2304 στγθμαι,
446 2195 492 2254 καὶ
512 2193 681 2274 παράδειγμά
695 2215 773 2274 οησιν
786 2195 891 2272 ἄιστον
939 2197 1024 2268 Quod
1039 2201 1117 2277 apud
1132 2200 1289 2274 Diogenem
1307 2199 1413 2275 legitur
1426 2202 1513 2266 καλῶς
1525 2221 1667 2271 ποιοοντο,
1682 2200 1717 2258 ad

112 2281 246 2346 Πλάτωνί
259 2306 289 2340 τε
303 2281 348 2339 καὶ
362 2287 471 2357 Δημοσθ
473 2280 657 2362 ἔνηνΚριτίον
673 2304 703 2340 τε
717 2303 761 2339 τοο
745 2279 892 2340 ”taust
939 2290 1067 2344 actiones
1089 2286 1225 2345 honestas
1248 2287 1388 2360 refertum
1409 2278 1511 2348 sed'⁴
1483 2312 1510 2346 ευ
1533 2285 1657 2367 πρέπειν
1681 2286 1718 2345 ab

113 2395 194 2452 οχροο
215 2369 261 2429 κοιλ
280 2367 443 2439 Ἀντισθένην
459 2368 527 2445 μετὰ
544 2371 597 2428 τῶν
619 2367 733 2446 γνησίων
747 2370 826 2427 αὐτοῦ
844 2365 889 2425 δύο
939 2375 1110 2434 Antisthene
1133 2375 1241 2433 dictum
1267 2393 1329 2434 esse
1348 2375 1494 2434 existimo.
1537 2373 1570 2432 ld
1583 2391 1654 2431 vero
1666 2373 1717 2430 in·
1784 2436 1787 2443 ,

112 2461 210 2538 λόγων,
223 2480 269 2518 τοο
251 2456 343 2537 περι
357 2455 447 2535 Κύρου
463 2456 508 2513 καλ
521 2479 566 2516 του
549 2456 639 2536 περὶ
653 2453 817 2522 Ὀδυσσείας
940 2463 1156 2563 ιριΗριοιιιιιελιιιιι
1176 2461 1251 2520 bene
1269 2481 1329 2520 rem
1349 2481 1464 2537 gerere,
1479 2474 1512 2520 ut
1533 2461 1609 2540 apud
1626 2460 1717 2518 Hora

154 2543 348 2623 (Phrynichus
378 2543 467 2604 Arab
495 2563 597 2651 appar.
624 2555 698 2601 orat.
725 2562 771 2621 ap.
801 2541 887 2604 Phot.
939 2550 1011 2607 tium
1028 2550 1119 2629 Epist.
1134 2547 1188 2607 lib.
1210 2549 1235 2620 l,
1260 2551 1289 2620 8,
1311 2548 1368 2606 hoc
1384 2561 1428 2607 est
1451 2548 1587 2606 felicitate
1601 2547 1715 2605 llorere.

114 2632 274 2710 CLVlllp.
291 2632 360 2691 ³26.
375 2630 465 2689 Posui
482 2631 543 2709 περὶ
535 2628 717 2694 ιὈθοσσείος
742 2633 894 2696 emendata
937 2637 1002 2698 vid.
1019 2637 1155 2715 Stephani
1171 2635 1309 2694 Thesaur.
1321 2654 1384 2694 ε..ι
1398 2633 1531 2713 πράσσοι.)

115 2721 246 2779 codicum
262 2719 408 2796 scriptura
418 2715 478 2793 περὶ
491 2715 619 2786 Ὀδυσοη.
635 2716 679 2774 Cf.
695 2716 781 2792 Diog.
796 2716 891 2778 baert.
981 2742 1018 2782 aa.
1042 2722 1150 2780 liuidae
1163 2723 1177 2777 θ
1191 2721 1266 2786 πόνος
1282 2719 1377 2796 ἀγαθθν
1392 2718 1535 2791 συνέστησε
1549 2717 1592 2776 διὰ
1605 2721 1650 2776 τοῦ
1668 2739 1716 2792 με-

113 2803 625 2881 Vl‚.17DeAntrsthen1sl1broqu1
640 2802 892 2883 Ιίῦροςῆπερλβο
937 2810 1018 2885 γάλου
1031 2807 1193 2887 Ηρακλέοος
1217 2806 1262 2863 καλ
1284 2827 1329 2864 τοο
1351 2805 1457 2884 Κύρου.
1479 2805 1509 2862 ιθ
1525 2804 1605 2883 μέν’
1591 2803 1643 2863 απὸ
1665 2808 1716 2862 τῶν

115 2894 212 2959 σιλεέοις
226 2891 460 2952 inscribebatur·
451 2903 492 2948 ita
502 2890 616 2968 judicat
628 2889 731 2948 Cicero
750 2893 835 2970 epist.
855 2893 892 2950 ad
938 2895 1082 2968 Ελληνιον,
1097 2917 1125 2952 το
1111 2891 1192 2952 δὲ
1177 2893 1229 2950 απ
1240 2896 1291 2951 τῶν
1304 2892 1444 2974 βαρὸέρων
1458 2892 1578 2958 ἑλκύσας.

113 2983 241 3040 Αιιλοιιιιι
255 2979 323 3056 Xll,
339 2980 523 3058 θθτελίορος
546 2976 605 3035 δ”
583 3002 596 3036 e
620 2979 942 3056 mihisicplacuit,
979 2985 1133 3060 (Diogenes
1149 2981 1281 3039 Laertius
1298 2980 1349 3040 lib.
1364 2980 1415 3053 Vl,
1433 2980 1474 3059 a.)

112 3081 145 3126 ut
154 3066 597 3140 caeteraAntisthenis,hominis
610 3067 685 3124 acuti
700 3067 790 3143 magis
805 3087 890 3145 quam
979 3089 1014 3129 sa.
1036 3067 1202 3128 Ἀλκιύιᾶδου
1226 3067 1253 3125 δὲ
1270 3068 1316 3125 καλ
1341 3068 1441 3143 τίτθην,
1470 3068 1574 3147 γένος
1567 3067 1713 3143 Λάκαιναν,

112 3156 228 3215 eruditi.
242 3156 275 3233 ι)
938 3156 963 3215 A
968 3155 1071 3232 μυκλαν
1089 3154 1188 3232 ὄνομα,
1201 3155 1246 3214 κοιλ
1261 3154 1388 3234 Ζώπυρον
1402 3155 1570 3233 παιδαγωγὸν
1583 3154 1669 3233 ίσμιν,
1680 3116 1716 3215 di
1739 3198 1740 3203 =

152 3264 175 3302 ο.
199 3241 360 3313 Ἀντισθένης
376 3242 399 3299 δ’
411 3244 438 3300 έν
451 3240 551 3320 θοιτέρω
564 3244 615 3299 τῶν
630 3242 725 3322 Κύρων
741 3244 891 3317 κακολογῶν
939 3264 969 3301 το
956 3241 1029 3316 μλν
1042 3240 1258 3319 Ἀντισθένης,
1233 3263 1264 3300 το
1278 3241 1306 3301 δὲ
1322 3241 1436 3301 Πλάτων
1449 3241 1582 3323 ἱστόρηκε.

113 3328 282 3401 Ἀλκιύιέδην
291 3329 338 3389 καὶ
349 3328 500 3408 παράνομον
513 3352 525 3387 ε
536 3352 579 3387 ναι
588 3328 658 3406 λέγει
667 3328 712 3386 καὶ
722 3330 758 3395 ελς
767 3324 891 3406 γύναῖκσς
980 3329 1165 3405 (Plutarchus
1177 3330 1231 3390 ult.
1248 3327 1343 3387 Alcib.
1358 3348 1421 3407 cap.
1440 3328 1479 3406 ι.)

113 3415 158 3473 κοιλ
173 3418 208 3482 εἰς
221 3414 268 3488 τὴν
284 3417 366 3487 ἄλλην
383 3416 494 3474 δίαιταν.
518 3418 638 3475 Συνεῖναι
651 3415 703 3493 γάρ
718 3437 797 3496 φησιν
811 3414 888 3473 αὐτὸν
978 3435 1014 3477 ti.
1037 3415 1102 3476 Ὅτι
1124 3416 1145 3474 θ’
1159 3408 1192 3475 οὗ
1216 3416 1298 3493 μέγας
1319 3418 1334 3473 θ
1356 3415 1521 3487 Ἀλκιύιέδης
1547 3416 1647 3493 ἐγένετο
1670 3414 1716 3473 καλ

112 3502 157 3561 κοιλ
172 3504 252 3581 μητρὶ
265 3503 311 3560 καλ
323 3501 430 3581 θυγατρὶ
440 3503 488 3562 καλ
501 3504 615 3582 ἀδελφῇ,
627 3504 663 3569 ὡς
678 3500 792 3581 Πέρσας.
940 3501 1032 3575 καλός,
1044 3504 1119 3573 δηλοῖ
1131 3501 1178 3579 μὲν
1193 3503 1238 3560 καὶ
1253 3502 1282 3560 τὸ
1297 3500 1380 3571 κοινθν
1395 3503 1471 3561 αὐτὸν
1488 3502 1615 3580 δρώμενον
1630 3506 1718 3562 καλεῖ-

153 3590 319 3667 (Atlienaens
337 3588 390 3649 tib.
404 3588 439 3660 V,
451 3610 480 3667 p.
491 3610 548 3647 aao
561 3588 595 3648 C.
610 3588 716 3648 Eadem
730 3590 790 3647 fere
802 3589 893 3649 verba
940 3595 1000 3649 σθαι
1019 3593 1066 3660 τῆς
1083 3588 1212 3653 Ἐλλοίθος
1235 3589 1352 3660 ἁπάσης,
1373 3590 1447 3661 δηλοῖ
1470 3587 1498 3645 ii
1522 3592 1536 3646 i
1559 3588 1718 3663 Ἀντισθένης

144 3861 168 3905 7.
185 3855 346 3915 Quamobrem
366 3855 437 3905 etiam
458 3854 605 3905 Antisthenis
620 3855 735 3905 fluentes
746 3854 778 3911 de
788 3854 892 3917 medam
969 3863 1007 3907 to.
1019 3856 1180 3914 Quamobrem
1192 3856 1263 3905 etiam
1273 3855 1424 3907 Antisthenes
1435 3857 1578 3921 socraticus,
1588 3858 1656 3922 quasi
1664 3858 1717 3921 lpse

115 3941 264 3993 adolescente
275 3944 317 4006 qui
330 3942 393 4006 apud
407 3942 535 3992 chironem
547 3941 694 3992 educabatur
706 3941 818 4005 indimus
831 3960 839 3991 ι
853 3942 891 3991 ni·
937 3945 1083 3996 Alcibiadem
1098 3945 1193 4007 viderit,
1204 3946 1289 3995 todem
1300 3945 1379 4009 ipsum
1389 3958 1419 3995 ae
1429 3946 1522 3997 virilem
1533 3959 1578 3997 uec
1588 3960 1636 3997 nou
1645 3946 1716 3996 tudo·

115 4032 203 4081 mirurn
214 4044 333 4095 magnus,
347 4030 892 4094 inquit‚atpulcberetrmustusest;uuem
936 4040 1004 4084 etum
1018 4037 1043 4084 et
1054 4033 1170 4084 audacem
1183 4038 1208 4083 et
1225 4034 1356 4083 formosum
1373 4034 1397 4083 in
1418 4033 1578 4085 adolescentia
1592 4034 1666 4084 tubae
1679 4030 1716 4083 si·
1821 4054 1822 4057 ¹

115 4119 335 4179 quiamarehnou
349 4120 411 4171 toret
421 4120 606 4171 miseramator.
936 4122 1023 4172 firmat.

968 4223 1006 4270 tt.
1025 4220 1089 4278 Quid
1109 4220 1181 4282 igitur
1199 4218 1258 4269 dicit
1280 4218 1452 4269 Antisthenes?
1473 4230 1628 4280 nunquamne
1647 4214 1717 4269 andl-

937 4308 1009 4357 visti?
1022 4307 1137 4371 Regium,
1149 4321 1165 4358 ο
1183 4310 1260 4369 cyre,
1272 4309 1309 4356 est
1324 4305 1436 4357 telieitate
1451 4305 1548 4369 llorere,
1559 4306 1623 4357 male
1636 4306 1717 4357 autem

145 4405 169 4447 a.
186 4398 306 4449 castitatis
318 4401 342 4449 et
356 4400 496 4462 integritatis
509 4394 627 4451 sermoiis
647 4402 714 4453 attici
741 4416 851 4453 normam
868 4407 893 4455 et
936 4395 1029 4445 tudite-
1132 4438 1135 4447 ·

115 4485 220 4546 regulam
239 4486 404 4549 optimumque
419 4487 556 4550 exemplum
569 4489 692 4540 Platonem
705 4491 891 4542 acDemosiha·
969 4489 1008 4535 12·
1031 4485 1148 4534 Lssb0rtm
1170 4484 1262 4534 bonum
1286 4496 1355 4545 0⁸⁸0
1380 4483 1459 4547 misul
1481 4483 1590 4534 Herculii
1610 4496 1640 4533 ιι
1659 4483 1717 4545 Gtt'i

113 4584 169 4621 aem
191 4572 314 4635 perhibet,
325 4573 383 4624 item
407 4573 507 4624 critiam
534 4574 674 4627 callaeschri
693 4576 769 4627 tilium
784 4579 809 4627 et
823 4577 892 4628 Auti-
935 4570 1230 4633 exempliseonirmarit,
1242 4569 1301 4620 illud
1314 4583 1328 4619 a
1342 4570 1449 4633 Grecis,
1458 4570 1506 4620 boe
1520 4569 1718 4620 abarbarismu·

114 4658 223 4710 sibenen
234 4674 289 4711 enm
299 4661 393 4711 duobus
405 4662 446 4725 qui
459 4663 557 4725 genuini
567 4666 625 4713 sunt
638 4663 692 4726 eius
705 4655 773 4715 libris
787 4663 816 4713 de
830 4666 893 4727 cyro
936 4658 1028 4709 uslut-

113 4757 143 4795 ae
156 4746 187 4796 de
198 4747 313 4809 Odyssea.
968 4744 1007 4791 ¹³.
1023 4740 1152 4793 Alcibiadis
1170 4744 1196 4790 et
1215 4739 1334 4790 nutrirem
1358 4738 1435 4801 patria
1458 4740 1601 4799 hennam,
1620 4738 1717 4790 uomina

107 4902 110 4906 ¹
145 4838 169 4884 ο.
186 4834 460 4889 stantemstantem
480 4839 599 4899 errorum
614 4837 893 4909 muniendorum
936 4817 1113 4891 auroramque
1133 4827 1290 4891 paragogum
1308 4829 1430 4888 zopyrm
1453 4825 1579 4887 munus,
1598 4825 1716 4888 siquidem

114 4920 165 4969 iam
190 4920 215 4970 in
235 4922 366 4972 mulierum
391 4924 564 4976 consuetudine
579 4939 653 4989 quam
677 4926 702 4976 tn
725 4924 816 4989 reliqu.
836 4926 893 4976 vira
935 4916 1033 4966 alterins
1047 4918 1081 4967 rei
1091 4915 1255 4977 Antisthenes,
1270 4912 1368 4964 alterius
1382 4913 1452 4964 Plato
1460 4914 1546 4963 auctor
1554 4914 1598 4963 est.

113 5008 206 5059 radone
229 5012 365 5073 spreturum
388 5011 468 5075 legum
490 5026 548 5063 enm
570 5013 673 5064 incusat.
706 5014 813 5076 itemque
836 5026 893 5063 enm
970 5015 1006 5062 ti.
1023 5014 1117 5061 Rursus
1126 5010 1274 5061 Alcibiadem
1285 5022 1398 5072 maguum
1412 5009 1486 5060 tuisse
1496 5012 1520 5059 et
1535 5008 1661 5074 pulchrum
1672 5008 1715 5060 de-

113 5105 169 5143 sum
182 5100 269 5159 matre,
285 5098 332 5148 titia
343 5098 368 5148 et
380 5110 462 5150 sorore
471 5102 599 5151 Persarum
613 5100 638 5152 iu
650 5112 742 5153 morem
752 5100 788 5150 ait
801 5113 893 5151 οοιισιι-
936 5099 1011 5149 clarat
1022 5112 1078 5149 cum
1096 5098 1167 5161 titud,
1180 5096 1246 5161 quod
1259 5108 1400 5147 musmones
1414 5096 1488 5148 totius
1502 5096 1604 5149 urente
1621 5104 1716 5147 sueres

114 5179 205 5233 baras
935 5199 965 5236 ae
979 5186 1077 5238 delicias
1098 5199 1153 5237 eum
1176 5186 1308 5248 vocabant,
1330 5186 1383 5236 tum
1404 5185 1557 5237 Autistbmes
1576 5184 1715 5253 protessus,

1543 5310 1579 5357 ίθ.

369 4264 392 4307 2.
409 4272 438 4308 ex
451 4258 512 4310 libro
523 4260 554 4309 de
563 4262 635 4322 cyro.
