<?xml version="1.0" encoding="UTF-8"?>
<!DOCTYPE html PUBLIC "-//W3C//DTD XHTML 1.0 Transitional//EN"
    "http://www.w3.org/TR/xhtml1/DTD/xhtml1-transitional.dtd">
<html xmlns="http://www.w3.org/1999/xhtml" xml:lang="en" lang="en">
 <head>
  <title>
</title>
<meta http-equiv="Content-Type" content="text/html;charset=utf-8" />
  <meta name='ocr-system' content='tesseract 3.04.00' />
  <meta name='ocr-capabilities' content='ocr_page ocr_carea ocr_par ocr_line ocrx_word'/>
</head>
<body>
  <div class='ocr_page' id='page_1' title='image "./fragmentaphilos02mullgoog/fragmentaphilos02mullgoog_0249.png"; bbox 0 0 3959 5925; ppageno 0'>
   <div class='ocr_carea' id='block_1_1' title="bbox 790 368 1193 451">
    <p class='ocr_par' dir='ltr' id='par_1_1' title="bbox 790 368 1193 451">
     <span class='ocr_line' id='line_1_1' title="bbox 790 368 1193 451; baseline 0.005 -2"><span class='ocrx_word' id='word_1_1' title='bbox 790 368 1045 451; x_wconf 78' lang='lat' dir='ltr'>vnxonuxvrx‘</span> <span class='ocrx_word' id='word_1_2' title='bbox 1058 390 1193 451; x_wconf 81' lang='lat' dir='ltr'>vnum.</span> 
     </span>
    </p>
   </div>
   <div class='ocr_carea' id='block_1_2' title="bbox 1740 402 1795 453">
    <p class='ocr_par' dir='ltr' id='par_1_2' title="bbox 1740 402 1795 453">
     <span class='ocr_line' id='line_1_2' title="bbox 1740 402 1795 453; baseline 0 0"><span class='ocrx_word' id='word_1_3' title='bbox 1740 402 1795 453; x_wconf 76' lang='lat' dir='ltr'>tra</span> 
     </span>
    </p>
   </div>
   <div class='ocr_carea' id='block_1_3' title="bbox 181 499 1796 605">
    <p class='ocr_par' dir='ltr' id='par_1_3' title="bbox 181 499 1796 605">
     <span class='ocr_line' id='line_1_3' title="bbox 181 499 1796 605; baseline 0.001 -22"><span class='ocrx_word' id='word_1_4' title='bbox 181 523 334 605; x_wconf 78' lang='grc' dir='ltr'>ἄνθρωπον,</span> <span class='ocrx_word' id='word_1_5' title='bbox 357 522 417 582; x_wconf 79' lang='grc' dir='ltr'>οὐδὲ</span> <span class='ocrx_word' id='word_1_6' title='bbox 439 520 513 600; x_wconf 72' lang='grc' dir='ltr'>μδινο</span> <span class='ocrx_word' id='word_1_7' title='bbox 527 520 584 581; x_wconf 86' lang='grc' dir='ltr'>θεδν</span> <span class='ocrx_word' id='word_1_8' title='bbox 600 521 646 580; x_wconf 81' lang='grc' dir='ltr'>καί</span> <span class='ocrx_word' id='word_1_9' title='bbox 663 520 748 602; x_wconf 84' lang='grc' dir='ltr'>ρυτόν·</span> <span class='ocrx_word' id='word_1_10' title='bbox 770 520 817 582; x_wconf 79' lang='grc' dir='ltr'>καί</span> <span class='ocrx_word' id='word_1_11' title='bbox 835 521 865 581; x_wconf 84' lang='grc' dir='ltr'>τὸ</span> <span class='ocrx_word' id='word_1_12' title='bbox 883 520 964 599; x_wconf 84' lang='grc' dir='ltr'>μηδὲν</span> <span class='ocrx_word' id='word_1_13' title='bbox 1010 547 1061 588; x_wconf 88' lang='grc' dir='ltr'>νως</span> <span class='ocrx_word' id='word_1_14' title='bbox 1083 523 1133 582; x_wconf 89' lang='lat' dir='ltr'>hic</span> <span class='ocrx_word' id='word_1_15' title='bbox 1148 524 1257 582; x_wconf 89' lang='lat' dir='ltr'>dicitur</span> <span class='ocrx_word' id='word_1_16' title='bbox 1276 536 1309 581; x_wconf 90' lang='lat' dir='ltr'>nt</span> <span class='ocrx_word' id='word_1_17' title='bbox 1328 522 1483 602; x_wconf 78' lang='grc' dir='ltr'>κρειττόνως</span> <span class='ocrx_word' id='word_1_18' title='bbox 1504 526 1580 603; x_wconf 88' lang='lat' dir='ltr'>apud</span> <span class='ocrx_word' id='word_1_19' title='bbox 1606 499 1728 586; x_wconf 48' lang='lat' dir='ltr'>Aristoti</span> <span class='ocrx_word' id='word_1_20' title='bbox 1753 526 1796 585; x_wconf 85' lang='lat' dir='ltr'>De</span> 
     </span>
    </p>
   </div>
   <div class='ocr_carea' id='block_1_4' title="bbox 120 610 967 3427">
    <p class='ocr_par' dir='ltr' id='par_1_4' title="bbox 130 610 967 1392">
     <span class='ocr_line' id='line_1_4' title="bbox 181 610 967 693; baseline -0.006 -20"><span class='ocrx_word' id='word_1_21' title='bbox 181 612 239 693; x_wconf 85' lang='grc' dir='ltr'>ἐχεν</span> <span class='ocrx_word' id='word_1_22' title='bbox 257 611 381 671; x_wconf 89' lang='grc' dir='ltr'>ἐναντίον·</span> <span class='ocrx_word' id='word_1_23' title='bbox 394 610 523 689; x_wconf 84' lang='grc' dir='ltr'>αἰνθρώπω</span> <span class='ocrx_word' id='word_1_24' title='bbox 544 610 596 691; x_wconf 74' lang='grc' dir='ltr'>γὰρ</span> <span class='ocrx_word' id='word_1_25' title='bbox 611 610 744 692; x_wconf 75' lang='grc' dir='ltr'>ἄνθρωπος</span> <span class='ocrx_word' id='word_1_26' title='bbox 763 611 810 670; x_wconf 87' lang='grc' dir='ltr'>οὐκ</span> <span class='ocrx_word' id='word_1_27' title='bbox 824 610 877 669; x_wconf 83' lang='grc' dir='ltr'>ἐντι</span> <span class='ocrx_word' id='word_1_28' title='bbox 892 613 967 669; x_wconf 83' lang='grc' dir='ltr'>ἐναν-</span> 
     </span>
     <span class='ocr_line' id='line_1_5' title="bbox 181 697 964 777; baseline -0.004 -17"><span class='ocrx_word' id='word_1_29' title='bbox 181 700 253 777; x_wconf 81' lang='grc' dir='ltr'>τίον,</span> <span class='ocrx_word' id='word_1_30' title='bbox 268 700 327 760; x_wconf 82' lang='grc' dir='ltr'>οὐδὲ</span> <span class='ocrx_word' id='word_1_31' title='bbox 340 698 392 777; x_wconf 83' lang='grc' dir='ltr'>μδν</span> <span class='ocrx_word' id='word_1_32' title='bbox 407 703 457 758; x_wconf 86' lang='grc' dir='ltr'>θεῶ</span> <span class='ocrx_word' id='word_1_33' title='bbox 473 697 544 769; x_wconf 86' lang='grc' dir='ltr'>θεός,</span> <span class='ocrx_word' id='word_1_34' title='bbox 559 697 596 757; x_wconf 88' lang='grc' dir='ltr'>ἐτι</span> <span class='ocrx_word' id='word_1_35' title='bbox 611 698 660 759; x_wconf 72' lang='grc' dir='ltr'>δέα</span> <span class='ocrx_word' id='word_1_36' title='bbox 674 708 733 766; x_wconf 86' lang='grc' dir='ltr'>ταῖς</span> <span class='ocrx_word' id='word_1_37' title='bbox 745 699 838 765; x_wconf 78' lang='grc' dir='ltr'>ἄλλαις</span> <span class='ocrx_word' id='word_1_38' title='bbox 850 698 964 767; x_wconf 64' lang='grc' dir='ltr'>ιίσίιιιςε</span> 
     </span>
     <span class='ocr_line' id='line_1_6' title="bbox 130 780 964 871; baseline -0.005 -23"><span class='ocrx_word' id='word_1_39' title='bbox 130 814 133 821; x_wconf 84' lang='grc'><strong>’</strong></span> <span class='ocrx_word' id='word_1_40' title='bbox 180 790 210 848; x_wconf 90' lang='grc' dir='ltr'>τδ</span> <span class='ocrx_word' id='word_1_41' title='bbox 225 792 282 848; x_wconf 87' lang='grc' dir='ltr'>καθ’</span> <span class='ocrx_word' id='word_1_42' title='bbox 300 787 363 847; x_wconf 82' lang='grc' dir='ltr'>αὑτὸ</span> <span class='ocrx_word' id='word_1_43' title='bbox 375 780 442 865; x_wconf 76' lang='grc' dir='ltr'>ἦμεν</span> <span class='ocrx_word' id='word_1_44' title='bbox 453 832 462 865; x_wconf 86' lang='grc'>,</span> <span class='ocrx_word' id='word_1_45' title='bbox 473 787 542 847; x_wconf 79' lang='grc' dir='ltr'>ἀλλδι</span> <span class='ocrx_word' id='word_1_46' title='bbox 557 786 593 863; x_wconf 80' lang='grc' dir='ltr'>μὴ</span> <span class='ocrx_word' id='word_1_47' title='bbox 612 786 691 867; x_wconf 86' lang='grc' dir='ltr'>ἐτέριρ</span> <span class='ocrx_word' id='word_1_48' title='bbox 704 786 753 845; x_wconf 84' lang='grc' dir='ltr'>τινὶ</span> <span class='ocrx_word' id='word_1_49' title='bbox 763 787 929 871; x_wconf 78' lang='grc' dir='ltr'>συνυπέρχεν</span> <span class='ocrx_word' id='word_1_50' title='bbox 942 785 964 864; x_wconf 80' lang='lat'>¹,</span> 
     </span>
     <span class='ocr_line' id='line_1_7' title="bbox 179 874 967 959; baseline -0.004 -23"><span class='ocrx_word' id='word_1_51' title='bbox 179 876 269 959; x_wconf 79' lang='grc' dir='ltr'>ὥσπερ</span> <span class='ocrx_word' id='word_1_52' title='bbox 284 875 452 955; x_wconf 87' lang='grc' dir='ltr'>γλαυκότατα</span> <span class='ocrx_word' id='word_1_53' title='bbox 467 875 511 933; x_wconf 82' lang='grc' dir='ltr'>καί</span> <span class='ocrx_word' id='word_1_54' title='bbox 521 874 692 955; x_wconf 85' lang='grc' dir='ltr'>χαροπότατα</span> <span class='ocrx_word' id='word_1_55' title='bbox 706 878 847 957; x_wconf 81' lang='grc' dir='ltr'>όρθαλμῶν</span> <span class='ocrx_word' id='word_1_56' title='bbox 861 875 967 944; x_wconf 57' lang='lat' dir='ltr'>abate&lt;</span> 
     </span>
     <span class='ocr_line' id='line_1_8' title="bbox 180 960 967 1043; baseline -0.005 -18"><span class='ocrx_word' id='word_1_57' title='bbox 180 965 286 1025; x_wconf 81' lang='grc' dir='ltr'>οἰκείαν·</span> <span class='ocrx_word' id='word_1_58' title='bbox 299 972 373 1023; x_wconf 78' lang='grc' dir='ltr'>πᾶσα</span> <span class='ocrx_word' id='word_1_59' title='bbox 385 964 436 1043; x_wconf 87' lang='grc' dir='ltr'>γδιρ</span> <span class='ocrx_word' id='word_1_60' title='bbox 449 961 518 1023; x_wconf 82' lang='grc' dir='ltr'>ὠσία</span> <span class='ocrx_word' id='word_1_61' title='bbox 530 968 543 1005; x_wconf 73' lang='lat'>¹¹</span> <span class='ocrx_word' id='word_1_62' title='bbox 557 966 616 1022; x_wconf 89' lang='grc' dir='ltr'>καθ’</span> <span class='ocrx_word' id='word_1_63' title='bbox 638 962 719 1022; x_wconf 89' lang='grc' dir='ltr'>αὑτοίν</span> <span class='ocrx_word' id='word_1_64' title='bbox 733 966 796 1023; x_wconf 87' lang='grc' dir='ltr'>ἐντι·</span> <span class='ocrx_word' id='word_1_65' title='bbox 810 962 843 1022; x_wconf 87' lang='grc' dir='ltr'>τδι</span> <span class='ocrx_word' id='word_1_66' title='bbox 862 960 889 1021; x_wconf 80' lang='grc' dir='ltr'>δέ</span> <span class='ocrx_word' id='word_1_67' title='bbox 904 986 967 1022; x_wconf 88' lang='grc' dir='ltr'>συν-</span> 
     </span>
     <span class='ocr_line' id='line_1_9' title="bbox 179 1047 965 1133; baseline -0.001 -22"><span class='ocrx_word' id='word_1_68' title='bbox 179 1050 365 1133; x_wconf 81' lang='grc' dir='ltr'>υπιίρχονταῆ</span> <span class='ocrx_word' id='word_1_69' title='bbox 387 1048 575 1127; x_wconf 79' lang='grc' dir='ltr'>συμόεὺακότοι</span> <span class='ocrx_word' id='word_1_70' title='bbox 591 1050 613 1123; x_wconf 79' lang='lat'>¹3</span> <span class='ocrx_word' id='word_1_71' title='bbox 629 1047 646 1121; x_wconf 78' lang='grc' dir='ltr'>ἢ</span> <span class='ocrx_word' id='word_1_72' title='bbox 663 1053 690 1109; x_wconf 91' lang='grc' dir='ltr'>ἐν</span> <span class='ocrx_word' id='word_1_73' title='bbox 704 1051 789 1131; x_wconf 83' lang='grc' dir='ltr'>ταύτορ</span> <span class='ocrx_word' id='word_1_74' title='bbox 808 1050 824 1123; x_wconf 83' lang='grc' dir='ltr'>ἢ</span> <span class='ocrx_word' id='word_1_75' title='bbox 841 1053 889 1109; x_wconf 88' lang='grc' dir='ltr'>οὑκ</span> <span class='ocrx_word' id='word_1_76' title='bbox 905 1052 965 1111; x_wconf 82' lang='grc' dir='ltr'>ἄνευ</span> 
     </span>
     <span class='ocr_line' id='line_1_10' title="bbox 179 1138 964 1221; baseline -0.003 -22"><span class='ocrx_word' id='word_1_77' title='bbox 179 1142 284 1209; x_wconf 88' lang='grc' dir='ltr'>ταότας.</span> <span class='ocrx_word' id='word_1_78' title='bbox 298 1138 353 1201; x_wconf 75' lang='grc' dir='ltr'>Καὶ</span> <span class='ocrx_word' id='word_1_79' title='bbox 365 1148 399 1198; x_wconf 80' lang='grc' dir='ltr'>τᾶ</span> <span class='ocrx_word' id='word_1_80' title='bbox 410 1138 552 1198; x_wconf 58' lang='grc' dir='ltr'>ποιότατιέ</span> <span class='ocrx_word' id='word_1_81' title='bbox 566 1138 593 1198; x_wconf 84' lang='grc' dir='ltr'>δέ</span> <span class='ocrx_word' id='word_1_82' title='bbox 603 1138 729 1221; x_wconf 81' lang='grc' dir='ltr'>πρέποντι</span> <span class='ocrx_word' id='word_1_83' title='bbox 739 1140 747 1179; x_wconf 86' lang='lat'><strong>¹</strong></span> <span class='ocrx_word' id='word_1_84' title='bbox 759 1139 846 1200; x_wconf 86' lang='grc' dir='ltr'>πολλδι</span> <span class='ocrx_word' id='word_1_85' title='bbox 857 1138 964 1199; x_wconf 76' lang='grc' dir='ltr'>καὶτῶν</span> 
     </span>
     <span class='ocr_line' id='line_1_11' title="bbox 179 1226 966 1307; baseline -0.004 -18"><span class='ocrx_word' id='word_1_86' title='bbox 179 1240 226 1298; x_wconf 79' lang='grc' dir='ltr'>τᾶς</span> <span class='ocrx_word' id='word_1_87' title='bbox 240 1228 320 1297; x_wconf 86' lang='grc' dir='ltr'>ὠσίας</span> <span class='ocrx_word' id='word_1_88' title='bbox 334 1234 362 1301; x_wconf 82' lang='lat'>¹¹¹,</span> <span class='ocrx_word' id='word_1_89' title='bbox 376 1250 389 1285; x_wconf 91' lang='grc' dir='ltr'>ο</span> <span class='ocrx_word' id='word_1_90' title='bbox 401 1250 429 1287; x_wconf 88' lang='grc' dir='ltr'>ον</span> <span class='ocrx_word' id='word_1_91' title='bbox 442 1230 472 1286; x_wconf 87' lang='grc' dir='ltr'>τδ</span> <span class='ocrx_word' id='word_1_92' title='bbox 485 1226 522 1304; x_wconf 77' lang='grc' dir='ltr'>μί,</span> <span class='ocrx_word' id='word_1_93' title='bbox 538 1227 706 1307; x_wconf 76' lang='grc' dir='ltr'>ἐπιδέχεσθαι</span> <span class='ocrx_word' id='word_1_94' title='bbox 721 1228 750 1288; x_wconf 81' lang='grc' dir='ltr'>τὸ</span> <span class='ocrx_word' id='word_1_95' title='bbox 768 1230 867 1305; x_wconf 75' lang='grc' dir='ltr'>μᾶλλον</span> <span class='ocrx_word' id='word_1_96' title='bbox 879 1228 966 1287; x_wconf 76' lang='grc' dir='ltr'>καὶτὸ</span> 
     </span>
     <span class='ocr_line' id='line_1_12' title="bbox 180 1313 270 1392; baseline 0.022 -15"><span class='ocrx_word' id='word_1_97' title='bbox 180 1313 270 1392; x_wconf 65' lang='grc' dir='ltr'>ἧττον.</span> 
     </span>
    </p>

    <p class='ocr_par' dir='ltr' id='par_1_5' title="bbox 120 1395 966 2283">
     <span class='ocr_line' id='line_1_13' title="bbox 221 1395 966 1484; baseline -0.003 -20"><span class='ocrx_word' id='word_1_98' title='bbox 221 1395 408 1484; x_wconf 75' lang='lat' dir='ltr'>(Simplicius</span> <span class='ocrx_word' id='word_1_99' title='bbox 420 1405 457 1463; x_wconf 92' lang='lat' dir='ltr'>ad</span> <span class='ocrx_word' id='word_1_100' title='bbox 471 1406 592 1465; x_wconf 75' lang='lat' dir='ltr'>Aristot.</span> <span class='ocrx_word' id='word_1_101' title='bbox 609 1403 708 1481; x_wconf 67' lang='grc' dir='ltr'>(ἔπιες.</span> <span class='ocrx_word' id='word_1_102' title='bbox 726 1406 745 1463; x_wconf 83' lang='lat' dir='ltr'>l.</span> <span class='ocrx_word' id='word_1_103' title='bbox 762 1406 798 1473; x_wconf 70' lang='lat'>31,</span> <span class='ocrx_word' id='word_1_104' title='bbox 811 1403 831 1462; x_wconf 95' lang='lat' dir='ltr'>b</span> <span class='ocrx_word' id='word_1_105' title='bbox 842 1450 850 1479; x_wconf 87' lang='lat'>,</span> <span class='ocrx_word' id='word_1_106' title='bbox 861 1425 898 1463; x_wconf 85' lang='lat' dir='ltr'>ex</span> <span class='ocrx_word' id='word_1_107' title='bbox 910 1410 966 1463; x_wconf 80' lang='lat' dir='ltr'>Ar·</span> 
     </span>
     <span class='ocr_line' id='line_1_14' title="bbox 180 1490 963 1572; baseline -0.006 -18"><span class='ocrx_word' id='word_1_108' title='bbox 180 1496 274 1572; x_wconf 90' lang='lat' dir='ltr'>chytae</span> <span class='ocrx_word' id='word_1_109' title='bbox 294 1493 372 1552; x_wconf 86' lang='lat' dir='ltr'>libro</span> <span class='ocrx_word' id='word_1_110' title='bbox 387 1490 450 1571; x_wconf 83' lang='grc' dir='ltr'>περλ</span> <span class='ocrx_word' id='word_1_111' title='bbox 470 1495 516 1549; x_wconf 81' lang='grc' dir='ltr'>τοῦ</span> <span class='ocrx_word' id='word_1_112' title='bbox 536 1490 643 1559; x_wconf 88' lang='grc' dir='ltr'>παντός.</span> <span class='ocrx_word' id='word_1_113' title='bbox 673 1491 801 1570; x_wconf 81' lang='lat' dir='ltr'>Reposui</span> <span class='ocrx_word' id='word_1_114' title='bbox 821 1492 963 1565; x_wconf 55' lang='grc' dir='ltr'>εδώσίαςς</span> 
     </span>
     <span class='ocr_line' id='line_1_15' title="bbox 180 1576 965 1657; baseline -0.005 -18"><span class='ocrx_word' id='word_1_115' title='bbox 180 1576 263 1641; x_wconf 85' lang='lat' dir='ltr'>codd.</span> <span class='ocrx_word' id='word_1_116' title='bbox 281 1578 376 1645; x_wconf 87' lang='grc' dir='ltr'>οὐσίας.</span> <span class='ocrx_word' id='word_1_117' title='bbox 391 1582 456 1624; x_wconf 63' lang='grc' dir='ltr'>-δ</span> <span class='ocrx_word' id='word_1_118' title='bbox 476 1579 506 1637; x_wconf 83' lang='grc' dir='ltr'>οὐ</span> <span class='ocrx_word' id='word_1_119' title='bbox 521 1578 572 1657; x_wconf 88' lang='grc' dir='ltr'>γδιρ</span> <span class='ocrx_word' id='word_1_120' title='bbox 593 1577 624 1650; x_wconf 77' lang='grc' dir='ltr'>δὴ</span> <span class='ocrx_word' id='word_1_121' title='bbox 636 1599 646 1651; x_wconf 68' lang='grc'>;,</span> <span class='ocrx_word' id='word_1_122' title='bbox 661 1578 745 1639; x_wconf 89' lang='lat' dir='ltr'>codd.</span> <span class='ocrx_word' id='word_1_123' title='bbox 763 1578 853 1656; x_wconf 75' lang='grc' dir='ltr'>οὐγὰρ</span> <span class='ocrx_word' id='word_1_124' title='bbox 867 1579 904 1639; x_wconf 84' lang='grc' dir='ltr'>δέ.</span> <span class='ocrx_word' id='word_1_125' title='bbox 924 1612 965 1626; x_wconf 92' lang='lat'>—-</span> 
     </span>
     <span class='ocr_line' id='line_1_16' title="bbox 179 1658 961 1743; baseline 0 -17"><span class='ocrx_word' id='word_1_126' title='bbox 179 1667 258 1727; x_wconf 68' lang='lat' dir='ltr'>“ovidi</span> <span class='ocrx_word' id='word_1_127' title='bbox 275 1666 344 1743; x_wconf 86' lang='grc' dir='ltr'>μδιν;</span> <span class='ocrx_word' id='word_1_128' title='bbox 361 1666 447 1726; x_wconf 91' lang='lat' dir='ltr'>codd.</span> <span class='ocrx_word' id='word_1_129' title='bbox 474 1664 533 1725; x_wconf 77' lang='grc' dir='ltr'>οὐδὲ</span> <span class='ocrx_word' id='word_1_130' title='bbox 547 1663 605 1742; x_wconf 77' lang='grc' dir='ltr'>μέν.</span> <span class='ocrx_word' id='word_1_131' title='bbox 623 1666 683 1712; x_wconf 62' lang='lat' dir='ltr'>-i&#39;</span> <span class='ocrx_word' id='word_1_132' title='bbox 698 1664 735 1723; x_wconf 91' lang='grc' dir='ltr'>ἐτι</span> <span class='ocrx_word' id='word_1_133' title='bbox 750 1658 794 1737; x_wconf 70' lang='grc' dir='ltr'>δές</span> <span class='ocrx_word' id='word_1_134' title='bbox 808 1665 878 1725; x_wconf 84' lang='lat' dir='ltr'>libri</span> <span class='ocrx_word' id='word_1_135' title='bbox 891 1666 961 1727; x_wconf 84' lang='grc' dir='ltr'>οὐδέ.</span> 
     </span>
     <span class='ocr_line' id='line_1_17' title="bbox 178 1750 963 1833; baseline -0.003 -20"><span class='ocrx_word' id='word_1_136' title='bbox 178 1787 218 1801; x_wconf 93' lang='grc'>-</span> <span class='ocrx_word' id='word_1_137' title='bbox 231 1752 345 1819; x_wconf 65' lang='grc' dir='ltr'>θιὺσίαις</span> <span class='ocrx_word' id='word_1_138' title='bbox 354 1752 401 1825; x_wconf 84' lang='grc' dir='ltr'>τδ;</span> <span class='ocrx_word' id='word_1_139' title='bbox 414 1753 485 1812; x_wconf 79' lang='lat' dir='ltr'>iibri</span> <span class='ocrx_word' id='word_1_140' title='bbox 499 1751 598 1819; x_wconf 80' lang='grc' dir='ltr'>οὐσίαις</span> <span class='ocrx_word' id='word_1_141' title='bbox 612 1750 642 1812; x_wconf 90' lang='grc' dir='ltr'>τό</span> <span class='ocrx_word' id='word_1_142' title='bbox 655 1774 693 1812; x_wconf 82' lang='grc' dir='ltr'>τε.</span> <span class='ocrx_word' id='word_1_143' title='bbox 705 1764 766 1803; x_wconf 81' lang='lat' dir='ltr'>—t</span> <span class='ocrx_word' id='word_1_144' title='bbox 779 1752 963 1833; x_wconf 75' lang='grc' dir='ltr'>συνυπέρχεν;</span> 
     </span>
     <span class='ocr_line' id='line_1_18' title="bbox 179 1838 964 1919; baseline -0.005 -18"><span class='ocrx_word' id='word_1_145' title='bbox 179 1840 355 1901; x_wconf 85' lang='lat' dir='ltr'>meanbranae</span> <span class='ocrx_word' id='word_1_146' title='bbox 378 1839 563 1919; x_wconf 78' lang='grc' dir='ltr'>συνυπάρχειν.</span> <span class='ocrx_word' id='word_1_147' title='bbox 584 1872 625 1884; x_wconf 96' lang='grc'>-</span> <span class='ocrx_word' id='word_1_148' title='bbox 647 1842 815 1919; x_wconf 64' lang='grc' dir='ltr'>ἐόρθαλμῶν</span> <span class='ocrx_word' id='word_1_149' title='bbox 831 1838 912 1906; x_wconf 74' lang='grc' dir='ltr'>ιίισίας</span> <span class='ocrx_word' id='word_1_150' title='bbox 929 1842 964 1899; x_wconf 84' lang='grc' dir='ltr'>οἶ-</span> 
     </span>
     <span class='ocr_line' id='line_1_19' title="bbox 120 1924 963 2009; baseline -0.001 -22"><span class='ocrx_word' id='word_1_151' title='bbox 120 1979 126 1987; x_wconf 90' lang='grc'>.</span> <span class='ocrx_word' id='word_1_152' title='bbox 179 1929 271 2003; x_wconf 83' lang='grc' dir='ltr'>κείαν;</span> <span class='ocrx_word' id='word_1_153' title='bbox 295 1929 381 1989; x_wconf 86' lang='lat' dir='ltr'>codd.</span> <span class='ocrx_word' id='word_1_154' title='bbox 398 1924 542 2009; x_wconf 74' lang='grc' dir='ltr'>ὀφθαλμοῖς</span> <span class='ocrx_word' id='word_1_155' title='bbox 562 1926 652 1997; x_wconf 82' lang='grc' dir='ltr'>οὐσίας</span> <span class='ocrx_word' id='word_1_156' title='bbox 673 1929 779 1987; x_wconf 82' lang='grc' dir='ltr'>οίκεῖον.</span> <span class='ocrx_word' id='word_1_157' title='bbox 800 1926 963 2001; x_wconf 56' lang='grc' dir='ltr'>-δώσίω</span> 
     </span>
     <span class='ocr_line' id='line_1_20' title="bbox 179 2022 963 2103; baseline 0.003 -19"><span class='ocrx_word' id='word_1_158' title='bbox 179 2025 249 2084; x_wconf 86' lang='lat' dir='ltr'>libri</span> <span class='ocrx_word' id='word_1_159' title='bbox 264 2025 352 2087; x_wconf 89' lang='grc' dir='ltr'>οὐσία.</span> <span class='ocrx_word' id='word_1_160' title='bbox 375 2058 415 2071; x_wconf 90' lang='grc'>-</span> <span class='ocrx_word' id='word_1_161' title='bbox 429 2024 436 2062; x_wconf 87' lang='lat'><strong>¹</strong></span> <span class='ocrx_word' id='word_1_162' title='bbox 450 2024 656 2101; x_wconf 73' lang='grc' dir='ltr'>συμὺεὑακότας</span> <span class='ocrx_word' id='word_1_163' title='bbox 673 2023 743 2083; x_wconf 81' lang='lat' dir='ltr'>libri</span> <span class='ocrx_word' id='word_1_164' title='bbox 763 2022 963 2103; x_wconf 77' lang='grc' dir='ltr'>συμόεόηκότα.</span> 
     </span>
     <span class='ocr_line' id='line_1_21' title="bbox 179 2112 962 2193; baseline 0.001 -22"><span class='ocrx_word' id='word_1_165' title='bbox 179 2148 219 2159; x_wconf 96' lang='grc'>-</span> <span class='ocrx_word' id='word_1_166' title='bbox 229 2113 243 2152; x_wconf 66' lang='lat'>¹³</span> <span class='ocrx_word' id='word_1_167' title='bbox 253 2114 389 2188; x_wconf 79' lang='grc' dir='ltr'>ποιότατι;</span> <span class='ocrx_word' id='word_1_168' title='bbox 404 2115 489 2174; x_wconf 87' lang='lat' dir='ltr'><strong>codd.</strong></span> <span class='ocrx_word' id='word_1_169' title='bbox 503 2114 633 2187; x_wconf 70' lang='lat' dir='ltr'>nordeum.</span> <span class='ocrx_word' id='word_1_170' title='bbox 647 2113 707 2159; x_wconf 91' lang='lat'>-¹</span> <span class='ocrx_word' id='word_1_171' title='bbox 721 2112 848 2193; x_wconf 90' lang='grc' dir='ltr'>πρέποντι</span> <span class='ocrx_word' id='word_1_172' title='bbox 853 2136 861 2186; x_wconf 80' lang='lat'>3</span> <span class='ocrx_word' id='word_1_173' title='bbox 877 2113 962 2177; x_wconf 83' lang='lat' dir='ltr'><strong>codd.</strong></span> 
     </span>
     <span class='ocr_line' id='line_1_22' title="bbox 179 2199 882 2283; baseline -0.004 -22"><span class='ocrx_word' id='word_1_174' title='bbox 179 2200 336 2283; x_wconf 85' lang='grc' dir='ltr'>τρέπονται.</span> <span class='ocrx_word' id='word_1_175' title='bbox 351 2235 392 2247; x_wconf 92' lang='grc'>-</span> <span class='ocrx_word' id='word_1_176' title='bbox 406 2207 425 2237; x_wconf 76' lang='lat'>“¹</span> <span class='ocrx_word' id='word_1_177' title='bbox 443 2199 543 2274; x_wconf 78' lang='grc' dir='ltr'>ὠσίαςς</span> <span class='ocrx_word' id='word_1_178' title='bbox 561 2201 738 2261; x_wconf 83' lang='lat' dir='ltr'>anerubranae</span> <span class='ocrx_word' id='word_1_179' title='bbox 757 2200 856 2268; x_wconf 81' lang='grc' dir='ltr'>οὐσίας.</span> <span class='ocrx_word' id='word_1_180' title='bbox 872 2203 882 2278; x_wconf 87' lang='grc'><strong>)</strong></span> 
     </span>
    </p>

    <p class='ocr_par' dir='ltr' id='par_1_6' title="bbox 142 2288 965 2986">
     <span class='ocr_line' id='line_1_23' title="bbox 218 2288 965 2369; baseline -0.004 -19"><span class='ocrx_word' id='word_1_181' title='bbox 218 2309 252 2351; x_wconf 86' lang='lat' dir='ltr'>la.</span> <span class='ocrx_word' id='word_1_182' title='bbox 274 2293 329 2357; x_wconf 82' lang='grc' dir='ltr'>Τᾶς</span> <span class='ocrx_word' id='word_1_183' title='bbox 347 2288 449 2355; x_wconf 62' lang='lat' dir='ltr'>deleat</span> <span class='ocrx_word' id='word_1_184' title='bbox 463 2288 527 2349; x_wconf 85' lang='grc' dir='ltr'>ἴδιον</span> <span class='ocrx_word' id='word_1_185' title='bbox 542 2288 660 2369; x_wconf 77' lang='grc' dir='ltr'>ὑπάρχει</span> <span class='ocrx_word' id='word_1_186' title='bbox 674 2290 687 2327; x_wconf 77' lang='lat'>¹³</span> <span class='ocrx_word' id='word_1_187' title='bbox 706 2290 734 2345; x_wconf 85' lang='grc' dir='ltr'>τὸ</span> <span class='ocrx_word' id='word_1_188' title='bbox 752 2289 806 2349; x_wconf 85' lang='grc' dir='ltr'>’τδιν</span> <span class='ocrx_word' id='word_1_189' title='bbox 823 2288 904 2347; x_wconf 82' lang='grc' dir='ltr'>αὐτὰν</span> <span class='ocrx_word' id='word_1_190' title='bbox 919 2290 965 2348; x_wconf 83' lang='grc' dir='ltr'>καί</span> 
     </span>
     <span class='ocr_line' id='line_1_24' title="bbox 179 2367 965 2460; baseline -0.001 -24"><span class='ocrx_word' id='word_1_191' title='bbox 179 2377 241 2456; x_wconf 85' lang='grc' dir='ltr'>μίαν</span> <span class='ocrx_word' id='word_1_192' title='bbox 258 2380 361 2460; x_wconf 82' lang='grc' dir='ltr'>ἀριθμῷ</span> <span class='ocrx_word' id='word_1_193' title='bbox 376 2376 544 2453; x_wconf 85' lang='grc' dir='ltr'>διαμένοισαν</span> <span class='ocrx_word' id='word_1_194' title='bbox 557 2381 610 2435; x_wconf 82' lang='grc' dir='ltr'>τῶν</span> <span class='ocrx_word' id='word_1_195' title='bbox 621 2376 743 2434; x_wconf 79' lang='grc' dir='ltr'>ἐναντίοιν</span> <span class='ocrx_word' id='word_1_196' title='bbox 754 2374 875 2435; x_wconf 81' lang='grc' dir='ltr'>δεκτικδιν</span> <span class='ocrx_word' id='word_1_197' title='bbox 889 2367 965 2451; x_wconf 71' lang='grc' dir='ltr'>ἦμεν·</span> 
     </span>
     <span class='ocr_line' id='line_1_25' title="bbox 179 2458 964 2546; baseline -0.003 -23"><span class='ocrx_word' id='word_1_198' title='bbox 179 2466 294 2525; x_wconf 87' lang='grc' dir='ltr'>ἐναντίον</span> <span class='ocrx_word' id='word_1_199' title='bbox 308 2464 355 2540; x_wconf 84' lang='grc' dir='ltr'>μέν</span> <span class='ocrx_word' id='word_1_200' title='bbox 370 2464 444 2546; x_wconf 83' lang='grc' dir='ltr'>ὑπνιρ</span> <span class='ocrx_word' id='word_1_201' title='bbox 459 2463 623 2543; x_wconf 76' lang='grc' dir='ltr'>ἐγρήγορσις,</span> <span class='ocrx_word' id='word_1_202' title='bbox 634 2458 765 2543; x_wconf 73' lang='grc' dir='ltr'>ταχυτᾶτι</span> <span class='ocrx_word' id='word_1_203' title='bbox 777 2465 803 2522; x_wconf 83' lang='grc' dir='ltr'>δὲ</span> <span class='ocrx_word' id='word_1_204' title='bbox 820 2465 964 2543; x_wconf 77' lang='grc' dir='ltr'>βραδυτές,</span> 
     </span>
     <span class='ocr_line' id='line_1_26' title="bbox 178 2544 965 2634; baseline -0.001 -22"><span class='ocrx_word' id='word_1_205' title='bbox 178 2557 263 2634; x_wconf 83' lang='grc' dir='ltr'>ὑγιείορ</span> <span class='ocrx_word' id='word_1_206' title='bbox 276 2560 289 2589; x_wconf 73' lang='lat'><strong>⁰</strong></span> <span class='ocrx_word' id='word_1_207' title='bbox 302 2553 329 2612; x_wconf 84' lang='grc' dir='ltr'>δέ</span> <span class='ocrx_word' id='word_1_208' title='bbox 345 2552 425 2620; x_wconf 82' lang='grc' dir='ltr'>νόσος·</span> <span class='ocrx_word' id='word_1_209' title='bbox 440 2552 509 2611; x_wconf 79' lang='grc' dir='ltr'>καλό</span> <span class='ocrx_word' id='word_1_210' title='bbox 524 2554 600 2621; x_wconf 81' lang='grc' dir='ltr'>αὐτὸς</span> <span class='ocrx_word' id='word_1_211' title='bbox 612 2552 799 2631; x_wconf 77' lang='grc' dir='ltr'>ἄνθρωποςκαὶ</span> <span class='ocrx_word' id='word_1_212' title='bbox 810 2544 846 2617; x_wconf 80' lang='grc' dir='ltr'>εἷς</span> <span class='ocrx_word' id='word_1_213' title='bbox 861 2554 965 2633; x_wconf 80' lang='grc' dir='ltr'>ἀριθμῷ</span> 
     </span>
     <span class='ocr_line' id='line_1_27' title="bbox 179 2639 964 2719; baseline -0.001 -21"><span class='ocrx_word' id='word_1_214' title='bbox 179 2641 300 2718; x_wconf 69' lang='grc' dir='ltr'>γίνεταια</span> <span class='ocrx_word' id='word_1_215' title='bbox 312 2642 427 2708; x_wconf 80' lang='grc' dir='ltr'>δεκτικὸς</span> <span class='ocrx_word' id='word_1_216' title='bbox 437 2640 544 2699; x_wconf 77' lang='grc' dir='ltr'>τούτων·</span> <span class='ocrx_word' id='word_1_217' title='bbox 558 2640 604 2699; x_wconf 85' lang='grc' dir='ltr'>καὶ</span> <span class='ocrx_word' id='word_1_218' title='bbox 617 2640 667 2719; x_wconf 89' lang='grc' dir='ltr'>γδιρ</span> <span class='ocrx_word' id='word_1_219' title='bbox 684 2640 711 2698; x_wconf 76' lang='grc' dir='ltr'>δέ</span> <span class='ocrx_word' id='word_1_220' title='bbox 724 2640 848 2719; x_wconf 70' lang='grc' dir='ltr'>ἐγρήγορε</span> <span class='ocrx_word' id='word_1_221' title='bbox 860 2639 905 2697; x_wconf 85' lang='grc' dir='ltr'>καὶ</span> <span class='ocrx_word' id='word_1_222' title='bbox 920 2639 964 2697; x_wconf 83' lang='grc' dir='ltr'>εὑ-</span> 
     </span>
     <span class='ocr_line' id='line_1_28' title="bbox 179 2727 964 2809; baseline -0.001 -22"><span class='ocrx_word' id='word_1_223' title='bbox 179 2730 216 2787; x_wconf 86' lang='grc' dir='ltr'>δει</span> <span class='ocrx_word' id='word_1_224' title='bbox 230 2731 274 2788; x_wconf 84' lang='grc' dir='ltr'>καί</span> <span class='ocrx_word' id='word_1_225' title='bbox 290 2729 432 2809; x_wconf 84' lang='grc' dir='ltr'>βραδιόνως</span> <span class='ocrx_word' id='word_1_226' title='bbox 443 2728 488 2787; x_wconf 80' lang='grc' dir='ltr'>καί</span> <span class='ocrx_word' id='word_1_227' title='bbox 503 2730 629 2808; x_wconf 90' lang='grc' dir='ltr'>ταχιόνως</span> <span class='ocrx_word' id='word_1_228' title='bbox 639 2735 749 2786; x_wconf 84' lang='grc' dir='ltr'>κινεῖται</span> <span class='ocrx_word' id='word_1_229' title='bbox 760 2734 782 2803; x_wconf 72' lang='lat'>⁰,</span> <span class='ocrx_word' id='word_1_230' title='bbox 795 2728 841 2787; x_wconf 87' lang='grc' dir='ltr'>καὶ</span> <span class='ocrx_word' id='word_1_231' title='bbox 856 2727 964 2805; x_wconf 76' lang='grc' dir='ltr'>ὑγιαίνει</span> 
     </span>
     <span class='ocr_line' id='line_1_29' title="bbox 142 2815 964 2894; baseline -0.002 -19"><span class='ocrx_word' id='word_1_232' title='bbox 142 2826 147 2836; x_wconf 91' lang='grc'><em>“</em></span> <span class='ocrx_word' id='word_1_233' title='bbox 179 2816 207 2875; x_wconf 84' lang='grc' dir='ltr'>δέ</span> <span class='ocrx_word' id='word_1_234' title='bbox 219 2816 264 2875; x_wconf 85' lang='grc' dir='ltr'>ιιαλ</span> <span class='ocrx_word' id='word_1_235' title='bbox 278 2818 348 2876; x_wconf 84' lang='grc' dir='ltr'>νοσεῖ</span> <span class='ocrx_word' id='word_1_236' title='bbox 362 2816 474 2881; x_wconf 80' lang='grc' dir='ltr'>καὶτῶν</span> <span class='ocrx_word' id='word_1_237' title='bbox 491 2817 589 2884; x_wconf 82' lang='grc' dir='ltr'>τούτοις</span> <span class='ocrx_word' id='word_1_238' title='bbox 603 2815 698 2893; x_wconf 79' lang='grc' dir='ltr'>ὁμοίων</span> <span class='ocrx_word' id='word_1_239' title='bbox 713 2815 829 2881; x_wconf 82' lang='grc' dir='ltr'>δεκτικός</span> <span class='ocrx_word' id='word_1_240' title='bbox 843 2819 914 2894; x_wconf 79' lang='grc' dir='ltr'>ἐντι,</span> <span class='ocrx_word' id='word_1_241' title='bbox 935 2818 964 2874; x_wconf 91' lang='grc' dir='ltr'>οὐ</span> 
     </span>
     <span class='ocr_line' id='line_1_30' title="bbox 180 2902 562 2986; baseline -0.003 -22"><span class='ocrx_word' id='word_1_242' title='bbox 180 2904 249 2964; x_wconf 82' lang='grc' dir='ltr'>κατὰ</span> <span class='ocrx_word' id='word_1_243' title='bbox 258 2904 303 2962; x_wconf 80' lang='grc' dir='ltr'>τὸν</span> <span class='ocrx_word' id='word_1_244' title='bbox 318 2904 396 2963; x_wconf 85' lang='grc' dir='ltr'>αὐτὸν</span> <span class='ocrx_word' id='word_1_245' title='bbox 413 2902 440 2964; x_wconf 84' lang='grc' dir='ltr'>δέ</span> <span class='ocrx_word' id='word_1_246' title='bbox 457 2904 562 2986; x_wconf 90' lang='grc' dir='ltr'>χρόνον.</span> 
     </span>
    </p>

    <p class='ocr_par' dir='ltr' id='par_1_7' title="bbox 156 2991 963 3427">
     <span class='ocr_line' id='line_1_31' title="bbox 221 2991 963 3071; baseline 0 -21"><span class='ocrx_word' id='word_1_247' title='bbox 221 2993 408 3071; x_wconf 73' lang='lat' dir='ltr'>[Simplicius</span> <span class='ocrx_word' id='word_1_248' title='bbox 429 2995 466 3050; x_wconf 88' lang='lat' dir='ltr'>ad</span> <span class='ocrx_word' id='word_1_249' title='bbox 480 2993 601 3054; x_wconf 75' lang='lat' dir='ltr'>Ariston.</span> <span class='ocrx_word' id='word_1_250' title='bbox 615 2991 712 3068; x_wconf 78' lang='lat' dir='ltr'>Caleg.</span> <span class='ocrx_word' id='word_1_251' title='bbox 731 2993 749 3052; x_wconf 87' lang='lat' dir='ltr'>l.</span> <span class='ocrx_word' id='word_1_252' title='bbox 769 2993 842 3064; x_wconf 77' lang='lat' dir='ltr'>t3a,</span> <span class='ocrx_word' id='word_1_253' title='bbox 858 3011 894 3049; x_wconf 89' lang='lat' dir='ltr'>ex</span> <span class='ocrx_word' id='word_1_254' title='bbox 910 2997 963 3050; x_wconf 79' lang='lat' dir='ltr'>Ar·</span> 
     </span>
     <span class='ocr_line' id='line_1_32' title="bbox 156 3078 962 3158; baseline 0.001 -20"><span class='ocrx_word' id='word_1_255' title='bbox 156 3081 272 3157; x_wconf 81' lang='lat' dir='ltr'>&#39;claytae</span> <span class='ocrx_word' id='word_1_256' title='bbox 286 3080 364 3139; x_wconf 92' lang='lat' dir='ltr'>libro</span> <span class='ocrx_word' id='word_1_257' title='bbox 376 3080 488 3158; x_wconf 77' lang='grc' dir='ltr'>περὶτοῦ</span> <span class='ocrx_word' id='word_1_258' title='bbox 503 3078 608 3142; x_wconf 86' lang='grc' dir='ltr'>παντός.</span> <span class='ocrx_word' id='word_1_259' title='bbox 624 3080 713 3139; x_wconf 88' lang='lat' dir='ltr'>Posui</span> <span class='ocrx_word' id='word_1_260' title='bbox 723 3087 751 3138; x_wconf 73' lang='lat'>:³</span> <span class='ocrx_word' id='word_1_261' title='bbox 765 3079 846 3146; x_wconf 86' lang='grc' dir='ltr'>ὠσίας</span> <span class='ocrx_word' id='word_1_262' title='bbox 856 3103 864 3153; x_wconf 90' lang='lat'>;</span> <span class='ocrx_word' id='word_1_263' title='bbox 876 3080 962 3140; x_wconf 90' lang='lat' dir='ltr'><strong>codd.</strong></span> 
     </span>
     <span class='ocr_line' id='line_1_33' title="bbox 179 3167 961 3249; baseline -0.001 -22"><span class='ocrx_word' id='word_1_264' title='bbox 179 3169 279 3234; x_wconf 88' lang='grc' dir='ltr'>οὐσίας.</span> <span class='ocrx_word' id='word_1_265' title='bbox 293 3201 333 3214; x_wconf 90' lang='lat'>-</span> <span class='ocrx_word' id='word_1_266' title='bbox 347 3171 359 3207; x_wconf 81' lang='lat'>¹³</span> <span class='ocrx_word' id='word_1_267' title='bbox 374 3167 508 3249; x_wconf 72' lang='grc' dir='ltr'>ὑπόρχενς</span> <span class='ocrx_word' id='word_1_268' title='bbox 532 3168 603 3226; x_wconf 86' lang='lat' dir='ltr'>libri</span> <span class='ocrx_word' id='word_1_269' title='bbox 624 3169 764 3249; x_wconf 79' lang='grc' dir='ltr'>ὑπάρχειν.</span> <span class='ocrx_word' id='word_1_270' title='bbox 782 3169 961 3249; x_wconf 69' lang='lat' dir='ltr'>-01ipet313</span> 
     </span>
     <span class='ocr_line' id='line_1_34' title="bbox 178 3255 962 3336; baseline -0.004 -21"><span class='ocrx_word' id='word_1_271' title='bbox 178 3257 265 3318; x_wconf 90' lang='lat' dir='ltr'><strong>codd.</strong></span> <span class='ocrx_word' id='word_1_272' title='bbox 283 3255 369 3336; x_wconf 77' lang='grc' dir='ltr'>ὑγείορ.</span> <span class='ocrx_word' id='word_1_273' title='bbox 384 3290 425 3302; x_wconf 92' lang='grc'>-</span> <span class='ocrx_word' id='word_1_274' title='bbox 438 3256 451 3292; x_wconf 81' lang='lat'>‘¹</span> <span class='ocrx_word' id='word_1_275' title='bbox 463 3256 580 3334; x_wconf 88' lang='grc' dir='ltr'>γίνεται;</span> <span class='ocrx_word' id='word_1_276' title='bbox 597 3257 683 3316; x_wconf 88' lang='lat' dir='ltr'><strong>codd.</strong></span> <span class='ocrx_word' id='word_1_277' title='bbox 703 3256 831 3334; x_wconf 87' lang='grc' dir='ltr'>γίγνεται.</span> <span class='ocrx_word' id='word_1_278' title='bbox 846 3291 886 3304; x_wconf 90' lang='grc'>-</span> <span class='ocrx_word' id='word_1_279' title='bbox 898 3271 909 3298; x_wconf 77' lang='lat'><strong>⁰</strong></span> <span class='ocrx_word' id='word_1_280' title='bbox 921 3281 962 3315; x_wconf 86' lang='grc' dir='ltr'>κι·</span> 
     </span>
     <span class='ocr_line' id='line_1_35' title="bbox 177 3343 960 3427; baseline 0.006 -26"><span class='ocrx_word' id='word_1_281' title='bbox 177 3347 274 3416; x_wconf 76' lang='grc' dir='ltr'>νεῖταις</span> <span class='ocrx_word' id='word_1_282' title='bbox 287 3345 357 3403; x_wconf 84' lang='lat' dir='ltr'>libri</span> <span class='ocrx_word' id='word_1_283' title='bbox 370 3343 493 3404; x_wconf 78' lang='grc' dir='ltr'>κινέεται.</span> <span class='ocrx_word' id='word_1_284' title='bbox 512 3345 654 3404; x_wconf 85' lang='lat' dir='ltr'>Caeicr&#39;una</span> <span class='ocrx_word' id='word_1_285' title='bbox 671 3346 813 3424; x_wconf 80' lang='grc' dir='ltr'>βραδιόνως</span> <span class='ocrx_word' id='word_1_286' title='bbox 826 3361 854 3406; x_wconf 87' lang='lat' dir='ltr'>et</span> <span class='ocrx_word' id='word_1_287' title='bbox 868 3348 960 3427; x_wconf 74' lang='grc' dir='ltr'>ταχιό·</span> 
     </span>
    </p>
   </div>
   <div class='ocr_carea' id='block_1_5' title="bbox 175 3637 964 5294">
    <p class='ocr_par' dir='ltr' id='par_1_8' title="bbox 176 3637 962 4306">
     <span class='ocr_line' id='line_1_36' title="bbox 176 3637 961 3704; baseline 0 -14"><span class='ocrx_word' id='word_1_288' title='bbox 176 3639 236 3700; x_wconf 72' lang='lat' dir='ltr'>dem</span> <span class='ocrx_word' id='word_1_289' title='bbox 249 3642 365 3702; x_wconf 74' lang='lat' dir='ltr'>praeterea</span> <span class='ocrx_word' id='word_1_290' title='bbox 379 3638 471 3688; x_wconf 88' lang='lat' dir='ltr'>caeteris</span> <span class='ocrx_word' id='word_1_291' title='bbox 487 3637 629 3687; x_wconf 73' lang='lat' dir='ltr'>substantiis</span> <span class='ocrx_word' id='word_1_292' title='bbox 641 3637 694 3687; x_wconf 86' lang='lat' dir='ltr'>dieo</span> <span class='ocrx_word' id='word_1_293' title='bbox 705 3639 763 3688; x_wconf 91' lang='lat' dir='ltr'>iilud</span> <span class='ocrx_word' id='word_1_294' title='bbox 778 3653 830 3690; x_wconf 86' lang='lat' dir='ltr'>esse</span> <span class='ocrx_word' id='word_1_295' title='bbox 842 3641 908 3703; x_wconf 88' lang='lat' dir='ltr'>quod</span> <span class='ocrx_word' id='word_1_296' title='bbox 920 3655 961 3704; x_wconf 87' lang='lat' dir='ltr'>per</span> 
     </span>
     <span class='ocr_line' id='line_1_37' title="bbox 177 3725 962 3788; baseline 0.001 -12"><span class='ocrx_word' id='word_1_297' title='bbox 177 3741 204 3777; x_wconf 85' lang='lat' dir='ltr'>se</span> <span class='ocrx_word' id='word_1_298' title='bbox 217 3727 321 3788; x_wconf 80' lang='lat' dir='ltr'>liabent,</span> <span class='ocrx_word' id='word_1_299' title='bbox 338 3727 380 3777; x_wconf 86' lang='lat' dir='ltr'>sed</span> <span class='ocrx_word' id='word_1_300' title='bbox 397 3740 445 3776; x_wconf 93' lang='lat' dir='ltr'>non</span> <span class='ocrx_word' id='word_1_301' title='bbox 463 3727 503 3775; x_wconf 91' lang='lat' dir='ltr'>alii</span> <span class='ocrx_word' id='word_1_302' title='bbox 516 3739 569 3776; x_wconf 86' lang='lat' dir='ltr'>esse</span> <span class='ocrx_word' id='word_1_303' title='bbox 583 3725 743 3788; x_wconf 76' lang='lat' dir='ltr'>adiunctum,</span> <span class='ocrx_word' id='word_1_304' title='bbox 757 3730 783 3776; x_wconf 91' lang='lat' dir='ltr'>ut</span> <span class='ocrx_word' id='word_1_305' title='bbox 799 3729 905 3777; x_wconf 86' lang='lat' dir='ltr'>colorem</span> <span class='ocrx_word' id='word_1_306' title='bbox 917 3741 962 3777; x_wconf 74' lang='lat' dir='ltr'>en·-</span> 
     </span>
     <span class='ocr_line' id='line_1_38' title="bbox 176 3814 960 3877; baseline 0.001 -13"><span class='ocrx_word' id='word_1_307' title='bbox 176 3815 239 3864; x_wconf 84' lang='lat' dir='ltr'>sium</span> <span class='ocrx_word' id='word_1_308' title='bbox 250 3829 277 3864; x_wconf 88' lang='lat' dir='ltr'>ac</span> <span class='ocrx_word' id='word_1_309' title='bbox 286 3814 794 3877; x_wconf 77' lang='lat' dir='ltr'>caeruleumoculorumnaluraeproprium;</span> <span class='ocrx_word' id='word_1_310' title='bbox 805 3817 883 3865; x_wconf 89' lang='lat' dir='ltr'>omnis</span> <span class='ocrx_word' id='word_1_311' title='bbox 895 3815 960 3865; x_wconf 89' lang='lat' dir='ltr'>enim</span> 
     </span>
     <span class='ocr_line' id='line_1_39' title="bbox 177 3904 962 3967; baseline 0.001 -15"><span class='ocrx_word' id='word_1_312' title='bbox 177 3905 310 3954; x_wconf 85' lang='lat' dir='ltr'>substantia</span> <span class='ocrx_word' id='word_1_313' title='bbox 317 3918 359 3967; x_wconf 91' lang='lat' dir='ltr'>per</span> <span class='ocrx_word' id='word_1_314' title='bbox 372 3919 398 3953; x_wconf 86' lang='lat' dir='ltr'>se</span> <span class='ocrx_word' id='word_1_315' title='bbox 407 3907 453 3966; x_wconf 88' lang='lat' dir='ltr'>est,</span> <span class='ocrx_word' id='word_1_316' title='bbox 464 3917 520 3966; x_wconf 86' lang='lat' dir='ltr'>quae</span> <span class='ocrx_word' id='word_1_317' title='bbox 533 3918 590 3954; x_wconf 89' lang='lat' dir='ltr'>xero</span> <span class='ocrx_word' id='word_1_318' title='bbox 598 3904 641 3967; x_wconf 88' lang='lat' dir='ltr'>ipsi</span> <span class='ocrx_word' id='word_1_319' title='bbox 653 3904 767 3966; x_wconf 81' lang='lat' dir='ltr'>adjuncta</span> <span class='ocrx_word' id='word_1_320' title='bbox 780 3905 911 3966; x_wconf 88' lang='lat' dir='ltr'>ponuntur,</span> <span class='ocrx_word' id='word_1_321' title='bbox 924 3904 962 3953; x_wconf 85' lang='lat' dir='ltr'>vel</span> 
     </span>
     <span class='ocr_line' id='line_1_40' title="bbox 177 3991 962 4053; baseline -0.001 -12"><span class='ocrx_word' id='word_1_322' title='bbox 177 3991 253 4053; x_wconf 81' lang='lat' dir='ltr'>ipsius</span> <span class='ocrx_word' id='word_1_323' title='bbox 263 3993 406 4052; x_wconf 88' lang='lat' dir='ltr'>accidentia,</span> <span class='ocrx_word' id='word_1_324' title='bbox 416 3992 456 4040; x_wconf 92' lang='lat' dir='ltr'>illa</span> <span class='ocrx_word' id='word_1_325' title='bbox 466 3998 507 4041; x_wconf 88' lang='lat' dir='ltr'>aut</span> <span class='ocrx_word' id='word_1_326' title='bbox 517 3993 540 4041; x_wconf 93' lang='lat' dir='ltr'>in</span> <span class='ocrx_word' id='word_1_327' title='bbox 550 3995 644 4046; x_wconf 73' lang='lat' dir='ltr'>eawnt</span> <span class='ocrx_word' id='word_1_328' title='bbox 654 3997 753 4041; x_wconf 86' lang='lat' dir='ltr'>autnon</span> <span class='ocrx_word' id='word_1_329' title='bbox 763 3993 813 4042; x_wconf 87' lang='lat' dir='ltr'>sine</span> <span class='ocrx_word' id='word_1_330' title='bbox 823 3996 962 4042; x_wconf 74' lang='lat' dir='ltr'>cavarum</span> 
     </span>
     <span class='ocr_line' id='line_1_41' title="bbox 177 4079 962 4144; baseline 0.001 -16"><span class='ocrx_word' id='word_1_331' title='bbox 177 4079 202 4128; x_wconf 93' lang='lat' dir='ltr'>in</span> <span class='ocrx_word' id='word_1_332' title='bbox 217 4081 356 4142; x_wconf 87' lang='lat' dir='ltr'>qualitatem</span> <span class='ocrx_word' id='word_1_333' title='bbox 366 4081 439 4130; x_wconf 88' lang='lat' dir='ltr'>etlam</span> <span class='ocrx_word' id='word_1_334' title='bbox 450 4081 526 4130; x_wconf 81' lang='lat' dir='ltr'>multa</span> <span class='ocrx_word' id='word_1_335' title='bbox 538 4081 628 4130; x_wconf 88' lang='lat' dir='ltr'>cadunt</span> <span class='ocrx_word' id='word_1_336' title='bbox 641 4094 697 4144; x_wconf 78' lang='lat' dir='ltr'>qum</span> <span class='ocrx_word' id='word_1_337' title='bbox 712 4081 854 4130; x_wconf 77' lang='lat' dir='ltr'>substantiae</span> <span class='ocrx_word' id='word_1_338' title='bbox 867 4081 962 4143; x_wconf 87' lang='lat' dir='ltr'>propria</span> 
     </span>
     <span class='ocr_line' id='line_1_42' title="bbox 177 4168 962 4233; baseline 0 -16"><span class='ocrx_word' id='word_1_339' title='bbox 177 4168 355 4228; x_wconf 69' lang='lat' dir='ltr'>existimantur,</span> <span class='ocrx_word' id='word_1_340' title='bbox 367 4168 434 4218; x_wconf 88' lang='lat' dir='ltr'>reiut</span> <span class='ocrx_word' id='word_1_341' title='bbox 444 4169 556 4219; x_wconf 87' lang='lat' dir='ltr'>altiorem</span> <span class='ocrx_word' id='word_1_342' title='bbox 567 4175 591 4220; x_wconf 90' lang='lat' dir='ltr'>ct</span> <span class='ocrx_word' id='word_1_343' title='bbox 603 4171 740 4233; x_wconf 78' lang='lat' dir='ltr'>interiorem</span> <span class='ocrx_word' id='word_1_344' title='bbox 749 4169 850 4232; x_wconf 79' lang='lat' dir='ltr'>gradum</span> <span class='ocrx_word' id='word_1_345' title='bbox 861 4181 910 4220; x_wconf 90' lang='lat' dir='ltr'>non</span> <span class='ocrx_word' id='word_1_346' title='bbox 920 4169 962 4218; x_wconf 92' lang='lat' dir='ltr'>ad·</span> 
     </span>
     <span class='ocr_line' id='line_1_43' title="bbox 179 4255 280 4306; baseline 0.01 -2"><span class='ocrx_word' id='word_1_347' title='bbox 179 4255 280 4306; x_wconf 86' lang='lat' dir='ltr'>mittere</span> 
     </span>
    </p>

    <p class='ocr_par' dir='ltr' id='par_1_9' title="bbox 175 4346 964 4942">
     <span class='ocr_line' id='line_1_44' title="bbox 211 4346 962 4410; baseline 0.003 -16"><span class='ocrx_word' id='word_1_348' title='bbox 211 4349 247 4395; x_wconf 78' lang='grc'>13.</span> <span class='ocrx_word' id='word_1_349' title='bbox 266 4346 413 4396; x_wconf 75' lang='lat' dir='ltr'>substantiae</span> <span class='ocrx_word' id='word_1_350' title='bbox 423 4347 546 4410; x_wconf 90' lang='lat' dir='ltr'>proprium</span> <span class='ocrx_word' id='word_1_351' title='bbox 557 4360 617 4406; x_wconf 88' lang='lat' dir='ltr'>esse,</span> <span class='ocrx_word' id='word_1_352' title='bbox 630 4360 706 4410; x_wconf 90' lang='lat' dir='ltr'>quum</span> <span class='ocrx_word' id='word_1_353' title='bbox 719 4347 803 4397; x_wconf 89' lang='lat' dir='ltr'>eadem</span> <span class='ocrx_word' id='word_1_354' title='bbox 815 4349 839 4397; x_wconf 87' lang='lat' dir='ltr'>et</span> <span class='ocrx_word' id='word_1_355' title='bbox 851 4360 901 4397; x_wconf 92' lang='lat' dir='ltr'>una</span> <span class='ocrx_word' id='word_1_356' title='bbox 915 4361 962 4397; x_wconf 91' lang='lat' dir='ltr'>nu-</span> 
     </span>
     <span class='ocr_line' id='line_1_45' title="bbox 178 4434 963 4498; baseline 0.003 -17"><span class='ocrx_word' id='word_1_357' title='bbox 178 4445 245 4482; x_wconf 89' lang='lat' dir='ltr'>mero</span> <span class='ocrx_word' id='word_1_358' title='bbox 259 4438 411 4498; x_wconf 88' lang='lat' dir='ltr'>permaneat,</span> <span class='ocrx_word' id='word_1_359' title='bbox 433 4449 472 4486; x_wconf 90' lang='lat' dir='ltr'>res</span> <span class='ocrx_word' id='word_1_360' title='bbox 490 4435 624 4486; x_wconf 87' lang='lat' dir='ltr'>contrarias</span> <span class='ocrx_word' id='word_1_361' title='bbox 647 4434 774 4484; x_wconf 80' lang='lat' dir='ltr'>admittere</span> <span class='ocrx_word' id='word_1_362' title='bbox 798 4447 804 4478; x_wconf 79' lang='grc' dir='ltr'>ι</span> <span class='ocrx_word' id='word_1_363' title='bbox 828 4437 963 4485; x_wconf 85' lang='lat' dir='ltr'>astantem</span> 
     </span>
     <span class='ocr_line' id='line_1_46' title="bbox 179 4523 962 4586; baseline 0.001 -16"><span class='ocrx_word' id='word_1_364' title='bbox 179 4533 267 4570; x_wconf 83' lang='lat' dir='ltr'>semim</span> <span class='ocrx_word' id='word_1_365' title='bbox 278 4524 399 4571; x_wconf 86' lang='lat' dir='ltr'>contraria</span> <span class='ocrx_word' id='word_1_366' title='bbox 416 4524 508 4586; x_wconf 84' lang='lat' dir='ltr'>vigilia,</span> <span class='ocrx_word' id='word_1_367' title='bbox 526 4523 643 4573; x_wconf 79' lang='lat' dir='ltr'>celeritati</span> <span class='ocrx_word' id='word_1_368' title='bbox 661 4524 773 4584; x_wconf 76' lang='lat' dir='ltr'>tarditas,</span> <span class='ocrx_word' id='word_1_369' title='bbox 788 4523 885 4573; x_wconf 89' lang='lat' dir='ltr'>sanitati</span> <span class='ocrx_word' id='word_1_370' title='bbox 896 4536 962 4572; x_wconf 91' lang='lat' dir='ltr'>mor-</span> 
     </span>
     <span class='ocr_line' id='line_1_47' title="bbox 179 4607 963 4674; baseline 0.006 -17"><span class='ocrx_word' id='word_1_371' title='bbox 179 4607 233 4658; x_wconf 90' lang='lat' dir='ltr'>bus.</span> <span class='ocrx_word' id='word_1_372' title='bbox 268 4610 388 4668; x_wconf 85' lang='lat' dir='ltr'>Quocirca</span> <span class='ocrx_word' id='word_1_373' title='bbox 406 4625 469 4662; x_wconf 89' lang='lat' dir='ltr'>nnus</span> <span class='ocrx_word' id='word_1_374' title='bbox 481 4615 506 4662; x_wconf 89' lang='lat' dir='ltr'>et</span> <span class='ocrx_word' id='word_1_375' title='bbox 521 4613 584 4661; x_wconf 90' lang='lat' dir='ltr'>idem</span> <span class='ocrx_word' id='word_1_376' title='bbox 599 4613 672 4661; x_wconf 86' lang='lat' dir='ltr'>laomo</span> <span class='ocrx_word' id='word_1_377' title='bbox 694 4612 779 4661; x_wconf 88' lang='lat' dir='ltr'>lxarunx</span> <span class='ocrx_word' id='word_1_378' title='bbox 792 4625 874 4662; x_wconf 88' lang='lat' dir='ltr'>rerum</span> <span class='ocrx_word' id='word_1_379' title='bbox 887 4625 963 4674; x_wconf 80' lang='lat' dir='ltr'>capax</span> 
     </span>
     <span class='ocr_line' id='line_1_48' title="bbox 177 4699 964 4762; baseline 0.006 -17"><span class='ocrx_word' id='word_1_380' title='bbox 177 4702 233 4759; x_wconf 88' lang='lat' dir='ltr'>eat;</span> <span class='ocrx_word' id='word_1_381' title='bbox 247 4711 303 4747; x_wconf 87' lang='lat' dir='ltr'>nam</span> <span class='ocrx_word' id='word_1_382' title='bbox 314 4704 339 4748; x_wconf 88' lang='lat' dir='ltr'>et</span> <span class='ocrx_word' id='word_1_383' title='bbox 350 4699 432 4761; x_wconf 78' lang='lat' dir='ltr'>vigilat</span> <span class='ocrx_word' id='word_1_384' title='bbox 444 4702 469 4749; x_wconf 87' lang='lat' dir='ltr'>et</span> <span class='ocrx_word' id='word_1_385' title='bbox 481 4700 572 4750; x_wconf 84' lang='lat' dir='ltr'>dormit</span> <span class='ocrx_word' id='word_1_386' title='bbox 587 4702 611 4749; x_wconf 89' lang='lat' dir='ltr'>et</span> <span class='ocrx_word' id='word_1_387' title='bbox 625 4699 712 4761; x_wconf 88' lang='lat' dir='ltr'>partim</span> <span class='ocrx_word' id='word_1_388' title='bbox 726 4699 818 4750; x_wconf 87' lang='lat' dir='ltr'>tardius</span> <span class='ocrx_word' id='word_1_389' title='bbox 828 4699 913 4762; x_wconf 89' lang='lat' dir='ltr'>partim</span> <span class='ocrx_word' id='word_1_390' title='bbox 925 4712 964 4750; x_wconf 87' lang='lat' dir='ltr'>ce·</span> 
     </span>
     <span class='ocr_line' id='line_1_49' title="bbox 178 4787 961 4862; baseline 0.005 -26"><span class='ocrx_word' id='word_1_391' title='bbox 178 4787 251 4837; x_wconf 86' lang='lat' dir='ltr'>terius</span> <span class='ocrx_word' id='word_1_392' title='bbox 262 4791 382 4850; x_wconf 86' lang='lat' dir='ltr'>movetur,</span> <span class='ocrx_word' id='word_1_393' title='bbox 396 4791 420 4840; x_wconf 87' lang='lat' dir='ltr'>ot</span> <span class='ocrx_word' id='word_1_394' title='bbox 430 4790 495 4840; x_wconf 86' lang='lat' dir='ltr'>valet</span> <span class='ocrx_word' id='word_1_395' title='bbox 505 4793 529 4841; x_wconf 90' lang='lat' dir='ltr'>et</span> <span class='ocrx_word' id='word_1_396' title='bbox 543 4793 643 4852; x_wconf 80' lang='lat' dir='ltr'>oegmtat</span> <span class='ocrx_word' id='word_1_397' title='bbox 657 4803 785 4853; x_wconf 86' lang='lat' dir='ltr'>rerumque</span> <span class='ocrx_word' id='word_1_398' title='bbox 792 4789 835 4862; x_wconf 67' lang='lat' dir='ltr'>⁴liis</span> <span class='ocrx_word' id='word_1_399' title='bbox 848 4790 961 4840; x_wconf 85' lang='lat' dir='ltr'>similium</span> 
     </span>
     <span class='ocr_line' id='line_1_50' title="bbox 175 4878 686 4942; baseline 0.008 -19"><span class='ocrx_word' id='word_1_400' title='bbox 175 4886 254 4936; x_wconf 85' lang='lat' dir='ltr'>capax</span> <span class='ocrx_word' id='word_1_401' title='bbox 266 4879 312 4936; x_wconf 85' lang='lat' dir='ltr'>est,</span> <span class='ocrx_word' id='word_1_402' title='bbox 323 4891 368 4927; x_wconf 92' lang='lat' dir='ltr'>nec</span> <span class='ocrx_word' id='word_1_403' title='bbox 379 4879 460 4928; x_wconf 80' lang='lat' dir='ltr'>tarum</span> <span class='ocrx_word' id='word_1_404' title='bbox 471 4878 555 4929; x_wconf 92' lang='lat' dir='ltr'>eodem</span> <span class='ocrx_word' id='word_1_405' title='bbox 566 4881 686 4942; x_wconf 84' lang='lat' dir='ltr'>tempore.</span> 
     </span>
    </p>

    <p class='ocr_par' dir='ltr' id='par_1_10' title="bbox 177 4964 964 5294">
     <span class='ocr_line' id='line_1_51' title="bbox 211 4964 963 5028; baseline 0.005 -18"><span class='ocrx_word' id='word_1_406' title='bbox 211 4964 249 5010; x_wconf 84' lang='lat' dir='ltr'>ti.</span> <span class='ocrx_word' id='word_1_407' title='bbox 266 4964 413 5020; x_wconf 88' lang='lat' dir='ltr'>Quantitatis</span> <span class='ocrx_word' id='word_1_408' title='bbox 427 4965 472 5015; x_wconf 90' lang='lat' dir='ltr'>tria</span> <span class='ocrx_word' id='word_1_409' title='bbox 484 4965 622 5015; x_wconf 86' lang='lat' dir='ltr'>discrimina</span> <span class='ocrx_word' id='word_1_410' title='bbox 633 4967 698 5014; x_wconf 87' lang='lat' dir='ltr'>aunt.</span> <span class='ocrx_word' id='word_1_411' title='bbox 715 4969 804 5016; x_wconf 86' lang='lat' dir='ltr'>Eorum</span> <span class='ocrx_word' id='word_1_412' title='bbox 817 4979 892 5014; x_wconf 90' lang='lat' dir='ltr'>unum</span> <span class='ocrx_word' id='word_1_413' title='bbox 903 4965 963 5028; x_wconf 85' lang='lat' dir='ltr'>posi·</span> 
     </span>
     <span class='ocr_line' id='line_1_52' title="bbox 177 5051 964 5116; baseline 0 -14"><span class='ocrx_word' id='word_1_414' title='bbox 177 5055 232 5102; x_wconf 86' lang='lat' dir='ltr'>turn</span> <span class='ocrx_word' id='word_1_415' title='bbox 254 5051 334 5100; x_wconf 81' lang='lat' dir='ltr'>estin</span> <span class='ocrx_word' id='word_1_416' title='bbox 354 5053 473 5116; x_wconf 89' lang='lat' dir='ltr'>pondere,</span> <span class='ocrx_word' id='word_1_417' title='bbox 487 5066 543 5115; x_wconf 90' lang='lat' dir='ltr'>quae</span> <span class='ocrx_word' id='word_1_418' title='bbox 557 5053 702 5102; x_wconf 83' lang='lat' dir='ltr'>talentorum</span> <span class='ocrx_word' id='word_1_419' title='bbox 722 5054 781 5103; x_wconf 89' lang='lat' dir='ltr'>ratio</span> <span class='ocrx_word' id='word_1_420' title='bbox 798 5055 849 5115; x_wconf 82' lang='lat' dir='ltr'>est;</span> <span class='ocrx_word' id='word_1_421' title='bbox 863 5053 927 5103; x_wconf 92' lang='lat' dir='ltr'>aliud</span> <span class='ocrx_word' id='word_1_422' title='bbox 940 5053 964 5103; x_wconf 88' lang='lat' dir='ltr'>ira</span> 
     </span>
     <span class='ocr_line' id='line_1_53' title="bbox 179 5139 964 5204; baseline 0.004 -16"><span class='ocrx_word' id='word_1_423' title='bbox 179 5139 362 5203; x_wconf 73' lang='lat' dir='ltr'>magnitudine,</span> <span class='ocrx_word' id='word_1_424' title='bbox 382 5141 453 5204; x_wconf 90' lang='lat' dir='ltr'>quale</span> <span class='ocrx_word' id='word_1_425' title='bbox 470 5142 572 5192; x_wconf 90' lang='lat' dir='ltr'>dicimus</span> <span class='ocrx_word' id='word_1_426' title='bbox 595 5141 724 5192; x_wconf 86' lang='lat' dir='ltr'>bicubitale</span> <span class='ocrx_word' id='word_1_427' title='bbox 737 5155 801 5204; x_wconf 87' lang='lat' dir='ltr'>esse;</span> <span class='ocrx_word' id='word_1_428' title='bbox 825 5143 925 5192; x_wconf 89' lang='lat' dir='ltr'>tertium</span> <span class='ocrx_word' id='word_1_429' title='bbox 939 5141 964 5191; x_wconf 94' lang='lat' dir='ltr'>in</span> 
     </span>
     <span class='ocr_line' id='line_1_54' title="bbox 178 5229 882 5294; baseline 0.004 -15"><span class='ocrx_word' id='word_1_430' title='bbox 178 5229 347 5294; x_wconf 85' lang='lat' dir='ltr'>multitudine,</span> <span class='ocrx_word' id='word_1_431' title='bbox 363 5237 427 5294; x_wconf 90' lang='lat' dir='ltr'>quod</span> <span class='ocrx_word' id='word_1_432' title='bbox 441 5233 466 5282; x_wconf 90' lang='lat' dir='ltr'>iu</span> <span class='ocrx_word' id='word_1_433' title='bbox 479 5231 604 5282; x_wconf 87' lang='lat' dir='ltr'>denarium</span> <span class='ocrx_word' id='word_1_434' title='bbox 616 5245 745 5283; x_wconf 87' lang='lat' dir='ltr'>numerum</span> <span class='ocrx_word' id='word_1_435' title='bbox 761 5232 882 5284; x_wconf 90' lang='lat' dir='ltr'>convenit.</span> 
     </span>
    </p>
   </div>
   <div class='ocr_carea' id='block_1_6' title="bbox 1010 610 1863 3425">
    <p class='ocr_par' dir='ltr' id='par_1_11' title="bbox 1012 610 1700 690">
     <span class='ocr_line' id='line_1_55' title="bbox 1012 610 1700 690; baseline 0.004 -22"><span class='ocrx_word' id='word_1_436' title='bbox 1012 611 1120 689; x_wconf 85' lang='lat' dir='ltr'>plantis</span> <span class='ocrx_word' id='word_1_437' title='bbox 1130 610 1184 671; x_wconf 93' lang='lat' dir='ltr'>lib.</span> <span class='ocrx_word' id='word_1_438' title='bbox 1199 611 1287 690; x_wconf 91' lang='lat' dir='ltr'>Icap.</span> <span class='ocrx_word' id='word_1_439' title='bbox 1303 619 1319 679; x_wconf 79' lang='lat' dir='ltr'>t</span> <span class='ocrx_word' id='word_1_440' title='bbox 1334 632 1365 689; x_wconf 85' lang='lat' dir='ltr'>p.</span> <span class='ocrx_word' id='word_1_441' title='bbox 1381 612 1456 684; x_wconf 79' lang='lat'>820,</span> <span class='ocrx_word' id='word_1_442' title='bbox 1470 621 1487 680; x_wconf 72' lang='lat' dir='ltr'>t,</span> <span class='ocrx_word' id='word_1_443' title='bbox 1502 612 1548 672; x_wconf 90' lang='lat' dir='ltr'>ed.</span> <span class='ocrx_word' id='word_1_444' title='bbox 1561 614 1700 690; x_wconf 83' lang='lat' dir='ltr'>Bekker.)</span> 
     </span>
    </p>

    <p class='ocr_par' dir='ltr' id='par_1_12' title="bbox 1012 698 1798 956">
     <span class='ocr_line' id='line_1_56' title="bbox 1054 698 1798 780; baseline 0.004 -23"><span class='ocrx_word' id='word_1_445' title='bbox 1054 718 1089 759; x_wconf 87' lang='lat' dir='ltr'>lt.</span> <span class='ocrx_word' id='word_1_446' title='bbox 1107 701 1164 766; x_wconf 80' lang='grc' dir='ltr'>Τθὶς</span> <span class='ocrx_word' id='word_1_447' title='bbox 1177 699 1323 765; x_wconf 80' lang='grc' dir='ltr'>ποσότατος</span> <span class='ocrx_word' id='word_1_448' title='bbox 1334 698 1456 780; x_wconf 70' lang='grc' dir='ltr'>διαφοραί</span> <span class='ocrx_word' id='word_1_449' title='bbox 1469 707 1547 779; x_wconf 80' lang='grc' dir='ltr'>τρεῖς.</span> <span class='ocrx_word' id='word_1_450' title='bbox 1563 701 1603 760; x_wconf 86' lang='grc' dir='ltr'>Τὸ</span> <span class='ocrx_word' id='word_1_451' title='bbox 1618 699 1665 775; x_wconf 82' lang='grc' dir='ltr'>μέν</span> <span class='ocrx_word' id='word_1_452' title='bbox 1678 701 1729 779; x_wconf 81' lang='grc' dir='ltr'>γάρ</span> <span class='ocrx_word' id='word_1_453' title='bbox 1744 704 1798 760; x_wconf 89' lang='grc' dir='ltr'>ἐντι</span> 
     </span>
     <span class='ocr_line' id='line_1_57' title="bbox 1012 784 1798 868; baseline 0.004 -23"><span class='ocrx_word' id='word_1_454' title='bbox 1012 788 1039 845; x_wconf 86' lang='grc' dir='ltr'>ἐν</span> <span class='ocrx_word' id='word_1_455' title='bbox 1055 790 1139 868; x_wconf 76' lang='grc' dir='ltr'>ροπᾷ,</span> <span class='ocrx_word' id='word_1_456' title='bbox 1152 789 1187 853; x_wconf 84' lang='grc' dir='ltr'>ὡς</span> <span class='ocrx_word' id='word_1_457' title='bbox 1197 786 1228 846; x_wconf 84' lang='grc' dir='ltr'>τὸ</span> <span class='ocrx_word' id='word_1_458' title='bbox 1239 786 1378 845; x_wconf 84' lang='grc' dir='ltr'>τάλαντον·</span> <span class='ocrx_word' id='word_1_459' title='bbox 1402 786 1433 845; x_wconf 86' lang='grc' dir='ltr'>τδ</span> <span class='ocrx_word' id='word_1_460' title='bbox 1444 784 1473 845; x_wconf 79' lang='grc' dir='ltr'>δέ</span> <span class='ocrx_word' id='word_1_461' title='bbox 1487 792 1513 847; x_wconf 87' lang='grc' dir='ltr'>ἐν</span> <span class='ocrx_word' id='word_1_462' title='bbox 1529 786 1650 867; x_wconf 88' lang='grc' dir='ltr'>μεγέθει,</span> <span class='ocrx_word' id='word_1_463' title='bbox 1662 788 1736 854; x_wconf 82' lang='grc' dir='ltr'>όιςτὸ</span> <span class='ocrx_word' id='word_1_464' title='bbox 1755 788 1798 848; x_wconf 89' lang='grc' dir='ltr'>δί-</span> 
     </span>
     <span class='ocr_line' id='line_1_58' title="bbox 1012 874 1527 956; baseline 0.004 -21"><span class='ocrx_word' id='word_1_465' title='bbox 1012 900 1096 956; x_wconf 86' lang='grc' dir='ltr'>παχυ·</span> <span class='ocrx_word' id='word_1_466' title='bbox 1110 876 1140 935; x_wconf 85' lang='grc' dir='ltr'>τὸ</span> <span class='ocrx_word' id='word_1_467' title='bbox 1155 877 1183 936; x_wconf 78' lang='grc' dir='ltr'>δὲ</span> <span class='ocrx_word' id='word_1_468' title='bbox 1196 880 1222 936; x_wconf 88' lang='grc' dir='ltr'>ἐν</span> <span class='ocrx_word' id='word_1_469' title='bbox 1236 876 1342 948; x_wconf 78' lang='grc' dir='ltr'>πλάθει,</span> <span class='ocrx_word' id='word_1_470' title='bbox 1353 878 1390 943; x_wconf 82' lang='grc' dir='ltr'>ὥς</span> <span class='ocrx_word' id='word_1_471' title='bbox 1401 874 1435 935; x_wconf 70' lang='lat' dir='ltr'>ed</span> <span class='ocrx_word' id='word_1_472' title='bbox 1452 876 1527 937; x_wconf 89' lang='grc' dir='ltr'>δέκα.</span> 
     </span>
    </p>

    <p class='ocr_par' dir='ltr' id='par_1_13' title="bbox 1013 963 1798 1220">
     <span class='ocr_line' id='line_1_59' title="bbox 1055 963 1798 1043; baseline 0.007 -21"><span class='ocrx_word' id='word_1_473' title='bbox 1055 963 1241 1042; x_wconf 80' lang='lat' dir='ltr'>(Simplicius</span> <span class='ocrx_word' id='word_1_474' title='bbox 1255 964 1291 1022; x_wconf 90' lang='lat' dir='ltr'>ad</span> <span class='ocrx_word' id='word_1_475' title='bbox 1304 968 1423 1026; x_wconf 79' lang='lat' dir='ltr'>Aristot.</span> <span class='ocrx_word' id='word_1_476' title='bbox 1441 964 1541 1041; x_wconf 79' lang='lat' dir='ltr'>Categ.</span> <span class='ocrx_word' id='word_1_477' title='bbox 1560 967 1579 1027; x_wconf 83' lang='lat' dir='ltr'>l.</span> <span class='ocrx_word' id='word_1_478' title='bbox 1597 967 1634 1033; x_wconf 65' lang='lat'>[48</span> <span class='ocrx_word' id='word_1_479' title='bbox 1654 986 1682 1043; x_wconf 88' lang='lat' dir='ltr'>a,</span> <span class='ocrx_word' id='word_1_480' title='bbox 1695 986 1732 1025; x_wconf 87' lang='lat' dir='ltr'>ex</span> <span class='ocrx_word' id='word_1_481' title='bbox 1743 974 1798 1027; x_wconf 79' lang='lat' dir='ltr'>Ar·</span> 
     </span>
     <span class='ocr_line' id='line_1_60' title="bbox 1013 1052 1797 1135; baseline 0.005 -24"><span class='ocrx_word' id='word_1_482' title='bbox 1013 1053 1108 1132; x_wconf 82' lang='lat' dir='ltr'>chytae</span> <span class='ocrx_word' id='word_1_483' title='bbox 1117 1052 1197 1112; x_wconf 85' lang='lat' dir='ltr'>libro</span> <span class='ocrx_word' id='word_1_484' title='bbox 1207 1053 1268 1133; x_wconf 83' lang='grc' dir='ltr'>περὶ</span> <span class='ocrx_word' id='word_1_485' title='bbox 1281 1058 1329 1111; x_wconf 77' lang='grc' dir='ltr'>τοῦ</span> <span class='ocrx_word' id='word_1_486' title='bbox 1340 1052 1447 1118; x_wconf 88' lang='grc' dir='ltr'>παντός.</span> <span class='ocrx_word' id='word_1_487' title='bbox 1459 1053 1570 1134; x_wconf 85' lang='lat' dir='ltr'>Scripsi</span> <span class='ocrx_word' id='word_1_488' title='bbox 1587 1054 1731 1123; x_wconf 86' lang='grc' dir='ltr'>ποσότατος</span> <span class='ocrx_word' id='word_1_489' title='bbox 1742 1078 1797 1135; x_wconf 88' lang='lat' dir='ltr'>pro</span> 
     </span>
     <span class='ocr_line' id='line_1_61' title="bbox 1013 1141 1576 1220; baseline 0.004 -21"><span class='ocrx_word' id='word_1_490' title='bbox 1013 1141 1247 1202; x_wconf 88' lang='lat' dir='ltr'>membranarum</span> <span class='ocrx_word' id='word_1_491' title='bbox 1265 1142 1390 1200; x_wconf 86' lang='lat' dir='ltr'>lectione</span> <span class='ocrx_word' id='word_1_492' title='bbox 1404 1142 1576 1220; x_wconf 65' lang='lat' dir='ltr'>recisurae.)</span> 
     </span>
    </p>

    <p class='ocr_par' dir='ltr' id='par_1_14' title="bbox 1011 1222 1797 1487">
     <span class='ocr_line' id='line_1_62' title="bbox 1054 1222 1797 1310; baseline 0.001 -19"><span class='ocrx_word' id='word_1_493' title='bbox 1054 1251 1090 1292; x_wconf 82' lang='lat' dir='ltr'>lu.</span> <span class='ocrx_word' id='word_1_494' title='bbox 1114 1230 1230 1310; x_wconf 86' lang='grc' dir='ltr'>Πρώταν</span> <span class='ocrx_word' id='word_1_495' title='bbox 1249 1232 1297 1308; x_wconf 81' lang='grc' dir='ltr'>μέν</span> <span class='ocrx_word' id='word_1_496' title='bbox 1311 1229 1360 1289; x_wconf 87' lang='grc' dir='ltr'>τδν</span> <span class='ocrx_word' id='word_1_497' title='bbox 1378 1226 1461 1289; x_wconf 76' lang='grc' dir='ltr'>ὠσίαν</span> <span class='ocrx_word' id='word_1_498' title='bbox 1482 1222 1549 1289; x_wconf 72' lang='grc' dir='ltr'>εἶναι</span> <span class='ocrx_word' id='word_1_499' title='bbox 1565 1230 1659 1291; x_wconf 84' lang='grc' dir='ltr'>δεῖκαὶ</span> <span class='ocrx_word' id='word_1_500' title='bbox 1673 1230 1706 1291; x_wconf 85' lang='grc' dir='ltr'>τδι</span> <span class='ocrx_word' id='word_1_501' title='bbox 1719 1256 1797 1292; x_wconf 88' lang='grc' dir='ltr'>συνυ-</span> 
     </span>
     <span class='ocr_line' id='line_1_63' title="bbox 1011 1316 1797 1401; baseline 0.004 -24"><span class='ocrx_word' id='word_1_502' title='bbox 1011 1319 1150 1399; x_wconf 87' lang='grc' dir='ltr'>ποίρχοντα</span> <span class='ocrx_word' id='word_1_503' title='bbox 1175 1320 1254 1399; x_wconf 73' lang='grc' dir='ltr'>αὑτᾷ·</span> <span class='ocrx_word' id='word_1_504' title='bbox 1277 1318 1322 1376; x_wconf 82' lang='grc' dir='ltr'>καὶ</span> <span class='ocrx_word' id='word_1_505' title='bbox 1346 1316 1428 1384; x_wconf 86' lang='grc' dir='ltr'>οὑτως</span> <span class='ocrx_word' id='word_1_506' title='bbox 1448 1321 1508 1377; x_wconf 78' lang='grc' dir='ltr'>ποτ’</span> <span class='ocrx_word' id='word_1_507' title='bbox 1534 1318 1600 1379; x_wconf 77' lang='grc' dir='ltr'>ἄλλο</span> <span class='ocrx_word' id='word_1_508' title='bbox 1618 1320 1646 1380; x_wconf 93' lang='grc' dir='ltr'>τί</span> <span class='ocrx_word' id='word_1_509' title='bbox 1667 1344 1724 1388; x_wconf 89' lang='grc' dir='ltr'>πως</span> <span class='ocrx_word' id='word_1_510' title='bbox 1737 1322 1797 1401; x_wconf 83' lang='grc' dir='ltr'>ἔχεν</span> 
     </span>
     <span class='ocr_line' id='line_1_64' title="bbox 1013 1404 1742 1487; baseline 0.004 -22"><span class='ocrx_word' id='word_1_511' title='bbox 1013 1407 1090 1466; x_wconf 88' lang='grc' dir='ltr'>αὐταί·</span> <span class='ocrx_word' id='word_1_512' title='bbox 1106 1406 1174 1484; x_wconf 72' lang='lat' dir='ltr'>pert</span> <span class='ocrx_word' id='word_1_513' title='bbox 1189 1407 1216 1464; x_wconf 85' lang='grc' dir='ltr'>δέ</span> <span class='ocrx_word' id='word_1_514' title='bbox 1230 1404 1329 1466; x_wconf 87' lang='grc' dir='ltr'>ταὺταν</span> <span class='ocrx_word' id='word_1_515' title='bbox 1344 1406 1391 1466; x_wconf 87' lang='grc' dir='ltr'>τδιν</span> <span class='ocrx_word' id='word_1_516' title='bbox 1405 1410 1457 1465; x_wconf 80' lang='grc' dir='ltr'>τῶν</span> <span class='ocrx_word' id='word_1_517' title='bbox 1475 1408 1623 1467; x_wconf 87' lang='grc' dir='ltr'>ἐπικτσίτων</span> <span class='ocrx_word' id='word_1_518' title='bbox 1639 1409 1742 1487; x_wconf 86' lang='grc' dir='ltr'>σχέσιν.</span> 
     </span>
    </p>

    <p class='ocr_par' dir='ltr' id='par_1_15' title="bbox 1013 1491 1798 1752">
     <span class='ocr_line' id='line_1_65' title="bbox 1053 1491 1798 1573; baseline 0.007 -22"><span class='ocrx_word' id='word_1_519' title='bbox 1053 1494 1242 1573; x_wconf 88' lang='lat' dir='ltr'>(Simplicius</span> <span class='ocrx_word' id='word_1_520' title='bbox 1256 1494 1292 1552; x_wconf 91' lang='lat' dir='ltr'>ad</span> <span class='ocrx_word' id='word_1_521' title='bbox 1304 1498 1427 1555; x_wconf 73' lang='lat' dir='ltr'>Ariston.</span> <span class='ocrx_word' id='word_1_522' title='bbox 1442 1496 1540 1571; x_wconf 78' lang='lat' dir='ltr'>Categ.</span> <span class='ocrx_word' id='word_1_523' title='bbox 1556 1498 1575 1557; x_wconf 86' lang='lat' dir='ltr'>l.</span> <span class='ocrx_word' id='word_1_524' title='bbox 1594 1497 1631 1554; x_wconf 82' lang='lat'>58</span> <span class='ocrx_word' id='word_1_525' title='bbox 1647 1496 1678 1567; x_wconf 90' lang='lat' dir='ltr'>b,</span> <span class='ocrx_word' id='word_1_526' title='bbox 1696 1516 1734 1556; x_wconf 86' lang='lat' dir='ltr'>ex</span> <span class='ocrx_word' id='word_1_527' title='bbox 1746 1491 1798 1556; x_wconf 82' lang='lat' dir='ltr'>Ar-</span> 
     </span>
     <span class='ocr_line' id='line_1_66' title="bbox 1013 1582 1797 1662; baseline 0.004 -22"><span class='ocrx_word' id='word_1_528' title='bbox 1013 1582 1106 1660; x_wconf 80' lang='lat' dir='ltr'>chytae</span> <span class='ocrx_word' id='word_1_529' title='bbox 1123 1582 1202 1640; x_wconf 90' lang='lat' dir='ltr'>libro</span> <span class='ocrx_word' id='word_1_530' title='bbox 1214 1582 1276 1662; x_wconf 84' lang='grc' dir='ltr'>περί</span> <span class='ocrx_word' id='word_1_531' title='bbox 1290 1587 1336 1640; x_wconf 78' lang='grc' dir='ltr'>τοῦ</span> <span class='ocrx_word' id='word_1_532' title='bbox 1350 1582 1456 1649; x_wconf 89' lang='grc' dir='ltr'>παντός.</span> <span class='ocrx_word' id='word_1_533' title='bbox 1472 1585 1564 1643; x_wconf 88' lang='lat' dir='ltr'>Posui</span> <span class='ocrx_word' id='word_1_534' title='bbox 1578 1584 1660 1641; x_wconf 85' lang='grc' dir='ltr'>ὠσίαν</span> <span class='ocrx_word' id='word_1_535' title='bbox 1673 1605 1729 1662; x_wconf 90' lang='lat' dir='ltr'>pro</span> <span class='ocrx_word' id='word_1_536' title='bbox 1744 1606 1797 1643; x_wconf 90' lang='lat' dir='ltr'>co·</span> 
     </span>
     <span class='ocr_line' id='line_1_67' title="bbox 1013 1669 1402 1752; baseline 0.005 -23"><span class='ocrx_word' id='word_1_537' title='bbox 1013 1671 1110 1730; x_wconf 89' lang='lat' dir='ltr'>dicum</span> <span class='ocrx_word' id='word_1_538' title='bbox 1124 1672 1271 1748; x_wconf 88' lang='lat' dir='ltr'>scriptura</span> <span class='ocrx_word' id='word_1_539' title='bbox 1284 1669 1402 1752; x_wconf 83' lang='grc' dir='ltr'>οὐσίαν).</span> 
     </span>
    </p>

    <p class='ocr_par' dir='ltr' id='par_1_16' title="bbox 1010 1750 1863 2721">
     <span class='ocr_line' id='line_1_68' title="bbox 1054 1750 1863 1841; baseline 0.002 -24"><span class='ocrx_word' id='word_1_540' title='bbox 1054 1780 1089 1819; x_wconf 80' lang='grc' dir='ltr'>ιο.</span> <span class='ocrx_word' id='word_1_541' title='bbox 1107 1750 1161 1819; x_wconf 79' lang='grc' dir='ltr'>Καὶ</span> <span class='ocrx_word' id='word_1_542' title='bbox 1181 1757 1233 1841; x_wconf 80' lang='grc' dir='ltr'>γδρ</span> <span class='ocrx_word' id='word_1_543' title='bbox 1252 1768 1285 1839; x_wconf 75' lang='grc' dir='ltr'>τᾷ</span> <span class='ocrx_word' id='word_1_544' title='bbox 1298 1760 1418 1819; x_wconf 88' lang='grc' dir='ltr'>ποιότατι</span> <span class='ocrx_word' id='word_1_545' title='bbox 1434 1759 1510 1820; x_wconf 89' lang='grc' dir='ltr'>κοινδι</span> <span class='ocrx_word' id='word_1_546' title='bbox 1528 1760 1701 1839; x_wconf 82' lang='grc' dir='ltr'>συναρτητέον</span> <span class='ocrx_word' id='word_1_547' title='bbox 1714 1761 1746 1818; x_wconf 87' lang='grc' dir='ltr'>τό</span> <span class='ocrx_word' id='word_1_548' title='bbox 1764 1786 1793 1819; x_wconf 87' lang='grc' dir='ltr'>τε</span> <span class='ocrx_word' id='word_1_549' title='bbox 1859 1780 1863 1787; x_wconf 89' lang='grc'><strong>’</strong></span> 
     </span>
     <span class='ocr_line' id='line_1_69' title="bbox 1012 1846 1798 1927; baseline 0 -22"><span class='ocrx_word' id='word_1_550' title='bbox 1012 1847 1181 1907; x_wconf 81' lang='grc' dir='ltr'>ἐνάντιότατιί</span> <span class='ocrx_word' id='word_1_551' title='bbox 1201 1870 1259 1905; x_wconf 91' lang='grc' dir='ltr'>τινα</span> <span class='ocrx_word' id='word_1_552' title='bbox 1283 1847 1450 1927; x_wconf 73' lang='grc' dir='ltr'>ἐπιδέχεσθαι</span> <span class='ocrx_word' id='word_1_553' title='bbox 1470 1846 1516 1906; x_wconf 82' lang='grc' dir='ltr'>καί</span> <span class='ocrx_word' id='word_1_554' title='bbox 1534 1847 1665 1926; x_wconf 87' lang='grc' dir='ltr'>στέρησιν.</span> <span class='ocrx_word' id='word_1_555' title='bbox 1690 1847 1747 1907; x_wconf 78' lang='grc' dir='ltr'>Καὶ</span> <span class='ocrx_word' id='word_1_556' title='bbox 1767 1847 1798 1905; x_wconf 87' lang='grc' dir='ltr'>τδ</span> 
     </span>
     <span class='ocr_line' id='line_1_70' title="bbox 1010 1932 1798 2015; baseline 0 -22"><span class='ocrx_word' id='word_1_557' title='bbox 1010 1937 1070 1994; x_wconf 88' lang='grc' dir='ltr'>ποτ’</span> <span class='ocrx_word' id='word_1_558' title='bbox 1086 1934 1151 1993; x_wconf 79' lang='grc' dir='ltr'>ἄλλο</span> <span class='ocrx_word' id='word_1_559' title='bbox 1165 1932 1194 1993; x_wconf 87' lang='grc' dir='ltr'>δέ</span> <span class='ocrx_word' id='word_1_560' title='bbox 1208 1957 1265 2001; x_wconf 87' lang='grc' dir='ltr'>πως</span> <span class='ocrx_word' id='word_1_561' title='bbox 1285 1936 1346 2014; x_wconf 88' lang='grc' dir='ltr'>ἔχον</span> <span class='ocrx_word' id='word_1_562' title='bbox 1367 1934 1519 2015; x_wconf 72' lang='grc' dir='ltr'>ἐπιδέχεται</span> <span class='ocrx_word' id='word_1_563' title='bbox 1532 1936 1563 1995; x_wconf 83' lang='grc' dir='ltr'>τὸ</span> <span class='ocrx_word' id='word_1_564' title='bbox 1581 1937 1681 2015; x_wconf 80' lang='grc' dir='ltr'>μᾶλλον</span> <span class='ocrx_word' id='word_1_565' title='bbox 1700 1935 1746 1993; x_wconf 85' lang='grc' dir='ltr'>καὶ</span> <span class='ocrx_word' id='word_1_566' title='bbox 1766 1935 1798 1993; x_wconf 87' lang='grc' dir='ltr'>τδ</span> 
     </span>
     <span class='ocr_line' id='line_1_71' title="bbox 1011 2014 1798 2102; baseline 0 -21"><span class='ocrx_word' id='word_1_567' title='bbox 1011 2015 1099 2094; x_wconf 68' lang='grc' dir='ltr'>ἧττον·</span> <span class='ocrx_word' id='word_1_568' title='bbox 1115 2014 1216 2099; x_wconf 78' lang='grc' dir='ltr'>μᾶλλον</span> <span class='ocrx_word' id='word_1_569' title='bbox 1234 2020 1283 2100; x_wconf 87' lang='grc' dir='ltr'>μέν</span> <span class='ocrx_word' id='word_1_570' title='bbox 1297 2021 1348 2102; x_wconf 78' lang='grc' dir='ltr'>γάρ</span> <span class='ocrx_word' id='word_1_571' title='bbox 1366 2023 1440 2081; x_wconf 83' lang='grc' dir='ltr'>ἐντιι</span> <span class='ocrx_word' id='word_1_572' title='bbox 1458 2015 1475 2099; x_wconf 76' lang='grc' dir='ltr'>ᾗ</span> <span class='ocrx_word' id='word_1_573' title='bbox 1494 2022 1541 2099; x_wconf 80' lang='grc' dir='ltr'>μὲν</span> <span class='ocrx_word' id='word_1_574' title='bbox 1566 2023 1652 2099; x_wconf 77' lang='grc' dir='ltr'>μεῖζόν</span> <span class='ocrx_word' id='word_1_575' title='bbox 1671 2045 1738 2089; x_wconf 87' lang='grc' dir='ltr'>τινος</span> <span class='ocrx_word' id='word_1_576' title='bbox 1752 2022 1798 2081; x_wconf 85' lang='grc' dir='ltr'>καὶ</span> 
     </span>
     <span class='ocr_line' id='line_1_72' title="bbox 1011 2103 1798 2192; baseline -0.001 -22"><span class='ocrx_word' id='word_1_577' title='bbox 1011 2104 1088 2183; x_wconf 75' lang='grc' dir='ltr'>ἧττον</span> <span class='ocrx_word' id='word_1_578' title='bbox 1103 2103 1122 2192; x_wconf 73' lang='grc' dir='ltr'><strong>ᾖ</strong></span> <span class='ocrx_word' id='word_1_579' title='bbox 1135 2110 1323 2188; x_wconf 62' lang='lat' dir='ltr'>paturientis</span> <span class='ocrx_word' id='word_1_580' title='bbox 1343 2115 1381 2169; x_wconf 83' lang='grc' dir='ltr'>τῶ</span> <span class='ocrx_word' id='word_1_581' title='bbox 1402 2114 1473 2171; x_wconf 81' lang='grc' dir='ltr'>αὑτῶ</span> <span class='ocrx_word' id='word_1_582' title='bbox 1486 2109 1588 2184; x_wconf 82' lang='grc' dir='ltr'>τούτω,</span> <span class='ocrx_word' id='word_1_583' title='bbox 1607 2110 1676 2181; x_wconf 75' lang='grc' dir='ltr'>πλὴν</span> <span class='ocrx_word' id='word_1_584' title='bbox 1692 2116 1740 2169; x_wconf 90' lang='grc' dir='ltr'>οὐκ</span> <span class='ocrx_word' id='word_1_585' title='bbox 1752 2110 1798 2169; x_wconf 80' lang='grc' dir='ltr'>ἐπὶ</span> 
     </span>
     <span class='ocr_line' id='line_1_73' title="bbox 1010 2196 1798 2279; baseline -0.005 -21"><span class='ocrx_word' id='word_1_586' title='bbox 1010 2200 1116 2259; x_wconf 80' lang='grc' dir='ltr'>πάντων</span> <span class='ocrx_word' id='word_1_587' title='bbox 1132 2204 1184 2258; x_wconf 87' lang='grc' dir='ltr'>τῶν</span> <span class='ocrx_word' id='word_1_588' title='bbox 1196 2198 1255 2259; x_wconf 92' lang='grc' dir='ltr'>ποτ’</span> <span class='ocrx_word' id='word_1_589' title='bbox 1270 2200 1442 2271; x_wconf 55' lang='grc' dir='ltr'>ἅλλωςΰπως</span> <span class='ocrx_word' id='word_1_590' title='bbox 1456 2200 1581 2279; x_wconf 88' lang='grc' dir='ltr'>ἐχόντων.</span> <span class='ocrx_word' id='word_1_591' title='bbox 1601 2200 1641 2258; x_wconf 88' lang='grc' dir='ltr'>Οὐ</span> <span class='ocrx_word' id='word_1_592' title='bbox 1655 2200 1708 2278; x_wconf 90' lang='grc' dir='ltr'>γιίρ</span> <span class='ocrx_word' id='word_1_593' title='bbox 1722 2196 1798 2257; x_wconf 76' lang='grc' dir='ltr'>ἐντιέ</span> 
     </span>
     <span class='ocr_line' id='line_1_74' title="bbox 1012 2278 1797 2368; baseline 0.001 -24"><span class='ocrx_word' id='word_1_594' title='bbox 1012 2289 1112 2365; x_wconf 72' lang='grc' dir='ltr'>μᾶλλον</span> <span class='ocrx_word' id='word_1_595' title='bbox 1128 2287 1231 2367; x_wconf 87' lang='grc' dir='ltr'>πατέρα</span> <span class='ocrx_word' id='word_1_596' title='bbox 1249 2278 1318 2364; x_wconf 71' lang='grc' dir='ltr'>ἦμεν</span> <span class='ocrx_word' id='word_1_597' title='bbox 1332 2287 1391 2346; x_wconf 79' lang='grc' dir='ltr'>οὐδὲ</span> <span class='ocrx_word' id='word_1_598' title='bbox 1407 2281 1489 2363; x_wconf 75' lang='grc' dir='ltr'>ἧσσον</span> <span class='ocrx_word' id='word_1_599' title='bbox 1506 2288 1564 2349; x_wconf 82' lang='grc' dir='ltr'>οὐδὲ</span> <span class='ocrx_word' id='word_1_600' title='bbox 1580 2288 1632 2364; x_wconf 75' lang='grc' dir='ltr'>μδν</span> <span class='ocrx_word' id='word_1_601' title='bbox 1653 2285 1797 2368; x_wconf 77' lang='grc' dir='ltr'>ἀδελφὸνῆ</span> 
     </span>
     <span class='ocr_line' id='line_1_75' title="bbox 1010 2376 1795 2457; baseline -0.001 -23"><span class='ocrx_word' id='word_1_602' title='bbox 1010 2377 1075 2438; x_wconf 87' lang='grc' dir='ltr'>υίόν.</span> <span class='ocrx_word' id='word_1_603' title='bbox 1097 2378 1176 2455; x_wconf 83' lang='grc' dir='ltr'>Λέγω</span> <span class='ocrx_word' id='word_1_604' title='bbox 1191 2376 1218 2435; x_wconf 86' lang='grc' dir='ltr'>δέ</span> <span class='ocrx_word' id='word_1_605' title='bbox 1235 2384 1318 2436; x_wconf 80' lang='grc' dir='ltr'>ταῦτα</span> <span class='ocrx_word' id='word_1_606' title='bbox 1334 2376 1544 2457; x_wconf 81' lang='grc' dir='ltr'>ἐπιλογιζόμενος</span> <span class='ocrx_word' id='word_1_607' title='bbox 1559 2380 1606 2436; x_wconf 89' lang='grc' dir='ltr'>οὐκ</span> <span class='ocrx_word' id='word_1_608' title='bbox 1619 2377 1663 2435; x_wconf 83' lang='grc' dir='ltr'>ἐπί</span> <span class='ocrx_word' id='word_1_609' title='bbox 1674 2377 1722 2443; x_wconf 87' lang='grc' dir='ltr'>τδις</span> <span class='ocrx_word' id='word_1_610' title='bbox 1733 2379 1795 2434; x_wconf 88' lang='grc' dir='ltr'>δια-</span> 
     </span>
     <span class='ocr_line' id='line_1_76' title="bbox 1010 2464 1797 2546; baseline 0 -23"><span class='ocrx_word' id='word_1_611' title='bbox 1010 2465 1098 2531; x_wconf 87' lang='grc' dir='ltr'>θέσιας</span> <span class='ocrx_word' id='word_1_612' title='bbox 1112 2464 1267 2546; x_wconf 79' lang='grc' dir='ltr'>ιἰμροτέρων</span> <span class='ocrx_word' id='word_1_613' title='bbox 1281 2468 1333 2523; x_wconf 84' lang='grc' dir='ltr'>τῶν</span> <span class='ocrx_word' id='word_1_614' title='bbox 1346 2464 1442 2543; x_wconf 83' lang='grc' dir='ltr'>ἠθέων,</span> <span class='ocrx_word' id='word_1_615' title='bbox 1457 2469 1513 2532; x_wconf 87' lang='grc' dir='ltr'>πῶς</span> <span class='ocrx_word' id='word_1_616' title='bbox 1526 2466 1613 2544; x_wconf 86' lang='grc' dir='ltr'>ἔχοντι</span> <span class='ocrx_word' id='word_1_617' title='bbox 1625 2464 1724 2531; x_wconf 83' lang='grc' dir='ltr'>εὐνοίας</span> <span class='ocrx_word' id='word_1_618' title='bbox 1737 2467 1797 2523; x_wconf 84' lang='grc' dir='ltr'>ποτ’</span> 
     </span>
     <span class='ocr_line' id='line_1_77' title="bbox 1011 2553 1794 2634; baseline -0.001 -23"><span class='ocrx_word' id='word_1_619' title='bbox 1011 2553 1203 2619; x_wconf 54' lang='grc' dir='ltr'>ἀλλάλωςθτοί</span> <span class='ocrx_word' id='word_1_620' title='bbox 1218 2554 1354 2631; x_wconf 83' lang='grc' dir='ltr'>συγγενέες</span> <span class='ocrx_word' id='word_1_621' title='bbox 1368 2554 1413 2613; x_wconf 84' lang='grc' dir='ltr'>καί</span> <span class='ocrx_word' id='word_1_622' title='bbox 1432 2554 1473 2612; x_wconf 83' lang='grc' dir='ltr'>τοί</span> <span class='ocrx_word' id='word_1_623' title='bbox 1491 2555 1649 2634; x_wconf 83' lang='grc' dir='ltr'>ὑμαίδελροι,</span> <span class='ocrx_word' id='word_1_624' title='bbox 1673 2556 1734 2612; x_wconf 79' lang='grc' dir='ltr'>ἀλλ’</span> <span class='ocrx_word' id='word_1_625' title='bbox 1753 2557 1794 2613; x_wconf 86' lang='grc' dir='ltr'>ἐπ’</span> 
     </span>
     <span class='ocr_line' id='line_1_78' title="bbox 1011 2642 1445 2721; baseline -0.002 -22"><span class='ocrx_word' id='word_1_626' title='bbox 1011 2642 1093 2702; x_wconf 88' lang='grc' dir='ltr'>αὐτδιν</span> <span class='ocrx_word' id='word_1_627' title='bbox 1109 2642 1156 2700; x_wconf 81' lang='grc' dir='ltr'>τδν</span> <span class='ocrx_word' id='word_1_628' title='bbox 1171 2650 1218 2707; x_wconf 72' lang='grc' dir='ltr'>τᾶς</span> <span class='ocrx_word' id='word_1_629' title='bbox 1228 2642 1318 2721; x_wconf 82' lang='grc' dir='ltr'>ιρὺσιος</span> <span class='ocrx_word' id='word_1_630' title='bbox 1332 2642 1445 2704; x_wconf 81' lang='grc' dir='ltr'>εὔνοιαν,</span> 
     </span>
    </p>

    <p class='ocr_par' dir='ltr' id='par_1_17' title="bbox 1010 2730 1848 3162">
     <span class='ocr_line' id='line_1_79' title="bbox 1050 2730 1794 2808; baseline 0 -21"><span class='ocrx_word' id='word_1_631' title='bbox 1050 2730 1237 2808; x_wconf 82' lang='lat' dir='ltr'>(Simplicius</span> <span class='ocrx_word' id='word_1_632' title='bbox 1251 2733 1288 2789; x_wconf 90' lang='lat' dir='ltr'>ad</span> <span class='ocrx_word' id='word_1_633' title='bbox 1301 2732 1424 2791; x_wconf 75' lang='lat' dir='ltr'>Ariston.</span> <span class='ocrx_word' id='word_1_634' title='bbox 1440 2730 1539 2806; x_wconf 85' lang='lat' dir='ltr'>Categ.</span> <span class='ocrx_word' id='word_1_635' title='bbox 1556 2732 1575 2791; x_wconf 86' lang='lat' dir='ltr'>l.</span> <span class='ocrx_word' id='word_1_636' title='bbox 1592 2733 1629 2803; x_wconf 82' lang='lat'>67</span> <span class='ocrx_word' id='word_1_637' title='bbox 1645 2750 1673 2802; x_wconf 92' lang='lat' dir='ltr'>a,</span> <span class='ocrx_word' id='word_1_638' title='bbox 1690 2749 1726 2787; x_wconf 87' lang='lat' dir='ltr'>ex</span> <span class='ocrx_word' id='word_1_639' title='bbox 1740 2735 1794 2787; x_wconf 83' lang='lat' dir='ltr'>Ar-</span> 
     </span>
     <span class='ocr_line' id='line_1_80' title="bbox 1010 2816 1793 2897; baseline 0.001 -22"><span class='ocrx_word' id='word_1_640' title='bbox 1010 2818 1103 2896; x_wconf 82' lang='lat' dir='ltr'>chytae</span> <span class='ocrx_word' id='word_1_641' title='bbox 1117 2818 1196 2876; x_wconf 89' lang='lat' dir='ltr'>libro</span> <span class='ocrx_word' id='word_1_642' title='bbox 1207 2818 1324 2895; x_wconf 80' lang='grc' dir='ltr'>περὶτοῦ</span> <span class='ocrx_word' id='word_1_643' title='bbox 1338 2818 1447 2885; x_wconf 88' lang='grc' dir='ltr'>παντός.</span> <span class='ocrx_word' id='word_1_644' title='bbox 1460 2818 1572 2897; x_wconf 84' lang='lat' dir='ltr'>Scripsi</span> <span class='ocrx_word' id='word_1_645' title='bbox 1588 2820 1696 2894; x_wconf 65' lang='lat' dir='ltr'>:idxrx3</span> <span class='ocrx_word' id='word_1_646' title='bbox 1708 2816 1793 2876; x_wconf 90' lang='lat' dir='ltr'><strong>codd.</strong></span> 
     </span>
     <span class='ocr_line' id='line_1_81' title="bbox 1010 2900 1848 2987; baseline -0.004 -19"><span class='ocrx_word' id='word_1_647' title='bbox 1010 2911 1091 2968; x_wconf 84' lang='grc' dir='ltr'>ἐστιν.</span> <span class='ocrx_word' id='word_1_648' title='bbox 1103 2940 1145 2953; x_wconf 91' lang='grc'>-</span> <span class='ocrx_word' id='word_1_649' title='bbox 1157 2904 1174 2963; x_wconf 58' lang='lat' dir='ltr'>b„</span> <span class='ocrx_word' id='word_1_650' title='bbox 1185 2906 1230 2967; x_wconf 87' lang='grc' dir='ltr'>καὶ</span> <span class='ocrx_word' id='word_1_651' title='bbox 1243 2900 1322 2980; x_wconf 73' lang='grc' dir='ltr'>ἧττον</span> <span class='ocrx_word' id='word_1_652' title='bbox 1337 2900 1356 2987; x_wconf 74' lang='grc' dir='ltr'><strong>ᾖ</strong></span> <span class='ocrx_word' id='word_1_653' title='bbox 1369 2917 1462 2986; x_wconf 66' lang='grc' dir='ltr'>μεῖον;</span> <span class='ocrx_word' id='word_1_654' title='bbox 1484 2908 1570 2967; x_wconf 89' lang='lat' dir='ltr'><strong>codd.</strong></span> <span class='ocrx_word' id='word_1_655' title='bbox 1591 2906 1636 2966; x_wconf 83' lang='grc' dir='ltr'>καὶ</span> <span class='ocrx_word' id='word_1_656' title='bbox 1650 2910 1734 2981; x_wconf 84' lang='grc' dir='ltr'>μεῖον.</span> <span class='ocrx_word' id='word_1_657' title='bbox 1755 2938 1796 2950; x_wconf 96' lang='grc'>-</span> <span class='ocrx_word' id='word_1_658' title='bbox 1842 2931 1848 2945; x_wconf 93' lang='grc'><em>·</em></span> 
     </span>
     <span class='ocr_line' id='line_1_82' title="bbox 1010 2993 1795 3073; baseline 0.001 -21"><span class='ocrx_word' id='word_1_659' title='bbox 1010 2997 1086 3052; x_wconf 59' lang='grc' dir='ltr'>(τῶν</span> <span class='ocrx_word' id='word_1_660' title='bbox 1101 2996 1160 3054; x_wconf 87' lang='grc' dir='ltr'>ποτ’</span> <span class='ocrx_word' id='word_1_661' title='bbox 1181 2996 1283 3067; x_wconf 77' lang='grc' dir='ltr'>ἅλλωςς</span> <span class='ocrx_word' id='word_1_662' title='bbox 1303 2997 1370 3057; x_wconf 89' lang='lat' dir='ltr'>cod.</span> <span class='ocrx_word' id='word_1_663' title='bbox 1384 3000 1437 3065; x_wconf 85' lang='grc' dir='ltr'>τῶν</span> <span class='ocrx_word' id='word_1_664' title='bbox 1452 2995 1549 3062; x_wconf 80' lang='grc' dir='ltr'>ἄλλως.</span> <span class='ocrx_word' id='word_1_665' title='bbox 1565 2996 1629 3041; x_wconf 80' lang='lat'>-‘¹</span> <span class='ocrx_word' id='word_1_666' title='bbox 1643 2998 1713 3073; x_wconf 75' lang='grc' dir='ltr'>ἐντι;</span> <span class='ocrx_word' id='word_1_667' title='bbox 1726 2993 1795 3053; x_wconf 86' lang='lat' dir='ltr'>libri</span> 
     </span>
     <span class='ocr_line' id='line_1_83' title="bbox 1010 3082 1621 3162; baseline 0 -20"><span class='ocrx_word' id='word_1_668' title='bbox 1010 3085 1146 3142; x_wconf 71' lang='lat' dir='ltr'>iere-⁰</span> <span class='ocrx_word' id='word_1_669' title='bbox 1163 3085 1301 3158; x_wconf 75' lang='grc' dir='ltr'>ἐλλᾶλωςς</span> <span class='ocrx_word' id='word_1_670' title='bbox 1317 3088 1493 3144; x_wconf 71' lang='lat' dir='ltr'>membranae</span> <span class='ocrx_word' id='word_1_671' title='bbox 1508 3082 1621 3162; x_wconf 78' lang='grc' dir='ltr'>ἄλλως.)</span> 
     </span>
    </p>

    <p class='ocr_par' dir='ltr' id='par_1_18' title="bbox 1010 3169 1797 3425">
     <span class='ocr_line' id='line_1_84' title="bbox 1053 3169 1795 3252; baseline -0.008 -22"><span class='ocrx_word' id='word_1_672' title='bbox 1053 3191 1088 3233; x_wconf 83' lang='lat'>17.</span> <span class='ocrx_word' id='word_1_673' title='bbox 1113 3172 1360 3252; x_wconf 62' lang='lat' dir='ltr'>linteamenta</span> <span class='ocrx_word' id='word_1_674' title='bbox 1385 3171 1412 3230; x_wconf 83' lang='grc' dir='ltr'>δέ</span> <span class='ocrx_word' id='word_1_675' title='bbox 1437 3170 1513 3231; x_wconf 91' lang='grc' dir='ltr'>κοινοί</span> <span class='ocrx_word' id='word_1_676' title='bbox 1531 3195 1591 3230; x_wconf 92' lang='grc' dir='ltr'>τινα</span> <span class='ocrx_word' id='word_1_677' title='bbox 1619 3169 1795 3249; x_wconf 75' lang='grc' dir='ltr'>συνήρτηται,</span> 
     </span>
     <span class='ocr_line' id='line_1_85' title="bbox 1011 3250 1795 3341; baseline -0.005 -23"><span class='ocrx_word' id='word_1_678' title='bbox 1011 3250 1065 3318; x_wconf 80' lang='grc' dir='ltr'>οἶον</span> <span class='ocrx_word' id='word_1_679' title='bbox 1075 3261 1106 3320; x_wconf 90' lang='grc' dir='ltr'>τό</span> <span class='ocrx_word' id='word_1_680' title='bbox 1120 3284 1148 3320; x_wconf 91' lang='grc' dir='ltr'>τε</span> <span class='ocrx_word' id='word_1_681' title='bbox 1163 3260 1333 3321; x_wconf 87' lang='grc' dir='ltr'>ἐναντιότατα</span> <span class='ocrx_word' id='word_1_682' title='bbox 1349 3263 1516 3341; x_wconf 83' lang='grc' dir='ltr'>ἐπιδέχεσθαι</span> <span class='ocrx_word' id='word_1_683' title='bbox 1530 3259 1575 3319; x_wconf 85' lang='grc' dir='ltr'>καὶ</span> <span class='ocrx_word' id='word_1_684' title='bbox 1594 3259 1728 3340; x_wconf 85' lang='grc' dir='ltr'>στέρησιν·</span> <span class='ocrx_word' id='word_1_685' title='bbox 1747 3257 1795 3315; x_wconf 82' lang='grc' dir='ltr'>καί</span> 
     </span>
     <span class='ocr_line' id='line_1_86' title="bbox 1010 3341 1797 3425; baseline -0.004 -19"><span class='ocrx_word' id='word_1_686' title='bbox 1010 3349 1040 3408; x_wconf 85' lang='grc' dir='ltr'>τδ</span> <span class='ocrx_word' id='word_1_687' title='bbox 1055 3351 1155 3425; x_wconf 74' lang='grc' dir='ltr'>μᾶλλον</span> <span class='ocrx_word' id='word_1_688' title='bbox 1166 3347 1249 3407; x_wconf 82' lang='grc' dir='ltr'>δὲκαὶ</span> <span class='ocrx_word' id='word_1_689' title='bbox 1259 3341 1372 3420; x_wconf 69' lang='grc' dir='ltr'>ἦττονέν</span> <span class='ocrx_word' id='word_1_690' title='bbox 1384 3349 1437 3415; x_wconf 82' lang='grc' dir='ltr'>τοῖς</span> <span class='ocrx_word' id='word_1_691' title='bbox 1449 3348 1555 3408; x_wconf 78' lang='grc' dir='ltr'>πάθεσι.</span> <span class='ocrx_word' id='word_1_692' title='bbox 1569 3346 1644 3406; x_wconf 88' lang='grc' dir='ltr'>Διότι</span> <span class='ocrx_word' id='word_1_693' title='bbox 1657 3346 1707 3425; x_wconf 83' lang='grc' dir='ltr'>γὰρ</span> <span class='ocrx_word' id='word_1_694' title='bbox 1718 3349 1797 3404; x_wconf 84' lang='grc' dir='ltr'>ἀπει-</span> 
     </span>
    </p>
   </div>
   <div class='ocr_carea' id='block_1_7' title="bbox 1009 3642 1858 5293">
    <p class='ocr_par' dir='ltr' id='par_1_19' title="bbox 1009 3642 1795 3970">
     <span class='ocr_line' id='line_1_87' title="bbox 1043 3642 1794 3707; baseline -0.008 -14"><span class='ocrx_word' id='word_1_695' title='bbox 1043 3649 1080 3693; x_wconf 76' lang='lat'>15.</span> <span class='ocrx_word' id='word_1_696' title='bbox 1101 3643 1207 3693; x_wconf 83' lang='lat' dir='ltr'>Primam</span> <span class='ocrx_word' id='word_1_697' title='bbox 1221 3644 1318 3707; x_wconf 90' lang='lat' dir='ltr'>quidem</span> <span class='ocrx_word' id='word_1_698' title='bbox 1339 3642 1499 3692; x_wconf 87' lang='lat' dir='ltr'>substantiam</span> <span class='ocrx_word' id='word_1_699' title='bbox 1520 3654 1572 3691; x_wconf 87' lang='lat' dir='ltr'>esse</span> <span class='ocrx_word' id='word_1_700' title='bbox 1592 3643 1687 3701; x_wconf 84' lang='lat' dir='ltr'>oportet</span> <span class='ocrx_word' id='word_1_701' title='bbox 1699 3644 1725 3688; x_wconf 91' lang='lat' dir='ltr'>et</span> <span class='ocrx_word' id='word_1_702' title='bbox 1738 3652 1794 3701; x_wconf 74' lang='lat' dir='ltr'>quaa</span> 
     </span>
     <span class='ocr_line' id='line_1_88' title="bbox 1009 3727 1793 3793; baseline -0.001 -15"><span class='ocrx_word' id='word_1_703' title='bbox 1009 3731 1054 3793; x_wconf 91' lang='lat' dir='ltr'>ipsi</span> <span class='ocrx_word' id='word_1_704' title='bbox 1077 3731 1191 3793; x_wconf 86' lang='lat' dir='ltr'>adjuncta</span> <span class='ocrx_word' id='word_1_705' title='bbox 1208 3734 1274 3793; x_wconf 85' lang='lat' dir='ltr'>suni,</span> <span class='ocrx_word' id='word_1_706' title='bbox 1287 3735 1360 3793; x_wconf 90' lang='lat' dir='ltr'>alque</span> <span class='ocrx_word' id='word_1_707' title='bbox 1372 3730 1405 3778; x_wconf 92' lang='lat' dir='ltr'>ita</span> <span class='ocrx_word' id='word_1_708' title='bbox 1416 3728 1522 3778; x_wconf 88' lang='lat' dir='ltr'>adalind</span> <span class='ocrx_word' id='word_1_709' title='bbox 1540 3727 1599 3790; x_wconf 88' lang='lat' dir='ltr'>quid</span> <span class='ocrx_word' id='word_1_710' title='bbox 1610 3727 1732 3789; x_wconf 90' lang='lat' dir='ltr'>quandam</span> <span class='ocrx_word' id='word_1_711' title='bbox 1745 3727 1793 3777; x_wconf 87' lang='lat' dir='ltr'>ista</span> 
     </span>
     <span class='ocr_line' id='line_1_89' title="bbox 1010 3814 1795 3881; baseline -0.004 -15"><span class='ocrx_word' id='word_1_712' title='bbox 1010 3818 1097 3867; x_wconf 84' lang='lat' dir='ltr'>babere</span> <span class='ocrx_word' id='word_1_713' title='bbox 1116 3819 1248 3880; x_wconf 89' lang='lat' dir='ltr'>rationem;</span> <span class='ocrx_word' id='word_1_714' title='bbox 1269 3820 1324 3881; x_wconf 87' lang='lat' dir='ltr'>post</span> <span class='ocrx_word' id='word_1_715' title='bbox 1336 3818 1414 3880; x_wconf 83' lang='lat' dir='ltr'>ipsam</span> <span class='ocrx_word' id='word_1_716' title='bbox 1432 3830 1492 3866; x_wconf 87' lang='lat' dir='ltr'>vero</span> <span class='ocrx_word' id='word_1_717' title='bbox 1504 3829 1585 3867; x_wconf 87' lang='lat' dir='ltr'>rerum</span> <span class='ocrx_word' id='word_1_718' title='bbox 1604 3814 1795 3866; x_wconf 88' lang='lat' dir='ltr'>adventiciamm</span> 
     </span>
     <span class='ocr_line' id='line_1_90' title="bbox 1010 3907 1636 3970; baseline 0.002 -14"><span class='ocrx_word' id='word_1_719' title='bbox 1010 3907 1119 3957; x_wconf 80' lang='lat' dir='ltr'>habitum</span> <span class='ocrx_word' id='word_1_720' title='bbox 1127 3914 1151 3957; x_wconf 91' lang='lat' dir='ltr'>el</span> <span class='ocrx_word' id='word_1_721' title='bbox 1163 3909 1352 3960; x_wconf 83' lang='lat' dir='ltr'>convenientiam</span> <span class='ocrx_word' id='word_1_722' title='bbox 1367 3907 1470 3970; x_wconf 87' lang='lat' dir='ltr'>spectari</span> <span class='ocrx_word' id='word_1_723' title='bbox 1486 3919 1583 3957; x_wconf 88' lang='lat' dir='ltr'>necesse</span> <span class='ocrx_word' id='word_1_724' title='bbox 1590 3910 1636 3957; x_wconf 86' lang='lat' dir='ltr'>est.</span> 
     </span>
    </p>

    <p class='ocr_par' dir='ltr' id='par_1_20' title="bbox 1010 3993 1793 4143">
     <span class='ocr_line' id='line_1_91' title="bbox 1043 3993 1793 4058; baseline -0.005 -14"><span class='ocrx_word' id='word_1_725' title='bbox 1043 3999 1081 4046; x_wconf 81' lang='grc'>16.</span> <span class='ocrx_word' id='word_1_726' title='bbox 1102 3996 1200 4045; x_wconf 86' lang='lat' dir='ltr'>Etenim</span> <span class='ocrx_word' id='word_1_727' title='bbox 1214 3995 1325 4058; x_wconf 83' lang='lat' dir='ltr'>qualitati</span> <span class='ocrx_word' id='word_1_728' title='bbox 1344 3995 1390 4043; x_wconf 90' lang='lat' dir='ltr'>laoc</span> <span class='ocrx_word' id='word_1_729' title='bbox 1403 4001 1518 4056; x_wconf 87' lang='lat' dir='ltr'>tauquam</span> <span class='ocrx_word' id='word_1_730' title='bbox 1531 4007 1662 4042; x_wconf 89' lang='lat' dir='ltr'>commune</span> <span class='ocrx_word' id='word_1_731' title='bbox 1679 3993 1793 4043; x_wconf 86' lang='lat' dir='ltr'>tribuen-</span> 
     </span>
     <span class='ocr_line' id='line_1_92' title="bbox 1010 4077 1791 4143; baseline -0.006 -13"><span class='ocrx_word' id='word_1_732' title='bbox 1010 4081 1069 4130; x_wconf 91' lang='lat' dir='ltr'>dum</span> <span class='ocrx_word' id='word_1_733' title='bbox 1086 4083 1136 4140; x_wconf 83' lang='lat' dir='ltr'>est,</span> <span class='ocrx_word' id='word_1_734' title='bbox 1151 4080 1217 4143; x_wconf 93' lang='lat' dir='ltr'>quod</span> <span class='ocrx_word' id='word_1_735' title='bbox 1242 4093 1279 4129; x_wconf 88' lang='lat' dir='ltr'>res</span> <span class='ocrx_word' id='word_1_736' title='bbox 1300 4079 1433 4129; x_wconf 84' lang='lat' dir='ltr'>contrarias</span> <span class='ocrx_word' id='word_1_737' title='bbox 1453 4082 1478 4128; x_wconf 87' lang='lat' dir='ltr'>et</span> <span class='ocrx_word' id='word_1_738' title='bbox 1498 4078 1656 4141; x_wconf 86' lang='lat' dir='ltr'>privationem</span> <span class='ocrx_word' id='word_1_739' title='bbox 1677 4077 1791 4128; x_wconf 86' lang='lat' dir='ltr'>admittit.</span> 
     </span>
    </p>

    <p class='ocr_par' dir='ltr' id='par_1_21' title="bbox 1009 4148 1858 5016">
     <span class='ocr_line' id='line_1_93' title="bbox 1042 4148 1793 4232; baseline -0.007 -13"><span class='ocrx_word' id='word_1_740' title='bbox 1042 4173 1115 4219; x_wconf 83' lang='lat' dir='ltr'>Porro</span> <span class='ocrx_word' id='word_1_741' title='bbox 1127 4169 1193 4232; x_wconf 89' lang='lat' dir='ltr'>qnod</span> <span class='ocrx_word' id='word_1_742' title='bbox 1200 4168 1230 4218; x_wconf 90' lang='lat' dir='ltr'>ad</span> <span class='ocrx_word' id='word_1_743' title='bbox 1237 4168 1302 4218; x_wconf 88' lang='lat' dir='ltr'>aliud</span> <span class='ocrx_word' id='word_1_744' title='bbox 1310 4148 1431 4231; x_wconf 80' lang='lat' dir='ltr'>quandam</span> <span class='ocrx_word' id='word_1_745' title='bbox 1443 4167 1516 4216; x_wconf 86' lang='lat' dir='ltr'>babel</span> <span class='ocrx_word' id='word_1_746' title='bbox 1524 4167 1651 4229; x_wconf 89' lang='lat' dir='ltr'>rationem,</span> <span class='ocrx_word' id='word_1_747' title='bbox 1659 4166 1683 4215; x_wconf 91' lang='lat' dir='ltr'>id</span> <span class='ocrx_word' id='word_1_748' title='bbox 1693 4168 1793 4216; x_wconf 84' lang='lat' dir='ltr'>muten-</span> 
     </span>
     <span class='ocr_line' id='line_1_94' title="bbox 1010 4255 1794 4316; baseline -0.006 -8"><span class='ocrx_word' id='word_1_749' title='bbox 1010 4258 1101 4309; x_wconf 90' lang='lat' dir='ltr'>tionem</span> <span class='ocrx_word' id='word_1_750' title='bbox 1110 4262 1135 4308; x_wconf 91' lang='lat' dir='ltr'>et</span> <span class='ocrx_word' id='word_1_751' title='bbox 1146 4258 1312 4308; x_wconf 86' lang='lat' dir='ltr'>remissionem</span> <span class='ocrx_word' id='word_1_752' title='bbox 1326 4257 1454 4306; x_wconf 86' lang='lat' dir='ltr'>admittit:</span> <span class='ocrx_word' id='word_1_753' title='bbox 1470 4255 1605 4307; x_wconf 87' lang='lat' dir='ltr'>intenditur</span> <span class='ocrx_word' id='word_1_754' title='bbox 1620 4256 1696 4315; x_wconf 90' lang='lat' dir='ltr'>enim,</span> <span class='ocrx_word' id='word_1_755' title='bbox 1708 4256 1794 4316; x_wconf 89' lang='lat' dir='ltr'>quate·</span> 
     </span>
     <span class='ocr_line' id='line_1_95' title="bbox 1011 4344 1794 4410; baseline -0.009 -13"><span class='ocrx_word' id='word_1_756' title='bbox 1011 4361 1056 4397; x_wconf 86' lang='lat' dir='ltr'>uus</span> <span class='ocrx_word' id='word_1_757' title='bbox 1067 4347 1149 4410; x_wconf 90' lang='lat' dir='ltr'>aliquo</span> <span class='ocrx_word' id='word_1_758' title='bbox 1162 4346 1242 4405; x_wconf 81' lang='lat' dir='ltr'>mains</span> <span class='ocrx_word' id='word_1_759' title='bbox 1257 4346 1369 4406; x_wconf 86' lang='lat' dir='ltr'>babetur,</span> <span class='ocrx_word' id='word_1_760' title='bbox 1382 4350 1407 4395; x_wconf 92' lang='lat' dir='ltr'>et</span> <span class='ocrx_word' id='word_1_761' title='bbox 1420 4357 1504 4394; x_wconf 83' lang='lat' dir='ltr'>rursus</span> <span class='ocrx_word' id='word_1_762' title='bbox 1517 4344 1656 4405; x_wconf 88' lang='lat' dir='ltr'>remittitur,</span> <span class='ocrx_word' id='word_1_763' title='bbox 1673 4347 1794 4406; x_wconf 85' lang='lat' dir='ltr'>quatenus</span> 
     </span>
     <span class='ocr_line' id='line_1_96' title="bbox 1011 4431 1858 4503; baseline -0.005 -20"><span class='ocrx_word' id='word_1_764' title='bbox 1011 4436 1090 4485; x_wconf 85' lang='lat' dir='ltr'>miuus</span> <span class='ocrx_word' id='word_1_765' title='bbox 1100 4436 1146 4484; x_wconf 90' lang='lat' dir='ltr'>boc</span> <span class='ocrx_word' id='word_1_766' title='bbox 1158 4435 1242 4485; x_wconf 90' lang='lat' dir='ltr'>eodem</span> <span class='ocrx_word' id='word_1_767' title='bbox 1252 4434 1413 4494; x_wconf 85' lang='lat' dir='ltr'>existimatur,</span> <span class='ocrx_word' id='word_1_768' title='bbox 1425 4433 1470 4483; x_wconf 84' lang='lat' dir='ltr'>etsi</span> <span class='ocrx_word' id='word_1_769' title='bbox 1480 4445 1529 4482; x_wconf 90' lang='lat' dir='ltr'>uon</span> <span class='ocrx_word' id='word_1_770' title='bbox 1540 4431 1627 4482; x_wconf 84' lang='lat' dir='ltr'>eadem</span> <span class='ocrx_word' id='word_1_771' title='bbox 1636 4431 1745 4481; x_wconf 91' lang='lat' dir='ltr'>omnium</span> <span class='ocrx_word' id='word_1_772' title='bbox 1757 4431 1795 4480; x_wconf 79' lang='lat' dir='ltr'>est</span> <span class='ocrx_word' id='word_1_773' title='bbox 1852 4490 1858 4503; x_wconf 88' lang='lat'>.</span> 
     </span>
     <span class='ocr_line' id='line_1_97' title="bbox 1010 4518 1794 4586; baseline -0.006 -13"><span class='ocrx_word' id='word_1_774' title='bbox 1010 4527 1096 4573; x_wconf 88' lang='lat' dir='ltr'>natura</span> <span class='ocrx_word' id='word_1_775' title='bbox 1106 4524 1146 4586; x_wconf 90' lang='lat' dir='ltr'>qni</span> <span class='ocrx_word' id='word_1_776' title='bbox 1156 4523 1208 4572; x_wconf 88' lang='lat' dir='ltr'>aliis</span> <span class='ocrx_word' id='word_1_777' title='bbox 1217 4522 1298 4586; x_wconf 87' lang='lat' dir='ltr'>aliqua</span> <span class='ocrx_word' id='word_1_778' title='bbox 1307 4521 1485 4572; x_wconf 87' lang='lat' dir='ltr'>necessitudine</span> <span class='ocrx_word' id='word_1_779' title='bbox 1498 4521 1727 4581; x_wconf 70' lang='lat' dir='ltr'>immiscendam</span> <span class='ocrx_word' id='word_1_780' title='bbox 1742 4518 1794 4569; x_wconf 87' lang='lat' dir='ltr'>lieri</span> 
     </span>
     <span class='ocr_line' id='line_1_98' title="bbox 1010 4607 1794 4675; baseline -0.008 -13"><span class='ocrx_word' id='word_1_781' title='bbox 1010 4627 1057 4662; x_wconf 89' lang='lat' dir='ltr'>non</span> <span class='ocrx_word' id='word_1_782' title='bbox 1073 4614 1165 4675; x_wconf 82' lang='lat' dir='ltr'>potest,</span> <span class='ocrx_word' id='word_1_783' title='bbox 1178 4617 1206 4660; x_wconf 86' lang='lat' dir='ltr'>ut</span> <span class='ocrx_word' id='word_1_784' title='bbox 1217 4611 1274 4673; x_wconf 87' lang='lat' dir='ltr'>quis</span> <span class='ocrx_word' id='word_1_785' title='bbox 1283 4611 1359 4673; x_wconf 78' lang='lat' dir='ltr'>magis</span> <span class='ocrx_word' id='word_1_786' title='bbox 1371 4610 1482 4660; x_wconf 87' lang='lat' dir='ltr'>minusve</span> <span class='ocrx_word' id='word_1_787' title='bbox 1494 4609 1533 4658; x_wconf 84' lang='lat' dir='ltr'>vel</span> <span class='ocrx_word' id='word_1_788' title='bbox 1549 4615 1615 4672; x_wconf 88' lang='lat' dir='ltr'>pater</span> <span class='ocrx_word' id='word_1_789' title='bbox 1626 4609 1658 4658; x_wconf 92' lang='lat' dir='ltr'>sit</span> <span class='ocrx_word' id='word_1_790' title='bbox 1670 4607 1709 4658; x_wconf 86' lang='lat' dir='ltr'>vel</span> <span class='ocrx_word' id='word_1_791' title='bbox 1721 4608 1794 4657; x_wconf 85' lang='lat' dir='ltr'>irater</span> 
     </span>
     <span class='ocr_line' id='line_1_99' title="bbox 1011 4694 1792 4773; baseline -0.005 -24"><span class='ocrx_word' id='word_1_792' title='bbox 1011 4701 1048 4751; x_wconf 92' lang='lat' dir='ltr'>vel</span> <span class='ocrx_word' id='word_1_793' title='bbox 1063 4694 1134 4750; x_wconf 84' lang='lat' dir='ltr'>salius.</span> <span class='ocrx_word' id='word_1_794' title='bbox 1145 4702 1204 4750; x_wconf 81' lang='lat' dir='ltr'>llaec</span> <span class='ocrx_word' id='word_1_795' title='bbox 1221 4698 1276 4749; x_wconf 91' lang='lat' dir='ltr'>dico</span> <span class='ocrx_word' id='word_1_796' title='bbox 1286 4713 1335 4748; x_wconf 92' lang='lat' dir='ltr'>non</span> <span class='ocrx_word' id='word_1_797' title='bbox 1348 4699 1483 4748; x_wconf 89' lang='lat' dir='ltr'>animomm</span> <span class='ocrx_word' id='word_1_798' title='bbox 1494 4735 1502 4773; x_wconf 83' lang='lat'>,</span> <span class='ocrx_word' id='word_1_799' title='bbox 1515 4711 1571 4760; x_wconf 83' lang='lat' dir='ltr'>quae</span> <span class='ocrx_word' id='word_1_800' title='bbox 1585 4699 1609 4746; x_wconf 90' lang='lat' dir='ltr'>ln</span> <span class='ocrx_word' id='word_1_801' title='bbox 1626 4697 1734 4758; x_wconf 88' lang='lat' dir='ltr'>utrisque</span> <span class='ocrx_word' id='word_1_802' title='bbox 1747 4697 1792 4756; x_wconf 76' lang='lat' dir='ltr'>est,</span> 
     </span>
     <span class='ocr_line' id='line_1_100' title="bbox 1009 4783 1794 4848; baseline -0.003 -10"><span class='ocrx_word' id='word_1_803' title='bbox 1009 4789 1160 4838; x_wconf 84' lang='lat' dir='ltr'>allectionem</span> <span class='ocrx_word' id='word_1_804' title='bbox 1171 4789 1196 4838; x_wconf 89' lang='lat' dir='ltr'>et</span> <span class='ocrx_word' id='word_1_805' title='bbox 1207 4789 1316 4837; x_wconf 88' lang='lat' dir='ltr'>mutuam</span> <span class='ocrx_word' id='word_1_806' title='bbox 1327 4787 1393 4836; x_wconf 91' lang='lat' dir='ltr'>iliam</span> <span class='ocrx_word' id='word_1_807' title='bbox 1403 4789 1559 4848; x_wconf 80' lang='lat' dir='ltr'>cognatorum</span> <span class='ocrx_word' id='word_1_808' title='bbox 1570 4799 1599 4836; x_wconf 89' lang='lat' dir='ltr'>ae</span> <span class='ocrx_word' id='word_1_809' title='bbox 1610 4786 1712 4835; x_wconf 77' lang='lat' dir='ltr'>fratrum</span> <span class='ocrx_word' id='word_1_810' title='bbox 1722 4783 1794 4836; x_wconf 86' lang='lat' dir='ltr'>bene·</span> 
     </span>
     <span class='ocr_line' id='line_1_101' title="bbox 1009 4873 1792 4939; baseline -0.008 -13"><span class='ocrx_word' id='word_1_811' title='bbox 1009 4878 1153 4939; x_wconf 89' lang='lat' dir='ltr'>volentiam,</span> <span class='ocrx_word' id='word_1_812' title='bbox 1163 4876 1204 4926; x_wconf 91' lang='lat' dir='ltr'>sed</span> <span class='ocrx_word' id='word_1_813' title='bbox 1215 4877 1295 4937; x_wconf 89' lang='lat' dir='ltr'>ipsum</span> <span class='ocrx_word' id='word_1_814' title='bbox 1309 4888 1358 4936; x_wconf 91' lang='lat' dir='ltr'>quo</span> <span class='ocrx_word' id='word_1_815' title='bbox 1373 4874 1459 4924; x_wconf 87' lang='lat' dir='ltr'>imbuti</span> <span class='ocrx_word' id='word_1_816' title='bbox 1471 4876 1530 4924; x_wconf 88' lang='lat' dir='ltr'>sunt</span> <span class='ocrx_word' id='word_1_817' title='bbox 1547 4873 1680 4923; x_wconf 86' lang='lat' dir='ltr'>naturalem</span> <span class='ocrx_word' id='word_1_818' title='bbox 1692 4884 1792 4921; x_wconf 85' lang='lat' dir='ltr'>suornm</span> 
     </span>
     <span class='ocr_line' id='line_1_102' title="bbox 1010 4964 1242 5016; baseline -0.017 -1"><span class='ocrx_word' id='word_1_819' title='bbox 1010 4966 1117 5016; x_wconf 84' lang='lat' dir='ltr'>levorem</span> <span class='ocrx_word' id='word_1_820' title='bbox 1131 4964 1242 5014; x_wconf 87' lang='lat' dir='ltr'>intuitus.</span> 
     </span>
    </p>

    <p class='ocr_par' dir='ltr' id='par_1_22' title="bbox 1010 5045 1793 5293">
     <span class='ocr_line' id='line_1_103' title="bbox 1042 5045 1792 5115; baseline -0.005 -12"><span class='ocrx_word' id='word_1_821' title='bbox 1042 5058 1080 5104; x_wconf 87' lang='grc'>17.</span> <span class='ocrx_word' id='word_1_822' title='bbox 1093 5057 1184 5103; x_wconf 82' lang='lat' dir='ltr'>verum</span> <span class='ocrx_word' id='word_1_823' title='bbox 1195 5052 1305 5115; x_wconf 82' lang='lat' dir='ltr'>qualitati</span> <span class='ocrx_word' id='word_1_824' title='bbox 1321 5052 1393 5102; x_wconf 88' lang='lat' dir='ltr'>etiarn</span> <span class='ocrx_word' id='word_1_825' title='bbox 1415 5049 1554 5101; x_wconf 86' lang='lat' dir='ltr'>communia</span> <span class='ocrx_word' id='word_1_826' title='bbox 1569 5048 1680 5112; x_wconf 79' lang='lat' dir='ltr'>quaedam</span> <span class='ocrx_word' id='word_1_827' title='bbox 1696 5045 1792 5110; x_wconf 85' lang='lat' dir='ltr'>insunt,</span> 
     </span>
     <span class='ocr_line' id='line_1_104' title="bbox 1011 5137 1793 5204; baseline -0.004 -14"><span class='ocrx_word' id='word_1_828' title='bbox 1011 5143 1077 5192; x_wconf 88' lang='lat' dir='ltr'>velut</span> <span class='ocrx_word' id='word_1_829' title='bbox 1091 5142 1150 5192; x_wconf 91' lang='lat' dir='ltr'>iliud</span> <span class='ocrx_word' id='word_1_830' title='bbox 1169 5141 1236 5204; x_wconf 92' lang='lat' dir='ltr'>quod</span> <span class='ocrx_word' id='word_1_831' title='bbox 1249 5154 1286 5191; x_wconf 79' lang='lat' dir='ltr'>rex</span> <span class='ocrx_word' id='word_1_832' title='bbox 1300 5139 1432 5190; x_wconf 83' lang='lat' dir='ltr'>contrarias</span> <span class='ocrx_word' id='word_1_833' title='bbox 1448 5140 1473 5189; x_wconf 87' lang='lat' dir='ltr'>et</span> <span class='ocrx_word' id='word_1_834' title='bbox 1484 5138 1654 5202; x_wconf 77' lang='lat' dir='ltr'>privationem,</span> <span class='ocrx_word' id='word_1_835' title='bbox 1675 5137 1733 5188; x_wconf 89' lang='lat' dir='ltr'>item</span> <span class='ocrx_word' id='word_1_836' title='bbox 1746 5138 1793 5187; x_wconf 88' lang='lat' dir='ltr'>boc</span> 
     </span>
     <span class='ocr_line' id='line_1_105' title="bbox 1010 5227 1792 5293; baseline -0.005 -15"><span class='ocrx_word' id='word_1_837' title='bbox 1010 5231 1074 5293; x_wconf 87' lang='lat' dir='ltr'>quod</span> <span class='ocrx_word' id='word_1_838' title='bbox 1087 5231 1195 5281; x_wconf 88' lang='lat' dir='ltr'>altiorem</span> <span class='ocrx_word' id='word_1_839' title='bbox 1210 5233 1234 5280; x_wconf 91' lang='lat' dir='ltr'>et</span> <span class='ocrx_word' id='word_1_840' title='bbox 1249 5229 1385 5280; x_wconf 87' lang='lat' dir='ltr'>interiorem</span> <span class='ocrx_word' id='word_1_841' title='bbox 1397 5229 1499 5292; x_wconf 83' lang='lat' dir='ltr'>gradum</span> <span class='ocrx_word' id='word_1_842' title='bbox 1513 5227 1617 5278; x_wconf 88' lang='lat' dir='ltr'>inanimi</span> <span class='ocrx_word' id='word_1_843' title='bbox 1627 5227 1792 5290; x_wconf 83' lang='lat' dir='ltr'>perturbatio-</span> 
     </span>
    </p>
   </div>
   <div class='ocr_carea' id='block_1_8' title="bbox 0 0 1984 5925">
    <p class='ocr_par' dir='ltr' id='par_1_23' title="bbox 0 0 1984 5925">
     <span class='ocr_line' id='line_1_106' title="bbox 0 0 1984 5925; baseline 0 1"><span class='ocrx_word' id='word_1_844' title='bbox 0 0 1984 5925; x_wconf 95' lang='lat' dir='ltr'> </span> 
     </span>
    </p>
   </div>
  </div>
 </body>
</html>
