3959 5925
215 406 270 458 rso
914 369 1115 451 omicron

212 529 297 590 sitem,
314 527 358 576 soti
372 525 459 574 mentis
475 521 615 581 intentioni,
625 518 890 582 animadversionique,
900 521 991 583 perspi·
1070 519 1084 584 §
1101 525 1139 570 27.
1157 523 1216 570 Haec
1232 520 1268 570 est
1285 533 1347 570 meae
1361 519 1458 584 quidem
1472 523 1598 572 sententies
1611 537 1694 574 mens:
1709 539 1778 590 esse,
1796 533 1820 580 ei

213 629 307 666 cuam·
331 618 404 664 Porro
419 609 483 673 quod
495 609 526 658 ab
540 610 587 659 troc
599 607 732 658 secundum
744 610 789 670 est,
804 606 923 668 nativum,
936 621 993 658 sen-
1039 611 1094 659 ante
1106 608 1188 658 mundi
1198 621 1296 672 quoque
1307 608 1403 658 sensitis
1412 611 1593 660 exornationem
1604 611 1688 674 inisse,
1698 615 1744 664 trin
1753 616 1819 680 haec;

211 704 292 764 sibile,
303 699 470 761 sustentabile,
485 697 621 748 consistens
637 696 717 758 atiquo
730 696 755 744 in
776 696 843 757 ioco,
856 698 880 746 et
894 709 991 746 rursum
1037 699 1163 758 exsistens,
1174 697 1264 759 iocum,
1274 697 1459 759 generationem.
1492 699 1836 763 Igiturgenerationisnutri·'

213 806 268 844 cnm
286 788 452 839 immutatione
464 793 488 837 et
500 787 597 836 interim
614 785 728 837 recedens
746 805 752 835 ι
768 786 887 847 sensibus,
902 789 926 836 et
937 787 990 849 opi·
1039 787 1118 837 cniern
1131 785 1293 835 humectntsm
1308 785 1394 848 modo,
1405 784 1476 835 modo
1489 785 1602 872 ignitemq
1618 790 1737 853 ternosque
1750 791 1821 856 item,

213 883 299 942 sione,
312 878 468 929 noscendum.
499 876 608 927 Tertium
620 888 697 938 genus
714 877 752 924 est
766 874 822 936 toci,
833 876 898 938 quod
912 889 944 926 ne
961 877 992 926 nd
1037 880 1061 927 et
1087 877 1162 938 seris,
1188 876 1276 926 tonnas
1298 876 1479 938 suscipientem
1500 879 1646 941 ceterasque
1667 879 1821 944 pedissequus

213 968 336 1019 inreritum
351 966 447 1028 quidem
459 965 572 1028 pertinet,
585 963 667 1014 sedern
683 976 755 1026 porro
770 961 862 1025 prebet
878 963 919 1024 iis,
937 977 992 1026 quse
1039 963 1159 1026 passiones
1178 964 1364 1027 perpetientem,
1383 964 1521 1013 omniiormi
1541 965 1594 1014 visu
1615 965 1701 1016 videri.
1748 971 1821 1027 Quod

214 1057 356 1117 generentur
368 1075 374 1104 :
385 1053 426 1103 sed
439 1053 518 1116 ipsum
530 1052 581 1102 sine
591 1064 663 1101 sensu
675 1052 793 1113 tangentis
802 1051 916 1113 tangitur,
926 1051 993 1100 adni-
1040 1056 1121 1102 tamen
1133 1052 1243 1114 privatim
1258 1064 1336 1114 neque
1351 1051 1471 1102 similibus
1482 1051 1588 1115 viribus,
1602 1066 1681 1115 neque
1689 1061 1822 1119 exrequstis

214 1141 411 1205 terinnqusdam
434 1141 526 1191 ratione
545 1139 673 1202 opinabile.
706 1139 828 1201 Denique,
852 1151 908 1187 curn
928 1139 992 1188 idem
1040 1142 1166 1203 potentiis,
1177 1141 1319 1202 instruetur,
1332 1139 1390 1188 nihii
1405 1152 1457 1189 esse
1470 1139 1522 1201 eins
1535 1141 1642 1203 requeis,
1659 1143 1701 1192 sed
1716 1145 1821 1208 undique

215 1233 296 1281 animo
314 1228 444 1288 intuemur,
466 1228 569 1291 patimur
588 1225 653 1288 quod
675 1225 834 1275 somniantes.
874 1228 993 1275 Putemus
1039 1231 1228 1290 vergentem,et
1237 1227 1263 1276 in
1272 1228 1439 1289 pronurn,vei
1449 1227 1576 1290 absonum,
1590 1229 1819 1292 prrepondersntem.
1891 1271 1895 1278 .

214 1316 279 1368 enim
287 1320 385 1365 necesse
396 1326 465 1373 esse,
479 1315 506 1362 ut
517 1326 602 1375 omne,
617 1312 681 1377 quod
692 1319 743 1375 est,
759 1313 785 1362 in
800 1313 880 1376 niiqno
898 1316 929 1362 sit
941 1315 994 1363 ioco
1039 1316 1127 1378 Agitari
1138 1315 1235 1378 quidem
1248 1315 1355 1365 meteriis
1366 1315 1525 1377 agitantibus,
1537 1316 1688 1381 invicemque
1700 1320 1822 1383 recipmoo

215 1403 328 1464 positum,
337 1401 505 1463 regionemque
513 1401 619 1450 obtineat
629 1401 711 1450 uitem,
745 1403 831 1460 Porro,
841 1401 905 1461 qnod
916 1414 994 1464 neque
1039 1400 1268 1464 impilssui’isswer
1281 1403 1353 1462 ”¹1⁰⁰
1366 1403 1462 1463 ”Simu
1476 1403 1600 1454 ’θ’ίθίίθῧ·
1636 1408 1671 1455 ¹3¹
1687 1420 1735 1469 ‘1¹¹⁰
1748 1408 1821 1460 “⁰⁰¹⁰

214 1491 238 1540 in
250 1493 328 1551 terre,
342 1502 420 1552 neque
430 1489 455 1538 in
468 1490 528 1538 coeio
544 1489 592 1550 sit,
604 1488 703 1537 minime
716 1488 841 1538 exsistere.
874 1488 993 1552 obquam
1038 1489 1146 1537 turbatas
1169 1488 1281 1536 materies
1298 1488 1322 1536 in
1342 1487 1436 1536 diverse
1457 1490 1561 1551 raptari,
1575 1491 1724 1555 discernique
1741 1507 1756 1542 a
1772 1509 1798 1546 se
1814 1510 1821 1544 :

215 1579 421 1643 depravationem,
443 1578 548 1639 itemqu,
563 1577 621 1626 ,μω
636 1577 838 1638 mmmmm,
851 1589 895 1626 ,κο
914 1577 940 1626 η,
958 1591 993 1627 fe.
1040 1574 1151 1637 perinde,
1167 1578 1195 1624 ut
1214 1588 1269 1636 qnos
1280 1575 1304 1623 in
1318 1574 1428 1625 frumenti
1450 1577 1591 1638 purgatione
1610 1580 1713 1641 pistoriis
1730 1582 1821 1634 instru-

216 1670 340 1731 putatione
351 1668 464 1731 quidem,
477 1672 501 1714 ει
513 1665 715 1727 consideratione,
730 1677 787 1714 vere
798 1665 937 1715 exsistentis
952 1679 993 1714 ve·
1040 1663 1126 1713 mentis
1148 1667 1231 1724 motu,
1248 1667 1272 1712 et
1291 1662 1445 1724 excussione,
1466 1663 1569 1713 discerni
1588 1665 1697 1717 videmus
1714 1683 1721 1718 ι
1741 1671 1822 1732 gravis

215 1769 289 1818 reque
304 1755 424 1819 percipitis
444 1755 537 1803 naturoe
555 1755 635 1802 mente
654 1752 822 1814 consistimus,
837 1754 935 1815 propter
950 1753 995 1801 Ιιιι-
1039 1749 1180 1813 quidem,et
1192 1750 1278 1811 sotios,
1290 1750 1510 1811 deorsum;tenuis
1521 1763 1587 1814 vero,
1600 1755 1624 1802 et
1635 1753 1822 1824 ievis‚ineiium

213 1844 319 1905 Jugmoffi
338 1841 444 1903 somniu3
458 1854 515 1890 eum
533 1854 564 1891 ne
579 1840 701 1902 imaginari
716 1840 813 1902 quidem
829 1839 902 1888 uitam
923 1840 995 1902 hujus
1039 1839 1140 1900 partem.
1155 1837 1194 1888 Sic
1202 1837 1242 1887 itis
1252 1839 1356 1900 quatuor
1365 1837 1438 1887 vetuti
1446 1839 1471 1886 in
1479 1839 1569 1902 Euripo
1581 1839 1712 1892 fluctuante
1720 1844 1820 1905 jactari:

215 1931 313 1980 tubricoe
325 1930 438 1993 speciem,
451 1930 610 1991 iorrnsmqne,
619 1929 752 1977 entecnius.
770 1926 894 1987 Proprium
905 1927 995 1990 qnippe
1039 1925 1079 1974 vei
1090 1925 1200 1975 machina
1213 1924 1317 1988 quedem
1334 1926 1395 1975 tuctu
1409 1925 1439 1974 od
1455 1933 1534 1976 motus
1550 1928 1648 1979 ciendos
1662 1930 1822 1982 dissimiliims

216 2107 290 2155 mium
308 2106 359 2166 ejus
376 2105 533 2156 conversione
552 2105 582 2153 sd
596 2105 660 2154 atiud
681 2117 710 2154 ex
725 2104 771 2152 atio
791 2104 876 2152 tonnae
898 2103 995 2152 transii·
1040 2100 1129 2150 socinta
1140 2113 1292 2162 nequequam
1304 2100 1421 2164 disparari
1436 2121 1441 2151 ι
1457 2105 1628 2166 proptereaque
1641 2106 1737 2155 sedibus
1749 2107 1823 2158 tuisse

214 2196 336 2255 gerentur.
369 2192 485 2254 Idemque
500 2192 544 2241 troc
556 2191 617 2239 inter
626 2190 725 2240 sitersm
735 2188 849 2252 utquam,
859 2190 884 2238 et
894 2189 994 2251 nuliam,
1041 2187 1127 2249 diviso,
1137 2190 1192 2238 ente
1203 2187 1287 2237 mundi
1297 2188 1387 2238 scilicet
1398 2191 1585 2242 exornationem.
1618 2196 1649 2242 At
1661 2197 1717 2242 tunc
1725 2195 1822 2256 quidem

215 2281 375 2331 substantium
388 2281 493 2342 positum
509 2279 726 2340 invenimusque
740 2278 830 2327 nuliam
847 2276 933 2340 habet,
951 2291 996 2327 nec
1040 2279 1091 2340 ¹ersi
1106 2277 1242 2340 hujusmodi
1257 2279 1354 2328 rationis
1367 2291 1454 2342 expers
1465 2293 1546 2330 rerum
1556 2282 1689 2332 inordinata
1702 2284 1821 2334 contusio.

214 2371 362 2422 tomenniiiii
372 2374 417 2420 est.
450 2372 481 2419 m
490 2369 553 2420 enim
565 2381 621 2418 rere
630 2368 796 2418 exsistentium
805 2381 885 2418 rerum
895 2370 996 2422 assertio
1040 2365 1087 2415 Sed
1100 2365 1140 2414 ubi
1160 2372 1247 2415 cuncis
1263 2365 1337 2428 redigi
1353 2366 1383 2415 od
1401 2367 1500 2416 modurn
1516 2367 1617 2432 pisouit;
1636 2371 1714 2434 ignem
1728 2371 1822 2434 primo,

217 2458 343 2521 perspicua
362 2457 460 2507 rationis
480 2457 533 2506 tuce
550 2457 667 2518 tirmntur,
680 2455 810 2506 dicendum
832 2455 929 2517 quidem
948 2456 996 2505 troc
1040 2456 1143 2514 terrem,
1157 2455 1182 2503 et
1192 2466 1262 2515 aero,
1275 2456 1346 2516 etque
1356 2468 1459 2516 squam,
1470 2456 1624 2508 concinnavit
1640 2460 1721 2522 opiiex
1737 2464 1821 2510 Deus:

213 2547 259 2598 erit
273 2546 351 2606 siiud,
365 2546 469 2607 itemque
482 2543 540 2593 iiiud
562 2543 642 2605 etiud3
655 2545 768 2594 neutrum
788 2542 813 2593 in
831 2543 907 2592 attero
925 2555 996 2605 posse
1041 2555 1089 2592 non
1102 2542 1160 2592 tuiis
1174 2544 1201 2592 ut
1213 2555 1277 2592 nnnc
1289 2547 1359 2603 sunt,
1372 2543 1414 2593 sed
1429 2557 1484 2606 qurs
1500 2545 1640 2606 praeterient
1652 2547 1823 2599 elementorum

215 2632 344 2681 consistere
357 2651 363 2680 z
376 2644 419 2679 nec
434 2629 505 2678 simui
521 2629 584 2679 idem
602 2643 677 2679 unum
692 2632 715 2680 et
727 2628 777 2679 duo
792 2629 852 2680 tieri.
1042 2630 1156 2690 vestigia,
1168 2631 1191 2678 in
1207 2643 1237 2679 eo
1253 2629 1416 2692 squsiorc,uc
1427 2630 1591 2694 deformitate,
1602 2646 1657 2695 qurc
1686 2639 1783 2698 apparet
1800 2635 1823 2684 in

216 2835 243 2894 δὲ
266 2834 404 2914 ὁμώνυμον
430 2833 517 2909 ὅμοιόν
543 2857 572 2892 τε
597 2834 687 2913 ἐκείνῳ
711 2833 839 2915 δεύτερον,
861 2835 994 2909 αἰσθητόν,
1044 2835 1177 2910 δυνοίμεων
1204 2833 1267 2910 μιότζ
1290 2834 1436 2916 ἰσοῤῥόπων
1464 2834 1647 2913 ἐμπίπλασθαι
1674 2838 1732 2898 κατ’
1753 2840 1825 2898 οὐδὲν

215 2924 347 3003 γεννητόν,
355 2923 533 3005 πεφορημένον
546 2921 600 2995 ἀεί,
613 2921 763 3004 γιγνόμενόν
776 2945 805 2981 τε
819 2921 846 2981 ἔν
859 2947 910 2983 τινι
924 2924 996 3004 τόπῳ
1043 2925 1121 2994 αὐτῆς
1144 2924 1301 3003 ἶσοῤῥοπεῖν,
1324 2925 1386 2982 ἀλλἸ
1399 2923 1545 2999 ἀνωμάλως
1569 2923 1656 3005 πάντῃ
1681 2928 1826 2985 ταλαντου-

215 3012 261 3072 καί
281 3012 361 3070 πόλιν
380 3013 476 3069 ἐκεῖθεν
498 3009 689 3086 ἀπολλύμενον,
706 3010 765 3086 δόξη
783 3014 840 3087 μετ’
852 3013 997 3082 αἰσθήσεως
1043 3009 1124 3084 μένην
1147 3009 1262 3068 σείεσθαι
1277 3010 1325 3088 μὲν
1348 3010 1390 3068 ὑπ’
1406 3011 1512 3071 ἐκείνων
1532 3012 1623 3086 αὐτήν,
1638 3014 1791 3093 κινουμένην
1804 3013 1826 3071 δ’

215 3099 385 3180 περιληπτόν·
399 3097 484 3179 τρίτον
498 3096 525 3155 δὲ
540 3088 574 3155 αθ
588 3098 659 3175 γένος
672 3098 700 3156 δν
716 3098 745 3157 τὸ
766 3104 812 3170 τῆς
834 3098 923 3179 χώρας
938 3100 995 3172 ἀεί,
1042 3089 1075 3155 αθ
1091 3098 1170 3155 πόλιν
1186 3100 1272 3156 ἐκεῖνα
1286 3098 1375 3156 σείειν·
1390 3097 1424 3157 τά
1441 3100 1469 3158 δὲ
1484 3099 1625 3177 κινούμενα
1641 3102 1710 3161 ἄλλα
1733 3102 1826 3160 ἄλλοσε

216 3186 312 3269 ῳθοράν
327 3190 356 3246 οὔ
372 3184 590 3265 προσδεχόμενον,
602 3186 680 3264 ἕδραν
695 3187 722 3246 δὲ
738 3186 856 3267 παρέχον
870 3187 919 3247 ὅσα
941 3188 997 3268 ἔχει
1043 3184 1083 3243 ἀεί
1102 3185 1225 3265 φέρεσθαι
1241 3184 1443 3261 διακρινόμενα,
1458 3184 1493 3251 ὥς
1510 3208 1560 3265 περ
1581 3186 1614 3245 τά
1630 3189 1680 3246 ὑπὸ
1694 3192 1746 3247 τῶν
1763 3191 1827 3247 πλο-

215 3273 316 3354 γένεσιν
326 3282 419 3345 πᾶσιν,
427 3271 490 3331 αὐτὸ
498 3271 525 3329 δὲ
537 3274 593 3348 μετ’
605 3271 776 3344 ἀναισθησίας
785 3274 867 3333 ἁπτὸν
876 3277 996 3353 λογισμῷ
1042 3271 1128 3329 κόνων
1139 3294 1167 3329 τε
1180 3271 1223 3329 καὶ
1240 3272 1357 3349 ὀργάνων
1368 3274 1420 3329 τῶν
1431 3272 1491 3352 περί
1501 3276 1548 3344 τὴν
1561 3264 1606 3332 rod
1619 3274 1691 3333 σίτου
1701 3276 1828 3355 κάθαρσιν

215 3360 266 3419 τινί
279 3356 356 3439 νόθῳ,
370 3359 444 3435 μόγις
457 3357 560 3430 πιστόν,
573 3359 638 3439 πρθς
651 3359 666 3417 ὃ
679 3361 710 3430 δὴ
723 3360 769 3418 καί
782 3362 996 3439 όνειροπολοῦμεν
1043 3358 1165 3435 σειόμενα
1177 3357 1222 3415 καὶ
1237 3357 1437 3432 ἀναλικνώμενα
1454 3357 1486 3415 τὰ
1502 3360 1550 3433 μὲν
1572 3361 1659 3418 πυκνά
1676 3360 1721 3417 καί
1744 3363 1828 3443 βαρέα

217 3446 357 3528 βλέποντες
372 3447 418 3505 καί
433 3470 519 3527 ροιμεν
534 3449 677 3525 ἀναγκαῖον
692 3439 759 3506 εἶναί
773 3471 824 3508 που
836 3448 867 3507 τὸ
881 3448 909 3507 δν
924 3450 996 3510 όπαν
1043 3445 1128 3525 ἄλλῃ,
1146 3444 1179 3503 τὰ
1192 3444 1218 3503 δὲ
1233 3444 1303 3521 μανθ
1319 3446 1364 3503 καί
1377 3450 1461 3525 κοῦφα
1476 3448 1511 3511 εἷς
1526 3445 1617 3526 ἑτέραν
1629 3446 1679 3515 ἵζει
1695 3449 1827 3529 φερόμενα
1913 3498 1916 3509 .

217 3537 243 3595 ἔν
258 3561 308 3596 τινι
323 3537 397 3618 τόπῳ
410 3537 456 3595 καί
470 3535 582 3615 κατέχον
602 3536 693 3615 χόνραν
716 3537 785 3609 τινό,
799 3536 830 3595 τὸ
845 3537 872 3597 δὲ
888 3537 955 3613 μήτε
970 3542 996 3597 ἐν
1043 3532 1127 3611 ἕδραν·
1142 3533 1200 3592 τότε
1223 3532 1290 3592 οὕτω
1310 3533 1343 3590 cd
1364 3534 1475 3613 τέτταρα
1491 3533 1554 3610 γένη
1573 3534 1694 3613 σειόμενα
1713 3536 1763 3595 ὑπὸ
1781 3541 1828 3608 τῆς

216 3630 250 3704 γῇ
277 3627 344 3701 μήτε
367 3647 418 3683 που
440 3624 498 3683 κατ’
512 3624 621 3703 οὐρανὸν
641 3624 713 3683 οὐδὲν
734 3616 809 3687 εἶναι.
851 3627 944 3686 Ταῦτα
965 3628 997 3699 δὴ
1043 3620 1200 3697 detinueris,
1226 3622 1378 3699 κινουμένης
1404 3624 1484 3693 αὐτῆς
1509 3613 1563 3683 οἷον
1588 3623 1697 3705 ὀργάνου
1720 3625 1828 3701 σεισμὸν

216 3714 302 3771 πάντα
321 3711 482 3772 καὶτούτων
503 3712 562 3770 ἀλλ’
581 3712 680 3791 ἀδελφά
699 3713 745 3771 καί
759 3712 819 3791 περί
834 3712 882 3785 τὴν
899 3715 997 3776 ἄϋπνον
1044 3708 1266 3789 παρέχοντος,τθ
1287 3710 1334 3785 pto
1359 3713 1535 3787 ἀνομοιότατα
1548 3716 1669 3773 πλεῖστον
1695 3714 1762 3774 αὖτά
1780 3720 1825 3797 ἀφ’

216 3801 263 3862 καλ
281 3804 381 3873 ἀληθῶς
396 3799 473 3881 ρόσιν
487 3799 657 3880 θποίρχουσον
679 3801 731 3860 θπδ
750 3802 848 3875 ταύτης
866 3808 912 3887 τῆς
930 3808 997 3865 όνει-
1046 3801 1131 3858 αὑτῶν
1156 3802 1258 3880 ὁρίζειν,
1271 3800 1305 3858 cdi
1329 3802 1350 3857 δ’
1366 3801 1509 3876 ὁμοιότατα
1534 3802 1650 3879 μάλιστα
1672 3805 1708 3870 είς
1733 3805 1826 3863 ταῦτδν

218 3888 318 3969 ρώξεως
335 3891 363 3946 οὐ
382 3888 488 3949 δυνατοί
508 3889 650 3966 γιγνόμεθα
669 3891 812 3970 ἐγερθέντες
830 3891 998 3972 διοριζόμενοι
1044 3886 1175 3959 ξυνωθεῖν,
1192 3886 1231 3945 διὸ
1246 3886 1277 3958 δὴ
1292 3888 1337 3947 καί
1352 3888 1443 3969 χώραν
1457 3895 1541 3949 τοῦτο
1556 3891 1624 3950 ἀλλα
1639 3890 1721 3964 ἀλλην
1735 3891 1827 3971 ίσχςιν,

216 3971 326 4047 τάληθὲς
337 3976 432 4058 λέγειν,
442 3981 477 4043 ὡς
491 3976 570 4037 εἰκόνι
584 3977 643 4053 μέν,
655 3978 763 4057 ἐπείπερ
776 3981 830 4038 οὔδ’
843 3981 906 4040 αὐτὸ
922 3987 999 4043 τοῦτο
1044 3975 1104 4053 πρὶν
1127 3976 1184 4035 καὶ·
1197 3976 1227 4033 τὸ
1250 3984 1303 4035 πᾶν
1326 3974 1352 4045 ἐξ
1383 3978 1469 4035 αὐτῶν
1497 3978 1674 4056 δῑᾶκῠσμηθίν
1700 3980 1827 4056 γενέσθαι

216 4064 257 4143 ἀφ’
268 4055 291 4145 ᾗ
302 4063 406 4142 γέγονεν
420 4067 513 4134 ίαυτῆτ
524 4066 604 4137 ἔστιν,
615 4066 704 4145 ἑτέρου
716 4068 745 4123 δέ
757 4090 826 4135 τινος
839 4068 879 4127 ἀεὶ
891 4068 999 4150 φέρεται
1045 4063 1099 4121 Καὶ
1111 4064 1141 4123 rt
1156 4062 1204 4138 μέν
1217 4062 1248 4135 δὴ
1267 4063 1318 4144 πρὸ
1335 4066 1427 4124 τούτου
1442 4064 1530 4123 πιόντα
1551 4068 1624 4126 ταῦτ’
1641 4065 1710 4148 ἔχειν
1726 4068 1827 4145 ἀλόγως

216 4149 373 4230 φάντασμα,
388 4151 432 4210 διὰ
446 4157 531 4209 τοῦτο
545 4154 573 4209 ἐν
589 4153 670 4233 ἑτέρῳ
690 4154 818 4233 προσήχει
844 4156 894 4213 erni
911 4158 998 4233 γίγγς.
1044 4150 1089 4208 καί
1104 4151 1239 4229 ἀμέτροις·
1254 4148 1297 4209 ὅτε
1318 4152 1342 4210 δ’
1357 4153 1518 4231 ἐπεχειρεῖτο
1539 4158 1695 4230 κοσμεῖσθαι
1716 4156 1746 4213 τὸ
1762 4164 1825 4230 πᾶν,

217 4244 293 4313 σθαι,
308 4238 396 4305 οάσίας
410 4240 483 4312 ἁμῶς
504 4238 534 4317 γε’
552 4262 608 4307 πως
631 4241 819 4320 ἀντεχομένην,
832 4240 849 4312 ἢ
867 4244 948 4317 μηδὲν
969 4246 999 4303 τὸ
1044 4245 1096 4320 πῦρ
1118 4242 1221 4319 πρῶτον
1245 4242 1290 4299 καλ
1311 4239 1381 4321 ὕδωρ
1408 4241 1453 4300 καί
1467 4244 1517 4319 γῆν
1540 4245 1585 4303 καὶ
1605 4242 1688 4325 ἀέρα,
1703 4244 1763 4324 ἴχνη
1780 4242 1828 4321 μὲν

218 4327 344 4407 παράπαν
369 4326 450 4399 αὐτὴν
472 4318 548 4401 εἶναι,
562 4332 599 4410 τῷ
621 4328 648 4388 δέ
669 4329 747 4397 ὄντως
763 4330 818 4387 όντι
833 4329 951 4408 βοηθθςδ
965 4334 999 4390 δι’
1045 4328 1138 4408 ἔχοντα
1162 4330 1245 4387 αὑτῶν
1271 4328 1354 4407 ἄττα,
1370 4330 1526 4391 παντόπαοι
1549 4330 1602 4408 μὴν
1625 4334 1777 4409 διακείμενοι
1793 4330 1828 4398 ὥς

218 4413 354 4495 ἀκριόείας
366 4414 466 4488 ἀληθὴς
478 4416 615 4498 λόγος,όις
626 4416 675 4485 ἕως
686 4418 718 4476 ἀν
733 4442 758 4476 τι
774 4418 804 4477 τὸ
822 4417 870 4493 μέν
885 4411 997 4500 ἀλλοῇ,
1043 4414 1176 4491 περείκὸς
1199 4414 1269 4496 ἔχειν
1295 4416 1365 4476 ἅπαν
1392 4416 1454 4475 όταν
1472 4420 1528 4499 ἀπῇ
1543 4441 1611 4487 τινος
1625 4418 1696 4497 θεός,
1712 4419 1780 4479 οὕτω
1795 4419 1827 4494 δὴ

217 4502 247 4563 τὸ
260 4504 287 4562 dd
309 4503 387 4577 ἄλλο,
402 4502 536 4582 οὐδέτερον
560 4507 587 4563 ἀν
607 4505 734 4587 οὐδετέρῳ
748 4504 812 4564 ποσί
827 4508 999 4583 γεγενημένον
1043 4502 1101 4562 τότε
1119 4504 1354 4583 περυκόταταῦτα
1377 4509 1480 4585 πρῶτον
1499 4508 1724 4588 διεσχηματίσατο
1748 4508 1828 4568 είδεσί

217 4590 246 4649 ἓν
260 4590 423 4666 ἀματαθτδν
437 4591 718 4668 καίδόογενήσεοθον.
1044 4612 1072 4647 τε
1098 4591 1143 4649 καί
1167 4590 1296 4671 ἇρῑθμοῐι.
1337 4594 1377 4655 Τὸ
1402 4594 1428 4654 δέ
1455 4588 1473 4667 ἦ
1496 4594 1604 4657 δυνατδν
1632 4601 1668 4664 ὡς
1697 4597 1827 4657 κιίλλιστο

258 4673 338 4748 ⁵²⁷·
356 4662 441 4738 Οὗτος
459 4672 508 4749 μὲν
528 4664 572 4731 σόν
589 4671 620 4744 δὴ
634 4673 707 4752 παρὰ
718 4678 764 4745 τῆς
778 4676 843 4750 ἐμῆς
856 4675 943 4755 ψήφου
954 4679 998 4737 λο-
1045 4671 1138 4754 ἀριστοί
1152 4703 1180 4737 τε
1196 4678 1221 4747 ἐξ
1235 4682 1284 4760 οὐχ
1301 4681 1382 4749 οὕτως
1398 4682 1512 4762 ἐχόντων
1525 4684 1569 4744 τδν
1590 4684 1647 4744 θεὸν
1668 4683 1736 4744 αὐτὰ
1758 4684 1826 4753 ξυνι-

219 4758 314 4837 γισθείς
329 4762 356 4817 ἐν
369 4760 514 4841 κεφαλαίῳ
529 4760 641 4821 διδόσθω
659 4761 749 4839 λόγος,
763 4762 792 4822 όν
805 4786 834 4822 τε
848 4763 894 4823 καί
910 4765 1000 4847 χώραν
1045 4768 1155 4841 στόνοι,
1181 4770 1254 4847 παρὰ
1275 4770 1361 4831 ποίντα
1384 4776 1449 4851 ἡμῖν
1468 4775 1503 4841 όνς
1524 4773 1566 4831 ἀεὶ
1586 4777 1664 4833 τοῦτο
1685 4773 1826 4852 λεγόμενον

218 4848 263 4906 καί
277 4848 377 4925 γένεσιν
393 4838 474 4943 εἶναι,
491 4848 552 4929 τρία
567 4852 659 4929 τριχῇ,
673 4850 718 4909 καί
731 4851 791 4929 πρίν
806 4853 913 4932 οὐρανὸν
926 4854 999 4932 γενί-
1045 4858 1197 4939 ὑπαρχέτω.
1221 4862 1279 4920 Nm
1291 4862 1314 4919 δ’
1331 4851 1375 4920 οάν
1389 4862 1436 4935 τὴν
1453 4862 1569 4931 διάταξιν
1583 4866 1670 4923 αὐτῶν
1691 4864 1825 4943 ἀπιχειρη·

220 4940 295 4993 σθαι·
309 4934 358 5007 τλν
377 4933 404 4995 δὲ
422 4936 546 5013 γενέσεως
559 4938 664 5011 τιθήνην
681 4938 867 5018 θγραινομένην
885 4940 931 4999 καὶ
945 4964 999 5000 πυ·
1046 4945 1102 5007 τίον
1116 4948 1232 5008 ίκάστων
1247 4949 1293 5008 καί
1315 4950 1416 5028 γένεσιν
1442 4951 1517 5022 ἀήθει
1534 4950 1604 5033 λόγῳ
1618 4965 1681 5030 προς
1697 4952 1792 5027 ipset
1810 4984 1826 4996 -

221 5021 346 5098 ρουμίνην
358 5023 403 5081 καί
418 5024 465 5091 τάς
479 5028 528 5102 γῆς
545 5046 574 5083 τε
587 5026 634 5086 καὶ
647 5025 720 5105 ἀέρος
735 5027 836 5107 μορράς
846 5029 1000 5108 δεχομένην,
1044 5034 1117 5091 λοῦν.
1161 5034 1240 5095 istit
1260 5036 1310 5115 γάρ
1334 5039 1390 5097 ἐπεὶ
1415 5038 1539 5119 μετέχετε
1559 5042 1611 5098 τῶν
1633 5038 1701 5099 κατά
1719 5040 1825 5099 παίδευ·

220 5108 266 5168 καί
291 5108 340 5168 dcc
362 5110 462 5178 τούτοις
488 5112 556 5171 ἄλλα
580 5114 651 5187 πάθη
677 5114 811 5182 ξυνέπεται
833 5115 1000 5196 πόσχουσανζ
1045 5145 1086 5180 σιν
1102 5123 1185 5193 ὁδῶν,
1207 5127 1240 5183 δι’
1257 5116 1294 5185 διν
1309 5128 1335 5185 έν
1351 5127 1498 5189 δείκνυσθαι
1513 5127 1547 5186 τό
1561 5129 1691 5209 λεγόμενα
1706 5129 1826 5211 ἀνάγκη,

221 5196 393 5269 παντοδαπὴν
405 5198 453 5275 μὲν
465 5198 528 5283 ἰδεῖν
538 5202 684 5280 φαίνεσθαι,
694 5202 739 5264 διδ
749 5202 777 5263 δὲ
789 5203 818 5265 εδ
831 5205 893 5281 μήθ’
903 5207 1000 5283 ὁμοίων
1045 5208 1193 5290 ξυνέψεσθε.
