3959 5925
711 706 840 856 nu
896 701 1422 861 sarulsus.

916 1052 1227 1079 -·--.0.---

309 1306 469 1382 Antequam
485 1304 665 1379 singulorum
688 1302 883 1381 soppistarum
900 1322 947 1359 res
966 1320 1048 1379 sepa-

270 1394 355 1452 ratim
374 1391 512 1462 referam,
526 1409 618 1467 pauca
633 1390 664 1447 in
679 1388 848 1447 universum
859 1390 896 1447 de
912 1390 1045 1449 virorum

269 1482 385 1539 illorum
401 1479 432 1535 in
443 1478 554 1535 litteras
565 1476 676 1535 meritis
690 1476 837 1554 praefanda
852 1476 922 1535 mihi
940 1476 1047 1535 viden-

232 1620 236 1633 .
268 1584 325 1629 tur.
354 1568 549 1643 ·Quamquarn
576 1565 726 1624 veteribus
750 1567 865 1624 sarculis
887 1567 1048 1624 clarissima

267 1657 450 1731 Protagoras,
464 1653 582 1731 Gorgiae
605 1666 833 1730 caeterorumque
852 1653 1046 1730 sophistarum

268 1745 387 1803 nomina
408 1744 523 1801 luerunt
543 1743 692 1818 multaque
705 1742 741 1800 de
756 1743 794 1800 iis
806 1742 924 1819 scripsit
942 1740 1045 1798 Plato:

267 1846 361 1891 tamen
377 1832 457 1889 nulla
471 1830 665 1909 philosophia·
678 1831 803 1906 antiquae
817 1850 885 1907 pars
898 1842 954 1887 tam
970 1847 1047 1885 eras·

267 1922 308 1979 sis
323 1920 465 1979 occultata
483 1938 516 1977 ac
531 1918 706 1977 circumfusa
723 1916 851 1976 tenebris
866 1919 947 1989 latet,
961 1936 1047 1994 quarn

267 2010 426 2087 sophistica
434 2008 602 2087 disciplina.
645 2006 741 2076 Quum
754 2008 832 2065 enim
843 2008 926 2065 Plato
937 2007 967 2064 in
982 2007 1047 2083 plu·

267 2094 350 2155 ribus
364 2096 504 2171 dialogis,
523 2095 604 2153 velut
623 2096 655 2152 in
675 2094 800 2169 Gorgia,
817 2095 957 2170 lilenone,
974 2100 1047 2152 Pro·

267 2196 381 2259 tagora,
393 2182 591 2259 Euthydemo,
604 2180 750 2239 Theaeteto
763 2202 915 2259 perversas
931 2181 1049 2259 opinio-

1093 1322 1190 1360 rerum
1205 1303 1372 1362 divinarum
1381 1317 1547 1374 contemtu,
1561 1318 1701 1381 quantum
1717 1323 1769 1381 per
1782 1304 1875 1382 hujus

1093 1390 1150 1447 loci
1165 1392 1313 1466 angustias
1328 1391 1414 1466 licet,
1430 1391 1703 1449 commentabimur.

1132 1477 1331 1555 Eloquentiam
1344 1498 1405 1536 non
1420 1500 1479 1537 uno
1493 1479 1600 1537 saeculo
1614 1478 1761 1549 floruisse,
1778 1480 1829 1537 sed
1844 1481 1878 1537 in

1092 1566 1218 1624 maxima
1228 1579 1408 1645 temporum,
1421 1567 1551 1643 gentium
1560 1610 1569 1639 ,
1578 1567 1764 1641 ingeniorum
1775 1570 1877 1624 varie·

1093 1666 1149 1711 tate
1180 1653 1348 1732 judiciique
1383 1674 1416 1711 ac
1443 1654 1602 1711 voluntatis
1633 1652 1878 1714 dissimilitudine

1092 1742 1223 1801 omnium
1251 1742 1423 1800 saeculorum
1457 1742 1646 1818 gentiumque
1672 1754 1876 1799 ornamentum

1092 1847 1155 1887 esse
1169 1842 1291 1887 constat.
1332 1829 1407 1887 Vere
1420 1830 1497 1887 enim
1514 1829 1617 1887 Cicero
1631 1829 1692 1889 ait:
1711 1856 1723 1879 ι
1745 1828 1803 1885 hoc
1815 1848 1877 1887 uno

1093 1928 1264 1993 praestamus
1279 1917 1326 1973 vel
1342 1916 1467 1973 maxime
1482 1916 1570 1991 ieris,
1585 1916 1665 1993 quod
1681 1916 1878 1992 colloquimur

1094 2004 1173 2062 inter
1188 2024 1241 2063 nos
1256 2018 1285 2062 et
1297 2004 1375 2081 quod
1390 2004 1556 2082 exprimere
1569 2003 1693 2062 dicendo
1708 2023 1793 2063 seusa
1806 2023 1876 2080 pos·

1093 2111 1203 2151 sunaus.
1245 2090 1443 2161 Quamobrem
1456 2092 1524 2169 quis
1537 2092 1593 2150 hoc
1605 2112 1665 2151 non
1675 2093 1743 2164 jure
1754 2094 1878 2152 miretur

1093 2200 1263 2259 summeque
1277 2182 1308 2239 in
1322 2200 1357 2239 eo
1369 2180 1577 2240 elaborandum
1590 2201 1653 2241 esse
1665 2182 1834 2253 arbitretur,
1843 2198 1878 2241 ut

268 2291 433 2331 noseorum
448 2275 498 2347 qui
512 2272 563 2329 illo
581 2283 711 2348 tempore
723 2270 859 2342 virtutis,
875 2269 1049 2346 eloquentiae
1093 2281 1152 2338 quo
1168 2281 1227 2319 uno
1248 2260 1382 2319 homines
1401 2262 1527 2320 maxime
1546 2261 1649 2320 bestiis
1672 2276 1825 2340 praestent,
1844 2266 1877 2320 in

267 2372 296 2417 et
311 2358 479 2437 reipublicae
488 2357 811 2417 beneadministrandae
822 2359 975 2433 magistros
986 2376 1049 2414 sese
1093 2347 1149 2406 hoc
1162 2347 1333 2407 liminibus
1348 2348 1420 2427 ipsis
1435 2349 1605 2407 antecellat?
1628 2348 1667 2407 Ut
1682 2370 1750 2407 vem
1763 2349 1824 2425 jam
1839 2350 1876 2407 ad

269 2446 484 2523 profitebantur
501 2446 671 2521 redarguat,
691 2446 722 2503 in
741 2462 932 2523 personarum
953 2459 1047 2503 autern
1094 2436 1145 2495 illa
1161 2457 1275 2524 summa
1285 2440 1449 2511 veniamus,
1461 2458 1527 2516 quae
1534 2440 1580 2497 vis
1593 2439 1651 2496 alia
1661 2439 1756 2517 potuit
1766 2453 1815 2497 aut
1828 2440 1875 2498 di·

269 2534 403 2594 moribns
419 2534 612 2613 depingendis
628 2535 836 2610 sententiisque
852 2531 1047 2591 memorandis
1093 2545 1208 2603 spersos
1217 2520 1351 2585 bomihes
1364 2541 1454 2585 unum
1468 2529 1500 2586 in
1513 2528 1608 2585 locum
1619 2547 1813 2603 congregare,
1826 2543 1877 2587 aut

269 2625 304 2682 ad
319 2624 424 2682 comici
438 2637 530 2701 poetae
544 2622 689 2681 licentiam
704 2623 839 2700 proxime
849 2620 986 2679 accedat:
1004 2638 1049 2676 ca.
1093 2633 1110 2670 a
1124 2614 1184 2671 fera
1200 2616 1365 2691 agrestique
1378 2616 1439 2676 vita
1451 2616 1490 2673 ad
1502 2615 1579 2673 hunc
1592 2615 1751 2673 humanum
1765 2617 1874 2675 cultum

268 2713 393 2772 „endum
423 2726 466 2773 est
492 2730 528 2770 ne
557 2712 611 2770 1103
635 2710 765 2771 higiopiae
789 2703 881 2769 sonies
912 2711 1049 2787 ipsosque
1094 2702 1270 2779 civilemque
1284 2700 1427 2759 deducere
1435 2748 1446 2778 ,
1460 2715 1509 2760 aut
1516 2701 1579 2778 jam
1594 2703 1760 2761 constitutis
1773 2705 1877 2763 cirita-

254 2803 349 2860 qim„
371 2801 422 2877 qui
436 2801 547 2879 optime
564 2799 599 2859 de
614 2800 727 2859 Graecja
741 2811 908 2859 mem-unt
926 2818 961 2855 ex
976 2817 1049 2875 Ρη».
1094 2786 1172 2847 tibus
1186 2790 1284 2865 leges,
1297 2788 1431 2865 judicia,
1446 2789 1516 2866 jura
1532 2789 1720 2848 describere?
1734 2816 1746 2841 a
1770 2789 1876 2848 hierito

267 2902 361 2947 sumta
375 2888 516 2965 opinione
528 2887 626 2966 potius
640 2908 725 2966 quam
740 2908 777 2945 ex
789 2888 911 2945 veritate
924 2886 1047 2944 aestirne·
1094 2879 1184 2951 igitur
1206 2878 1268 2956 jam
1297 2879 1519 2955 antiquissimis·
1536 2876 1716 2955 temporibus
1741 2877 1876 2937 homines
1955 2883 1956 2886 ’

269 2997 344 3035 rnus.
388 2974 467 3033 ldem
500 2975 559 3032 sere
591 2974 627 3032 de
661 2976 853 3054 Xenophonte
884 2973 1047 3033 dicendum.
1095 2967 1197 3026 diserti
1212 2967 1351 3026 omnibus
1372 2968 1542 3046 placebant,
1558 2969 1628 3044 quia
1646 2987 1779 3043 magnam
1802 2987 1877 3025 ⁵0⁰¹·

269 3061 446 3119 Posterioris
464 3079 535 3118 vero
558 3061 650 3119 aetatis
672 3063 828 3140 scriptores
852 3080 944 3138 pauca
959 3080 1049 3137 eaque
1093 3075 1147 3132 per
1168 3057 1231 3113 vim
1251 3055 1353 3114 habuit
1373 3057 1478 3114 oratio·
1523 3055 1622 3132 Ne'que
1645 3056 1723 3113 enim
1754 3055 1876 3115 Troicis
1955 3074 1956 3109 ³

268 3149 332 3226 ipsa
352 3143 506 3206 non'satis
528 3149 681 3226 explorata
701 3150 737 3207 de
760 3149 943 3228 philosophis
965 3150 1046 3207 istam
1094 3142 1275 3221 temporibus
1289 3156 1400 3202 tanturn
1414 3145 1511 3203 laudis
1526 3145 1557 3202 in
1574 3145 1699 3202 dicendo
1716 3143 1798 3202 Ulixi
1820 3147 1876 3204 tri-

269 3248 374 3294 soctam
389 3235 530 3313 professis
544 3243 742 3294 narraverunt,
799 3237 865 3307 Quo
881 3238 986 3294 factum
1004 3251 1048 3295 est
1093 3231 1204 3289 buissel
1213 3230 1356 3290 Homerus
1369 3233 1666 3309 elNeslorl,qii0rttm
1677 3233 1799 3289 alierum
1813 3234 1875 3291 vim
1955 3288 1956 3295 ,

270 3336 302 3380 ut
323 3323 518 3381 recentiorum
544 3323 678 3401 plerique
704 3325 836 3383 Platonis
864 3325 1048 3402 potissimum
1093 3318 1201 3375 habere
1211 3319 1321 3390 voluit,
1335 3319 1457 3378 alterum
1472 3321 1640 3378 suavitatem
1652 3362 1660 3390 ‚
1671 3320 1730 3377 nisi
1739 3319 1801 3395 jani
1814 3334 1875 3378 turn

270 3412 440 3470 auctoritate
451 3413 576 3488 pernroti
588 3414 782 3490 sophistarum
795 3414 910 3472 decreta
919 3415 988 3472 olim
1001 3429 1049 3473 aut
1094 3418 1169 3464 esset
1184 3406 1278 3464 bonos
1291 3406 1476 3484 eloquentia
1498 3431 1504 3466 :
1531 3428 1626 3485 neque
1638 3410 1686 3466 hic
1705 3411 1768 3486 ipse
1787 3424 1876 3486 poeta

271 3497 447 3574 negligenda
461 3499 592 3580 putarint
609 3513 658 3558 aut
681 3515 756 3559 certe
779 3520 931 3579 perperam
955 3501 991 3558 de
1012 3503 1049 3560 iis
1093 3513 1179 3570 quem
1196 3494 1288 3552 multo
1302 3510 1368 3572 post
1381 3495 1490 3567 bellum
1502 3495 1662 3572 Trojanum
1673 3496 1783 3554 vixisse
1795 3511 1876 3555 vete-
1955 3532 1956 3543 1

267 3581 437 3660 judicarint.
470 3583 655 3663 Quapropter
665 3601 746 3662 grato
756 3589 853 3646 anirno
866 3587 1046 3646 eruditorum
1093 3602 1140 3640 res
1153 3582 1332 3642 arbitrantur
1343 3598 1392 3641 aut
1402 3585 1569 3662 quicunque
1581 3586 1801 3643 Homericorum
1810 3607 1875 3644 car-

268 3671 419 3730 hominum
436 3671 474 3752 (1)
487 3673 588 3731 laudes
603 3674 795 3751 praedicandae
812 3688 879 3733 sunt
893 3676 944 3752 qui
960 3675 1048 3753 primi
1094 3675 1208 3732 minum
1223 3689 1324 3734 auctor
1337 3676 1390 3734 fuit
1406 3690 1462 3736 tam
1476 3691 1598 3736 ornatus
1615 3679 1647 3736 in
1664 3677 1790 3753 singulis
1806 3698 1874 3736 rer·
1955 3722 1956 3733 ,

270 3773 367 3818 nostra
397 3760 537 3818 memoria
559 3763 622 3820 sine
649 3763 692 3820 ira
714 3776 742 3821 et
768 3763 864 3822 studio
887 3763 923 3820 de
947 3763 1047 3841 sophi·
1094 3760 1139 3819 bis
1168 3775 1255 3839 atque
1280 3764 1432 3822 sententiis
1459 3777 1488 3823 et
1515 3765 1612 3842 quoad
1634 3765 1712 3843 epici
1731 3767 1874 3825 sermonis

269 3846 321 3904 stis
336 3865 481 3924 exponere
495 3848 691 3910 instituerunt.
733 3851 829 3920 Quum
843 3869 914 3908 vero
926 3862 1050 3926 quatuor
1068 3851 1071 3856 ’
1093 3846 1265 3928 simplicitas
1280 3849 1390 3909 serebat
1403 3871 1495 3929 prope
1509 3867 1607 3911 orator
1621 3853 1737 3922 fuisset,
1749 3853 1808 3911 nisi
1820 3854 1874 3912 ho·
1955 3854 1956 3925 l

270 3931 330 3990 fere
349 3934 546 4010 sophistarum
561 3936 666 3995 schola
681 3938 722 3996 ita
742 3940 818 3997 inter
833 3958 863 3997 se
877 3935 1046 4010 differrent,
1095 3939 1187 3996 mines
1197 3957 1335 3996 versuum
1356 3958 1389 3996 ac
1401 3938 1539 3999 dictionis
1553 3940 1773 4018 pulchritudine
1787 3961 1874 4019 cape-
1955 3962 1956 3965 ¹

270 4033 303 4076 ut
342 4021 493 4080 dialectica
535 4024 720 4100 Protagoras,
757 4026 877 4084 Prodici
917 4023 1046 4104 philoso-

270 4107 338 4184 phia
357 4109 496 4183 moralis,
516 4110 631 4189 llippiae
644 4115 781 4190 physica,
795 4113 913 4189 Gorgia
924 4113 1050 4191 denique

269 4194 413 4253 rhetorica
424 4198 549 4256 maxime
563 4201 685 4278 propria
698 4201 786 4259 luisse
800 4200 952 4260 videatur:
971 4221 1050 4258 com-

270 4284 369 4341 munis
382 4295 477 4342 tamen
491 4286 622 4344 omnium
638 4287 694 4344 fuit
707 4288 873 4366 eloquentia
890 4287 1048 4347 admirabi-

1094 4036 1207 4084 rentur.
1250 4024 1306 4083 Sed
1318 4040 1470 4104 antequam
1485 4030 1586 4087 solutae
1597 4029 1739 4087 orationis
1751 4029 1873 4106 scriptio
1955 4030 1956 4085 ἒ

1093 4112 1316 4189 increbruisset,
1333 4115 1413 4171 nulla
1436 4116 1491 4174 suit
1518 4135 1564 4175 ars
1587 4118 1725 4176 oratoria.
1772 4117 1873 4193 ltaque
1955 4154 1956 4191 ;

1093 4199 1192 4258 laudes
1213 4203 1276 4258 istae
1296 4199 1404 4277 quibus
1419 4201 1519 4260 Ulixes
1533 4216 1562 4260 et
1578 4204 1681 4261 Nestor
1697 4203 1809 4285 aliique
1829 4205 1872 4261 fa-

1093 4286 1181 4345 cundi
1202 4307 1239 4345 ex
1264 4287 1369 4365 priscis
1391 4289 1452 4347 illis
1472 4290 1643 4349 mortalibus
1660 4291 1719 4348 viri
1738 4311 1756 4349 a
1776 4293 1872 4368 poetis

269 4371 306 4428 lis
324 4391 358 4428 ae
377 4371 499 4429 deorum
522 4374 709 4450 popularium
733 4377 903 4436 contemtus.
947 4376 1048 4454 ltaque
1068 4363 1074 4468 Ι
1092 4375 1261 4433 alliciuntur
1276 4376 1433 4436 referendae
1454 4393 1521 4436 sunt
1540 4392 1649 4438 tantum
1671 4379 1707 4438 ad
1722 4381 1868 4458 quandam

265 4451 397 4536 'primurn
416 4459 587 4520 dedicandi
609 4463 733 4520 artificio
761 4483 778 4521 a
801 4465 939 4542 sophistis
957 4477 985 4522 et
1004 4465 1049 4521 in·
1068 4476 1073 4505 i

269 4559 356 4605 vento
381 4560 409 4606 et
435 4569 527 4628 prope
548 4565 762 4624 consummato,
786 4552 891 4610 deinde
916 4553 952 4610 de
983 4553 1039 4610 isto

248 4755 251 4764 .
300 4713 333 4774 (t)
343 4717 393 4764 iac.
405 4717 483 4767 Geeiti
493 4718 594 4769 historia
607 4721 691 4770 critica
707 4721 870 4783 sophistarum
883 4721 924 4782 qui
937 4722 1041 4771 Socratis

267 4789 339 4834 aetaie
348 4789 446 4838 Atitonis
459 4790 597 4854 docuerunt,
611 4793 636 4842 in
651 4797 711 4846 iios.
723 4795 784 4842 actis
796 4793 842 4842 litt.
856 4793 939 4842 societ.
953 4794 1046 4842 tiliano·

267 4855 399 4914 trajectiora
410 4860 442 4906 It.
456 4862 576 4922 Uitrajocii
591 4866 700 4912 111811.
716 4864 810 4924 iioiler,
823 4863 862 4912 die
879 4863 1042 4924 griechischen

267 4925 395 4986 Sopitisten
406 4940 434 4975 au
446 4931 554 4982 Socratas
569 4932 617 4981 und
625 4933 709 4991 ¹Platos
723 4933 775 4982 Zeit
787 4933 834 4981 und
846 4934 882 4982 ihr
895 4933 997 4982 Einllnss
1006 4933 1048 4982 aui

268 4995 445 5048 Bnrcihamlieii
461 5003 508 5049 und
530 5005 691 5066 Philosophia.
710 5004 856 5064 Stutgardiar
881 5009 955 5065 18³t;
968 5007 998 5053 G.
1018 5008 1045 5054 8,

269 5066 387 5115 dosehari
404 5069 435 5118 cie
454 5069 573 5122 historice
589 5073 706 5122 doctrinae
721 5073 784 5135 apud
803 5073 923 5135 sophistas
944 5075 1046 5135 maiores

268 5136 514 5199 vestigiisdispuiaiio.
524 5143 642 5204 Gottingae
655 5146 712 5192 1818
721 5145 765 5205 ;G.
775 5143 952 5194 Baarnltaaeri
960 5146 1045 5195 disser-

268 5207 325 5260 tatio
336 5207 367 5255 de
376 5211 508 5270 quastione
525 5226 597 5275 quam
614 5215 663 5262 vim
678 5216 792 5277 sophistae
805 5217 931 5266 habuerint
943 5218 1044 5266 Atireais

1095 4462 1201 4538 linguae
1213 4463 1426 4524 volubilitatem
1439 4465 1656 4543 verborumque
1668 4468 1775 4526 flumen
1792 4469 1871 4545 quod
1944 4519 1947 4522 ,

1092 4552 1271 4611 audientium
1285 4572 1369 4612 aures
1382 4555 1516 4632 impleret
1525 4574 1558 4613 ac
1572 4569 1633 4614 tum
1648 4556 1795 4631 gravitatis
1810 4569 1872 4613 tum

1092 4721 1122 4769 ad
1132 4722 1210 4771 atahe
1221 4734 1272 4770 sue
1289 4721 1455 4782 disciplinam,
1468 4737 1547 4773 mores
1567 4737 1596 4773 ac
1612 4724 1692 4773 studia
1709 4723 1870 4773 immutanda.

1091 4789 1191 4850 Traiecti
1207 4792 1350 4839 Batavorum
1366 4793 1483 4853 1811;11.
1498 4793 1652 4842 Scitiideaer
1664 4794 1694 4842 de
1713 4793 1834 4855 sophistis
1847 4793 1872 4842 ia

1091 4859 1170 4908 lahaii
1181 4860 1276 4908 archiv.
1289 4860 1371 4922 philol.
1390 4862 1437 4909 rol.
1455 4864 1523 4912 livii
1536 4877 1589 4926 pag.
1607 4864 1734 4925 3851181111.
1754 4867 1829 4924 1851;
1846 4867 1870 4912 J.

1092 4932 1152 4978 licei
1162 4929 1278 4991 Beitrasge
1289 4944 1332 4978 zur
1339 4931 1484 4982 Geschichte
1493 4933 1535 4983 der
1544 4934 1707 4996 griechischen
1718 4933 1838 4995 sopiristii
1846 4933 1870 4981 in

1091 5003 1153 5062 hiras.
1170 5001 1276 5052 Rhenau.
1290 5003 1319 5052 N.
1334 5006 1359 5052 s.
1377 5005 1433 5063 vti,
1446 5009 1514 5064 1850,
1526 5018 1549 5066 p.
1563 5009 1668 5057 stt-554
1679 5009 1704 5055 oi
1715 5007 1784 5064 viii,
1801 5007 1868 5060 1853,

1091 5084 1115 5132 p.
1130 5074 1249 5132 aot-27⁹3
1264 5077 1291 5121 Α.
1308 5075 1331 5123 J.
1349 5076 1473 5134 Vitrinqae
1488 5074 1518 5124 dc
1532 5076 1696 5138 sophistarum
1709 5075 1798 5123 scholis
1812 5085 1871 5135 que

1090 5143 1193 5190 Socniis
1207 5145 1277 5192 aetate
1297 5144 1396 5194 Athenis
1412 5145 1544 5194 floruerunt
1561 5146 1734 5197 commentatio
1753 5146 1779 5193 iu
1797 5147 1868 5194 hine·

1090 5223 1149 5260 mos.
1165 5215 1198 5270 ii,
1216 5217 1282 5262 teas.

1031 5325 1109 5367 11111
1166 5309 1170 5317 “
