3959 5925
186 359 241 412 tas
889 343 1091 405 CHALCIDII

184 480 322 534 continebat
336 477 463 538 animalia,
485 475 583 540 perinde
605 479 633 524 ut
652 474 827 538 intelligibilis:
844 475 874 524 ad
889 475 961 536 cujrrs
1009 479 1071 526 turae
1079 473 1221 524 coercitione
1230 473 1293 523 intra
1302 473 1423 536 objectum
1433 473 1486 536 ejus
1492 473 1641 524 rotabundus
1651 479 1790 528 tenereturr

184 569 365 622 aemrrlationem
382 565 464 614 debat.
497 566 550 612 lloc
565 563 648 626 igilur,
667 563 731 626 qnod
748 563 842 623 decrat,
857 561 962 612 addebat
1009 563 1116 624 quinque
1127 562 1173 611 illis
1185 561 1311 623 erraticis,
1328 563 1353 612 et
1365 561 1494 612 contrariis
1508 561 1555 612 sibi
1566 562 1687 622 invicem,
1704 563 1791 626 probi.

183 659 264 723 opilea
276 661 354 717 Deum
368 657 441 718 atque
457 660 484 702 ιιι
502 666 588 713 mens,
601 653 671 714 cujus
686 653 768 714 risus,
781 653 962 714 contemplatio-
1009 651 1064 702 bitis
1078 651 1201 712 motibus;
1221 653 1248 700 ut
1261 652 1364 713 uterque
1377 650 1482 700 circulus
1498 652 1562 700 esset
1580 651 1605 700 iu
1619 652 1712 714 optimo
1734 653 1790 703 bea·

183 761 244 810 que,
256 733 395 795 intellectus
408 745 461 801 est,
473 741 581 791 idearum
597 754 684 803 genera
696 742 872 804 contemplatur
884 741 910 790 in
922 742 960 791 in·
1009 738 1151 802 tissimoque
1176 737 1312 800 agitationis
1333 740 1407 788 statu.
1440 739 1494 794 Qua
1517 751 1546 787 ex
1568 750 1643 786 causa
1659 740 1716 788 tacti
1734 744 1792 792 suut

183 833 298 896 telligibili
311 830 419 892 mundo,
433 843 488 894 quae
500 829 561 880 ideae
570 829 621 879 illic
633 831 689 879 suot
700 830 814 880 animalia
827 844 834 879 ι
846 830 882 880 sic
896 833 963 880 Deus
1008 839 1103 875 summa
1121 825 1216 889 praediti
1236 826 1376 886 divinitate,
1395 839 1480 876 omnes
1496 827 1528 875 illi
1550 827 1635 876 siderei
1651 829 1718 890 ignes
1726 846 1734 890 ;
1749 830 1790 891 qui

182 925 206 971 in
222 922 268 970 boc
283 931 354 980 opere
370 932 416 968 sno
430 918 510 968 sensili
520 918 616 966 diversa
628 917 767 966 animalium
780 930 866 979 genera
878 920 963 967 statuit
1009 915 1088 964 nrillos
1099 927 1207 974 errores,
1220 913 1473 976 exorbitationesque,
1487 914 1631 984 patiuntur:
1652 919 1791 978 propterea-

183 1021 234 1058 esae
255 1006 359 1066 debere,
378 1004 553 1067 constituitque
573 1006 686 1066 quatuor.
718 1005 827 1054 Primum
848 1006 962 1066 coeleste,
1009 1015 1057 1064 que
1083 1002 1108 1051 in
1133 1002 1275 1064 semetipsos
1299 1004 1473 1052 convertuntur
1499 1002 1590 1052 aeterno
1617 1003 1727 1054 circuilu.
1761 1009 1792 1054 at

183 1097 279 1158 plenum
290 1092 441 1143 diuinitatis:
457 1091 522 1141 alirid
533 1090 619 1141 deinde
631 1105 724 1154 praepes
739 1093 877 1154 aerivagum
891 1107 898 1140 :
914 1095 963 1144 ter·
1010 1103 1068 1140 vero
1088 1089 1213 1151 altivagi,
1232 1089 1388 1152 palantesque
1406 1091 1471 1151 ignes
1487 1090 1574 1139 erroris
1588 1103 1684 1140 causam
1702 1091 1792 1142 liabent

184 1184 258 1243 tium,
271 1194 342 1244 aquae
360 1179 491 1242 liquoribus
502 1180 732 1228 accommodatum:
752 1183 884 1242 quartum,
898 1180 962 1243 quod
1010 1193 1077 1239 eam,
1101 1177 1170 1239 cuius
1193 1179 1217 1226 in
1235 1171 1398 1240 superioribus
1416 1158 1498 1228 linbila
1524 1180 1723 1228 commemoratio
1746 1185 1789 1229 est.

108 1310 114 1322 .
183 1275 276 1321 tamem
290 1268 398 1319 soliditas
415 1268 550 1317 sustineret.
584 1268 613 1316 st
625 1267 701 1317 divini
714 1269 813 1329 quidem
824 1269 918 1330 generis
932 1285 962 1320 ex
1010 1270 1110 1316 Terram
1125 1274 1181 1315 vero
1200 1269 1319 1324 mairem,
1335 1267 1360 1315 et
1383 1263 1489 1314 altricem
1510 1265 1619 1314 omnium
1640 1270 1790 1316 terrenorum

185 1359 251 1418 parte
261 1355 478 1418 maximaspeciem
490 1355 552 1416 ignis
564 1367 647 1404 serena
656 1335 797 1405 claritudine
807 1357 942 1419 perpolibat
955 1378 961 1407 r
1011 1354 1185 1415 animantium,
1197 1353 1350 1402 constrictam
1363 1353 1481 1402 limitibus
1495 1365 1536 1414 per
1549 1353 1630 1402 omnia
1645 1353 1756 1404 radentis
1767 1359 1791 1403 el

185 1450 213 1494 ut
227 1449 325 1508 propter
337 1443 452 1493 eximium
465 1442 632 1503 splendorem,
644 1443 810 1506 nitoremque,
824 1443 963 1494 videntibus
1012 1446 1100 1491 cuncta
1112 1442 1256 1490 coribneotis
1269 1434 1330 1502 poli,
1349 1440 1396 1489 diei
1413 1441 1539 1501 noctisque
1553 1440 1675 1490 custodem
1690 1442 1787 1503 locarit,

184 1530 576 1595 macl,risorisqoe,rencrabilis.
610 1531 721 1592 Figuram
733 1544 806 1592 porro
817 1531 870 1591 ejus
881 1531 965 1593 tiguroe
1014 1530 1222 1591 antiquissimam,
1237 1529 1368 1578 eteaimiae
1381 1528 1735 1592 dignitatisdeam‚exe0rum
1748 1545 1791 1580 nu·

185 1620 270 1670 mundi
278 1618 431 1681 intelligibilis
441 1617 626 1667 accommodans
642 1618 840 1668 indeclinabiliter
850 1622 963 1669 venusta·
1013 1615 1149 1678 mero,qui
1175 1616 1237 1665 intra
1259 1615 1344 1666 mundi
1362 1615 1479 1665 ambitum
1499 1616 1661 1677 continentur,
1681 1617 1790 1668 deorum.

185 1707 234 1756 bat.
269 1709 408 1767 Totumque
420 1718 477 1754 curn
495 1707 576 1766 posuit
592 1706 616 1753 iu
631 1706 724 1766 gremio
740 1706 875 1769 prudentiae
890 1707 960 1767 caeli,
1011 1705 1142 1756 Stellarum
1154 1718 1211 1754 vcro
1223 1706 1339 1765 choreas,
1353 1706 1377 1754 et
1391 1705 1487 1754 alterius
1499 1705 1671 1767 applicationes
1684 1705 1713 1753 ad
1728 1708 1789 1757 alte·
1838 1709 1840 1714 '

186 1795 293 1857 undique
329 1793 454 1843 ineffabilis
491 1793 673 1855 pulchritudinis
703 1795 849 1844 ornamentis
874 1795 965 1856 stipans
1013 1805 1080 1846 ram,
1093 1792 1222 1854 variosque
1237 1805 1323 1854 gyros,
1337 1791 1485 1869 quosedunt
1498 1789 1634 1841 admirabili
1648 1795 1790 1854 venustate,

185 1860 257 1942 eum,
270 1883 294 1930 et
313 1882 490 1941 conregctans,
504 1879 534 1929 ad
553 1879 711 1930 aeternitatem
734 1883 900 1943 :motumque
913 1882 966 1943 ejus
1009 1881 1080 1940 juxta
1092 1879 1198 1929 ambitus
1215 1879 1375 1940 circulorum,
1396 1878 1551 1940 reditusque,
1569 1883 1594 1928 el
1607 1878 1745 1940 anfractus,
1758 1883 1791 1930 ad

184 1969 280 2017 circulis
292 1967 487 2028 convenientem,
500 1969 525 2016 et
540 1967 711 2029 proculusque
726 1971 964 2030 natura,commen-
1011 1983 1052 2018 eas
1064 1967 1145 2031 sedes,
1159 1981 1190 2016 ex
1209 1967 1296 2028 quibus
1310 1979 1443 2028 progressae
1456 1971 1514 2014 sunt
1522 1982 1530 2026 ;
1546 1979 1657 2016 accessus
1672 1967 1744 2016 etiam
1761 1973 1785 2018 et

185 2055 285 2104 tuaest.
318 2052 428 2103 alterurn
444 2054 534 2103 circum
553 2067 596 2115 se,
612 2067 702 2116 perque
720 2056 821 2105 eaodem
840 2057 959 2117 orbitam,
1011 2069 1119 2105 recessus
1134 2069 1140 2103 :
1154 2067 1258 2117 cumque
1271 2053 1558 2114 contiguaesibiinriccm
1571 2054 1644 2114 durut,
1659 2055 1743 2116 quales
1756 2069 1787 2104 cx

184 2154 279 2204 semper
290 2141 421 2191 obeuntem
430 2177 438 2202 ,
447 2141 580 2204 eademque
593 2155 688 2204 semper
699 2142 924 2206 deliberantem,ac
933 2144 964 2193 de
1013 2143 1154 2204 contagione
1167 2142 1205 2191 sui
1221 2139 1371 2191 conditiones
1384 2142 1514 2204 accipiaot;
1530 2153 1651 2204 quamque
1669 2141 1694 2190 et
1709 2143 1789 2204 cujus-

185 2228 474 2279 iisdemratiocinantem.
507 2229 616 2278 Alterum
634 2242 691 2279 vero
706 2229 793 2292 talem,
808 2232 850 2294 qui
866 2245 961 2294 seraper
1013 2230 1078 2282 modi
1105 2230 1273 2279 nanciscantur
1294 2229 1434 2290 qualitatem
1456 2241 1486 2278 er
1506 2227 1572 2277 varia
1594 2227 1756 2290 designatione
1781 2245 1788 2278 :

185 2316 247 2365 ultra
260 2314 389 2377 procedere
401 2316 518 2376 gestiens,
531 2316 640 2376 eiusdem
659 2322 732 2379 alque
745 2318 904 2368 immutabilis
917 2332 961 2367 na·
1011 2331 1131 2380 cumque,
1146 2315 1210 2379 quod
1228 2316 1351 2378 aliquanto
1366 2315 1492 2365 intervallo
1511 2317 1623 2377 temporis
1640 2316 1690 2366 ieri
1708 2317 1784 2380 solet,

184 2489 211 2549 δὲ
231 2491 313 2567 μήπω
326 2491 360 2549 τὰ
374 2492 462 2551 πάντα
481 2497 535 2570 ζῷα
552 2491 622 2560 ἐντὸς
637 2498 715 2551 αὑτοῦ
736 2493 897 2572 γεγενημένα
915 2517 963 2554 πε-
1014 2495 1105 2573 ὁμοίου
1119 2501 1259 2574 περιφορᾶς
1277 2493 1462 2573 κρατουμένῳ·
1477 2493 1524 2560 τὰς
1543 2493 1569 2553 δὲ
1586 2493 1664 2554 πέντε
1678 2497 1791 2568 κινήσεις

184 2577 359 2658 ριειληφίναι,
374 2579 456 2658 ταύτγ·Ι
472 2579 510 2637 ἔτι
525 2570 594 2658 εἶχεν
610 2580 748 2656 ἀνομοίως.
791 2585 877 2643 Τοῦτο
888 2581 920 2653 δὴ
935 2583 965 2643 τὸ
1013 2583 1134 2653 ἀκίνητον
1155 2581 1200 2640 καί
1220 2580 1305 2656 ἑστός,
1327 2580 1361 2639 ἵν’
1377 2578 1417 2639 ὅτι
1440 2581 1564 2659 μάλιστα,
1575 2585 1661 2640 αὐτῶν
1679 2583 1788 2644 ἕκαστον

184 2666 343 2726 κατάλοιπον
356 2666 527 2744 ἀπειργάζετο
543 2668 622 2724 αὐτοῦ
636 2669 701 2742 πρὸς
716 2668 763 2738 τῆν
778 2673 824 2727 τού
839 2668 965 2748 παραδεί·
1013 2668 1113 2748 γένοιτο
1135 2673 1169 2736 ὡς
1186 2668 1304 2750 ἄριστον.
1346 2669 1393 2736 Ἐξ
1412 2660 1443 2740 ῆς
1466 2670 1497 2739 δὴ
1519 2672 1565 2739 τῆς
1587 2669 1672 2736 αἰτίας
1686 2669 1788 2748 γέγονεν
1831 2716 1833 2720 .

184 2775 283 2829 γματος
297 2751 508 2829 σἰποτυπούμενος
522 2752 610 2831 φύσιν.
654 2744 743 2838 ᾞπερ
755 2747 799 2814 σύν
821 2760 878 2822 νοῦς
892 2755 965 2814 tvai·
1015 2757 1054 2816 ὅτ’
1071 2760 1175 2829 ἀπλανῆ
1189 2761 1241 2816 τῶν
1256 2757 1359 2838 ἄστρων
1372 2761 1428 2838 ζῷα
1445 2763 1500 2830 θεῖα
1515 2755 1576 2815 όντα
1594 2757 1638 2816 καί
1653 2753 1724 2815 ἀίδια
1745 2755 1789 2814 καί

184 2862 232 2905 σας
250 2839 318 2903 ἰδέας
335 2844 372 2918 τῷ
393 2840 407 2899 ὃ
429 2840 484 2898 ἔστι
504 2844 586 2920 ζῷον,
607 2831 660 2899 οἶαί
675 2865 704 2900 τε
724 2842 801 2903 ἔνεισι
822 2843 868 2901 καί
890 2841 963 2916 ὅσαι,
1015 2845 1083 2903 κατὰ
1105 2839 1188 2903 cabad
1203 2848 1229 2903 ἐν
1253 2847 1342 2923 ταύτῷ
1361 2844 1524 2924 στρεφόμενα
1548 2842 1588 2902 del
1611 2843 1696 2921 μένει·
1711 2842 1745 2901 τὰ
1762 2843 1790 2902 ol

183 2932 296 3007 καθορᾷ,
309 2927 431 2994 τοιαύτας
444 2926 490 2985 καί
503 2927 632 2996 τοσαύτας
645 2929 763 3001 διενοήθη
778 2931 830 2990 δεῖν
845 2930 890 2989 καί
906 2930 965 2990 τόδε
1013 2932 1161 3014 τρεπόμενα
1177 2937 1222 2993 καὶ
1236 2933 1338 3006 πλάνην
1350 2932 1472 3005 τοιαύτην
1486 2933 1611 3013 ἴσχοντα,
1629 2932 1748 3013 καθάπερ
1764 2935 1789 2991 ἐν

184 3022 267 3093 σχεῖν.
312 3014 373 3073 Εἰσὶ
396 3014 424 3072 ol
450 3014 588 3093 τέτταρες,
615 3016 663 3091 μία
689 3017 735 3092 μὲν
762 3018 879 3097 οὐράνιον
901 3022 964 3077 θεῶν
1012 3025 1066 3088 τοῖς
1091 3020 1201 3100 πρόσθεν
1225 3021 1335 3102 ἔῤῥῆθη,
1351 3025 1408 3080 κατ’
1428 3024 1513 3079 ἐκεῖνα
1537 3021 1637 3101 γέγονε.
1681 3025 1736 3092 Γῆν
1762 3021 1790 3082 δέ

184 3100 271 3177 γένος,
288 3100 355 3170 ἄλλη
377 3100 404 3158 δὲ
427 3100 524 3173 πτηνὸν
545 3103 590 3160 καί
602 3104 756 3183 ἀεροπόρον,
770 3105 845 3183 τρίτη
866 3106 892 3163 δὲ
908 3106 964 3165 liro·
1012 3108 1105 3190 τρορθν
1122 3107 1170 3187 μὲν
1180 3110 1310 3188 ἡμετέραν
1319 3155 1326 3183 ,
1338 3110 1489 3187 είλλομένην
1506 3110 1532 3168 δὲ
1543 3108 1603 3189 περί
1615 3109 1657 3168 τὸν
1673 3108 1715 3168 διὰ
1726 3133 1790 3167 παν·

185 3189 243 3267 δρον
266 3177 346 3262 εἶδος,
371 3186 446 3256 πεζόν
473 3187 501 3247 δέ
521 3189 566 3248 καὶ
588 3200 709 3268 χερσαῖον
732 3191 866 3273 τέταρτον,
909 3196 963 3253 Τοῦ
1011 3198 1054 3264 τὸς
1070 3198 1148 3256 πόλον
1165 3195 1305 3273 τεταμένον
1322 3197 1424 3275 φύλακα
1437 3198 1482 3254 καὶ
1495 3196 1650 3278 δημιουργὸν
1661 3197 1751 3264 νυκτός
1761 3220 1789 3255 τε

186 3274 232 3350 μὲν
255 3265 300 3333 σύν
327 3274 394 3333 θείου
411 3276 459 3345 τὴν
481 3276 607 3347 πλείστην
628 3276 698 3337 ἰδέαν
721 3282 750 3337 ἐκ
777 3278 856 3358 πυρὸς
878 3282 964 3360 ἀπῆρ-
1011 3283 1055 3341 aral
1071 3284 1171 3362 ἡμέρας
1191 3282 1394 3360 ἐμηχανήσατο,
1415 3283 1522 3361 πρώτην
1544 3283 1590 3341 καὶ
1605 3282 1789 3360 πρεσθυτιίτην

186 3361 262 3434 ξατο,
281 3360 351 3428 όπως
369 3358 409 3419 ότι
426 3363 611 3441 λαμπρότατον
636 3366 699 3423 ἰδεῖν
715 3388 741 3423 τε
756 3366 895 3425 κάλλιστον
908 3365 963 3439 εἴη,
1012 3374 1076 3428 θεῶν
1096 3370 1152 3429 ὅσοι
1170 3370 1240 3435 ἐντὸς
1254 3372 1362 3448 ούρανοῦ
1382 3369 1512 3446 γεγόνασι.
1557 3370 1670 3448 Χορείας
1685 3369 1712 3427 δέ
1727 3370 1788 3427 τού-

185 3452 223 3527 τῷ
237 3449 264 3506 δὲ
279 3449 358 3507 παντί
381 3451 559 3528 προσεικάζων
574 3450 698 3510 εὔκυκλον
721 3452 817 3526 ἐποίει,
836 3452 923 3524 τίθησί
936 3478 964 3512 τε
1012 3480 1062 3513 των
1078 3456 1219 3525 αὐτῶνκαὶ
1234 3455 1386 3535 παραύολίις
1397 3455 1533 3529 ἀλλήλων,
1543 3456 1589 3515 καί
1602 3456 1662 3536 περὶ
1675 3455 1722 3524 ri<
1734 3445 1785 3515 τῶν

188 3539 224 3603 εἷς
237 3536 284 3607 τῆν
305 3541 350 3595 τοῦ
371 3536 512 3615 κρατίστου
532 3540 655 3620 φρόνησιν
677 3539 766 3620 ἐκείνῳ
784 3539 963 3616 ξυνεπόμενον,
1011 3542 1113 3601 κύκλων
1129 3544 1192 3622 πρὸς
1207 3541 1314 3610 isarei<
1329 3542 1552 3614 ἔπανακυκλῆσεις
1568 3543 1613 3600 καί
1628 3543 1786 3623 προσχωρή·

188 3623 278 3700 νείμας
292 3625 352 3706 περί
366 3624 452 3683 πάντα
473 3626 560 3707 κύκλῳ
576 3628 619 3687 τθν
635 3626 760 3706 οὐρανόν,
782 3628 880 3705 κόσμον
897 3633 963 3701 ἄλη·
1011 3652 1079 3707 cert,
1094 3630 1119 3689 ἔν
1134 3653 1163 3688 τε
1174 3634 1232 3697 ταῖς
1246 3628 1383 3710 ξυνοίψεσιν
1396 3634 1479 3689 ὁποῖοι
1492 3633 1542 3688 τῶν
1555 3633 1618 3689 θεῶν
1633 3633 1692 3687 κατ’
1704 3629 1785 3701 ἀλλή·

187 3711 256 3769 θινθν
271 3714 342 3791 αύτῷ
356 3715 556 3790 πεποικιλμένον
577 3705 644 3774 εἶναι
658 3717 716 3774 καθ’
733 3715 802 3775 dior.
842 3718 964 3790 Κινήσεις
1010 3718 1069 3783 λους
1089 3716 1236 3795 γιγνόμενοι
1255 3716 1300 3775 καὶ
1321 3716 1377 3776 door
1395 3717 1570 3797 καταντικρύ,
1592 3716 1648 3794 μεθ’
1668 3715 1787 3783 οὔστινσίς

188 3797 215 3855 δὲ
236 3796 281 3855 δύο
297 3803 432 3879 προσῆψεν
456 3800 579 3882 ἑκάστῳ,
605 3802 652 3874 τὴν
673 3802 721 3879 μὲν
737 3806 763 3861 ἐν
786 3806 875 3885 τούτῷ
895 3804 963 3863 nard
1009 3826 1037 3861 τε
1056 3803 1209 3884 ἐπίπροσθεν
1225 3804 1347 3877 ἀλλήλοις
1362 3810 1426 3883 ἡμῖν
1442 3828 1470 3864 τε
1485 3805 1554 3865 κατὰ
1568 3805 1675 3885 χρόνους
1697 3803 1787 3864 οθστι-

187 3883 270 3942 ταύτὰ
291 3885 417 3965 περὶτῶν
436 3889 521 3947 αύτῶν
539 3888 580 3947 ιἰεί
599 3889 633 3947 τὲ
650 3888 717 3947 αὐτὰ
740 3893 831 3970 ἑαυτῷ·
847 3893 963 3951 διανοου·
1009 3914 1055 3958 νας
1068 3889 1173 3951 ἕκαστοι
1185 3890 1434 3953 κατακαλύπτονται
1448 3893 1493 3951 καί
1510 3893 1589 3952 πόλιν
1604 3892 1785 3975 ἀναφαινόμε-

188 3972 271 4050 μένῳ,
291 3971 338 4042 τὴν
358 3972 385 4031 tl
409 3977 445 4041 εἷς
470 3976 501 4035 τό
524 3977 635 4055 πρόσθεν
658 3976 708 4035 ὑπὸ
731 3981 777 4048 τῆς
799 3980 894 4037 ταύτοῦ
917 3980 963 4038 καί
1010 4003 1050 4039 νοι
1069 3980 1161 4061 ρόὸους
1180 3981 1225 4039 καί
1241 3990 1339 4058 σημεῖα
1353 3984 1405 4039 τῶν
1424 3980 1491 4057 μετὰ
1507 3986 1590 4039 ταῦτα
1604 3980 1785 4059 γενησομένων

186 4176 318 4224 cernuntur
342 4176 434 4238 quique
462 4177 508 4225 orti
532 4179 603 4237 sunt,
630 4181 716 4229 natura
740 4181 834 4241 praelati
864 4196 962 4245 sumus,
1009 4185 1090 4249 loqui,
1105 4186 1178 4236 veteri
1193 4185 1238 4247 legi
1254 4186 1364 4249 morique
1382 4187 1514 4249 parendum
1528 4191 1574 4237 est.
1606 4186 1645 4236 Sic
1661 4186 1743 4248 igitur,
1759 4187 1805 4235 nt·

187 4257 290 4309 babeant
316 4261 380 4311 lirinc
409 4262 547 4312 terminum.
593 4264 748 4327 lieliquorum
776 4268 872 4331 autern,
904 4282 964 4331 quos
1009 4272 1040 4322 ab
1058 4273 1375 4337 iisesttredilum,bornm
1391 4273 1572 4325 deoromortus
1590 4275 1786 4336 lrabeaturatque

185 4347 263 4397 Graeci
284 4348 547 4411 deiparae-appellant,
563 4352 651 4411 nostri,
672 4358 698 4402 ut
719 4354 814 4416 opinor,
835 4348 925 4418 Lares,
943 4358 963 4406 si
1010 4360 1111 4421 dicatur,
1125 4362 1154 4409 ut
1175 4364 1298 4410 oceanum
1319 4362 1487 4423 Salaciamque
1504 4360 1561 4412 caeli
1582 4363 1636 4411 satu
1658 4363 1786 4421 Terraeque

188 4436 259 4486 modo
281 4437 327 4485 boc
348 4439 411 4488 recte
431 4450 573 4488 conversum
594 4439 670 4489 rideri
690 4443 781 4503 potest,
808 4444 834 4492 et
847 4456 919 4493 nome
939 4448 965 4494 et
1009 4450 1124 4509 conceptu
1137 4450 1261 4509 generatos
1274 4448 1401 4511 editosque
1415 4461 1576 4500 memoremus
1590 4467 1597 4497 ι
1610 4458 1640 4497 ex
1653 4447 1690 4496 liis
1705 4447 1783 4496 Phor·

186 4523 312 4573 enuntiare
333 4526 414 4573 ortum
436 4538 534 4585 eorum,
553 4526 633 4587 maius
648 4530 698 4591 est,
719 4542 793 4601 quam
814 4532 841 4581 ot
857 4532 963 4593 profiteri
1007 4536 1211 4598 armariorum
1228 4539 1345 4598 elopem
1362 4535 1494 4599 :deinceps
1512 4538 1598 4585 lovem
1616 4537 1688 4597 atque
1704 4536 1782 4583 Junc-

186 4610 293 4659 scribere
304 4624 349 4660 nas
361 4610 500 4662 audeamus.
533 4612 686 4664 credendam
701 4616 817 4666 nimimm
829 4621 867 4669 est
881 4621 964 4670 veteri·
1008 4634 1077 4685 nem,
1090 4622 1211 4685 reliquos,
1225 4637 1287 4686 quos
1301 4625 1385 4674 iratres
1397 4624 1460 4689 inter
1470 4637 1498 4674 se
1512 4626 1659 4686 agnatosque
1675 4622 1784 4685 usurpari

187 4696 232 4745 bus
248 4699 273 4747 et
284 4698 383 4760 priscis,
399 4700 425 4748 ut
443 4700 524 4762 aiunt,
537 4701 608 4765 uiris,
620 4703 662 4765 qui
675 4716 702 4753 se
715 4706 850 4768 progeniem
863 4707 963 4758 deorum
1009 4711 1082 4771 alque
1100 4710 1214 4773 appellari
1234 4711 1358 4774 ridemus,
1377 4715 1401 4761 et
1425 4725 1528 4773 eorum,
1547 4715 1575 4761 ut
1591 4714 1688 4761 utamur
1709 4710 1783 4761 veleri

188 4797 242 4834 csse
262 4784 380 4836 dicebant
413 4790 497 4851 ltaque
519 4800 604 4839 eorum
625 4792 741 4842 vocabula
758 4793 828 4843 nobis
850 4794 961 4856 prodide·
1007 4796 1089 4859 verbo,
1102 4799 1242 4861 prosapiam.
1254 4800 1280 4863 [θ
1290 4799 1338 4863 ta]
1349 4800 1451 4858 Quando
1464 4800 1534 4861 igitur
1546 4812 1628 4849 omnes
1642 4801 1667 4848 et
1678 4798 1719 4861 qui
1730 4811 1782 4847 mo·

187 4875 253 4921 runt.
285 4874 362 4924 Nosse
372 4876 453 4924 autern
473 4880 625 4938 generatores
645 4893 702 4929 suos
719 4880 812 4942 optime
829 4885 961 4944 poterant:
1008 4884 1437 4948 renturpalamque-ostendunturot
1452 4888 1494 4951 qui
1510 4889 1608 4938 eatenus
1627 4884 1783 4935 nobisdecla·
1838 4926 1839 4930 ,

188 4968 217 5004 ac
236 4957 417 5011 difficiletactu
440 4964 525 5024 esl,a
551 4965 598 5015 diis
617 4968 678 5019 ortis
694 4968 765 5018 iidem
784 4982 834 5019 non
861 4970 961 5030 lraberc;
1007 4974 1098 5034 rantur,
1111 4986 1159 5036 qua
1174 4973 1220 5036 ipsi
1237 4975 1337 5037 uolunt,
1351 4977 1573 5041 crealisunlstum
1587 4975 1617 5024 ad
1629 4988 1670 5025 eos
1679 4976 1699 5025 is
1710 4975 1781 5036 deus,

188 5051 333 5102 quamquam
353 5058 398 5094 nec
416 5050 561 5108 argumentis
578 5065 622 5102 nec
638 5054 770 5105 rationibus
789 5056 860 5107 certis
877 5070 961 5107 eorum
1006 5061 1048 5121 qui
1062 5061 1142 5109 omnia
1155 5062 1252 5124 genuit,
1263 5063 1326 5113 latur
1340 5082 1346 5113 r
1358 5066 1415 5114 llaec
1427 5077 1484 5126 vos,
1499 5045 1541 5127 qui
1558 5063 1658 5115 deorum
1672 5068 1725 5112 satu
1735 5062 1782 5113 orti

189 5126 266 5175 oratio
282 5132 437 5183 confirmatur
449 5147 456 5183 ι
466 5134 508 5184 sed
520 5139 577 5199 quia
589 5140 619 5190 de
630 5142 682 5191 suis
693 5143 764 5194 rebus
776 5145 840 5195 nolis
851 5145 962 5196 ridentur
1007 5146 1078 5209 estis,
1090 5148 1204 5198 attendite
1220 5169 1227 5200 ι
1241 5164 1344 5212 quorum
1357 5165 1455 5215 operum
1469 5166 1513 5215 egc
1534 5164 1621 5215 parens
1635 5150 1782 5213 ellectorqoo
