3959 5925
731 380 773 440 ιιι
802 382 974 444 crunon
995 385 1197 449 rucnoms.
1316 430 1322 446 ,
1646 357 1653 372 ’
1719 409 1771 460 ros

164 495 262 560 quidem
278 495 599 560 inconstantia,uonitsut
615 499 684 550 uobis
707 500 946 564 vidccccproreuit.
992 507 1197 573 mditdqnidem
1209 512 1334 584 sinusque
1347 514 1431 566 circuti
1452 519 1567 579 punctum
1582 533 1659 570 unum
1673 522 1807 578 etidem,
1876 509 1878 512 ¹

163 584 236 634 iiuiia
249 585 314 634 enim
333 584 359 634 in
369 583 458 634 divinis
479 587 573 636 actibus
593 586 773 651 inconstantia,
792 590 851 653 sed,
873 593 948 642 atita
991 595 1055 644 esset
1066 594 1129 646 int:
1141 598 1226 648 eadem
1234 599 1326 650 ratione
1335 600 1427 651 divisus
1436 602 1567 654 solstitialis
1585 619 1632 668 qua
1645 607 1772 672 zodiacus,

163 671 281 732 rideatur,
297 672 326 721 tit
338 684 370 722 ex
381 684 421 732 eo,
434 672 500 736 quod
515 673 564 724 iilis
579 674 665 736 positis
683 679 709 725 et
729 675 888 740 immobiliter
900 680 945 728 ad·
990 679 1017 731 in
1029 681 1115 732 iisdem
1133 684 1198 734 vitiis
1213 688 1238 736 ct
1251 687 1433 751 iniquitatibus,
1453 690 1615 755 inveniretur,
1635 695 1769 758 sodomum

163 759 310 810 haerentibus
329 758 432 822 propriis
443 760 553 824 circulis,
565 773 611 829 per
626 774 688 824 qnos
701 762 821 826 teruntur,
840 766 946 827 mquates
990 768 1064 818 modo
1077 771 1167 834 αβγδ
1180 772 1262 822 circuit
1276 774 1479 839 partesquatuor,
1492 777 1664 843 piuribusbas,
1677 781 1775 843 pando·
1837 745 1841 764 Ι

162 859 258 906 semper
269 845 428 908 ordinatoque
441 860 541 910 gessa,
554 850 637 898 noster
655 849 724 900 risus
737 849 794 900 icrri
813 853 945 914 eaperai·
994 856 1062 908 ribus
1080 857 1153 923 aiios,
1171 860 1250 911 obiret
1265 861 1358 932 diebus.
1402 865 1481 916 Sedsi
1498 866 1552 917 baec
1565 871 1648 917 contra
1664 871 1773 920 naturam

163 935 224 984 dora
241 946 351 984 convexa
366 934 473 996 signiferi
491 935 557 986 orbis
573 935 726 1000 imaginetur,
744 951 775 988 ex
795 939 946 991 ordinatione
990 945 1098 995 siderum
1121 947 1181 996 iaiso
1200 950 1284 1011 putare
1300 949 1410 1002 homines
1432 954 1493 1003 ratio
1507 957 1694 1019 monstraverit,
1709 961 1773 1008 certe

162 1022 210 1072 rati
221 1026 247 1072 et
264 1021 389 1083 aequabitis
407 1028 489 1073 morus
500 1026 613 1074 nascente
624 1029 693 1074 motu
711 1029 859 1088 prepostero
868 1028 942 1089 juxta
991 1033 1146 1096 perspicuum
1160 1037 1213 1098 erit,
1224 1037 1287 1087 iilius
1298 1038 1557 1105 globi,perquemsoi
1568 1046 1679 1094 movetur
1691 1081 1698 1107 ,
1711 1058 1773 1107 pun-

160 1109 375 1160 vau-nominum
387 1115 570 1173 consequenter.
602 1113 718 1163 Fatenim
729 1114 829 1176 mquaiis
843 1115 944 1178 quidem
989 1123 1056 1170 ctum
1069 1120 1246 1174 iuiuouesse.
1278 1129 1341 1190 Ergo
1349 1127 1454 1178 circulus
1468 1131 1507 1180 rei
1520 1131 1583 1180 inira
1597 1143 1624 1181 se
1640 1133 1773 1183 continebit

160 1203 249 1260 motus,
264 1199 306 1260 qui
318 1198 422 1261 aequatis
434 1199 656 1263 spadanquaiibos
664 1201 790 1252 curriculis
807 1206 944 1266 teurporum
990 1210 1012 1267 t,
1028 1208 1070 1258 sed
1087 1222 1135 1261 non
1146 1212 1175 1260 ut
1185 1214 1301 1273 puncturu
1320 1215 1360 1264 vei
1382 1215 1534 1266 medietatem
1556 1230 1563 1261 r
1579 1219 1618 1268 vei
1632 1232 1672 1280 per
1684 1219 1772 1269 idemb

160 1285 331 1348 conticit,siue
341 1284 655 1348 pigritia,reiincitatione.
693 1288 824 1355 ordinatus
837 1302 904 1352 vero,
918 1291 942 1340 iu
988 1296 1153 1360 transiet,vci
1164 1299 1276 1351 excludet
1291 1302 1580 1366 omninoagremiosuo.
1612 1307 1772 1370 Atenimper

159 1386 208 1437 quo
217 1385 297 1436 nequo
306 1373 623 1440 resndtur,necrctrorsunr
634 1373 785 1437 reditur,sed
793 1375 825 1426 ad
833 1378 945 1440 proxima
989 1384 1011 1444 t,
1026 1383 1050 1432 id
1066 1387 1104 1434 est
1117 1387 1218 1447 brram,
1228 1387 1263 1438 ire
1276 1389 1352 1438 soiem
1365 1388 1511 1452 impossibiie
1524 1395 1571 1442 est.
1584 1394 1769 1456 conflagrabant

158 1473 263 1524 qunque
281 1459 407 1511 moderato
420 1460 518 1541 incessu
534 1463 681 1525 pervenitur.
722 1463 841 1515 Videntur
859 1467 943 1516 tamen
989 1471 1055 1520 enim
1069 1473 1164 1522 terrena
1177 1473 1235 1524 soiis
1246 1467 1539 1543 ardoribus,semperqne
1548 1479 1606 1530 sciis
1615 1481 1687 1542 giobo
1698 1496 1770 1545 supe·

158 1547 229 1597 aobis
239 1547 432 1611 omnesquideru
445 1548 557 1610 planetes
569 1562 619 1599 nou
635 1551 724 1614 musii
743 1553 828 1613 motu,
843 1553 942 1616 quidam
989 1559 1053 1609 riore
1063 1560 1204 1626 exsistente,
1216 1562 1268 1612 dies
1285 1563 1331 1614 erit
1348 1547 1463 1629 perpetua
1477 1581 1484 1610 ι
1496 1581 1542 1618 nec
1558 1567 1636 1618 cidem
1659 1571 1770 1622 succedet

158 1639 238 1686 tamn
251 1635 634 1700 inordinataqnogueagitatione
648 1637 712 1687 ierri.
988 1658 1054 1705 nox,
1067 1660 1191 1710 nunquam
1206 1649 1297 1702 scilicet
1305 1657 1427 1714 mergente
1440 1656 1498 1705 soie.
1532 1658 1645 1720 Superest
1657 1659 1730 1721 igitur
1743 1668 1770 1710 ut

188 1726 410 1783 bublionem
427 1724 501 1788 igitur
514 1738 612 1775 causnu
632 1725 743 1777 dicemus
755 1727 828 1789 nujus
840 1727 942 1788 erroris,
987 1734 1248 1788 treiiutraambitum
1257 1723 1662 1806 solstitiaiiscircuiisit,rcicatra.
1678 1749 1770 1797 Utrum·
1871 1739 1873 1744 ’

156 1814 181 1863 0¹
201 1812 350 1874 timim?
368 1814 448 1876 supra
474 1816 649 1876 mmmm,
667 1827 683 1864 ὃ
698 1815 832 1878 Piflldssffl
847 1812 941 1867 intelle·
987 1823 1107 1886 qneeuim
1117 1833 1269 1888 assumptum
1277 1827 1394 1879 rationem
1407 1831 1494 1881 trabere
1507 1833 1687 1896 monstrabitur,
1699 1814 1772 1887 idest

155 1903 235 1963 marn,
248 1900 314 1964 quud
329 1902 440 1965 nnumin
450 1902 527 1963 giobis
537 1904 590 1953 suis
603 1904 763 1958 consistentes
773 1906 891 1968 terantur,
899 1919 942 1969 per
987 1913 1029 1960 aut
1049 1911 1141 1963 dintra
1153 1913 1286 1966 solstitialis
1300 1916 1384 1966 circuti
1406 1917 1525 1968 ambitum
1547 1931 1609 1982 esse,
1630 1923 1672 1971 aut
1693 1927 1770 1986 cntra,

156 1989 287 2039 Midum
300 1989 370 2049 feriis
387 1989 514 2051 limbum&
525 1991 804 2055 visitaciffiputentur.
838 1994 866 2044 id
879 1994 940 2044 adeo
986 2000 1060 2050 modo
1074 2000 1182 2063 epioycii.
1216 2005 1277 2062 Quoe
1290 2003 1512 2067 quidemresintcr
1522 2007 1704 2058 mathematicos
1721 2009 1772 2058 dia·

155 2077 182 2126 5¹¹
195 2077 276 2140 ‘litim
288 2090 318 2127 0¹
335 2077 488 2140 emmim,
500 2079 613 2129 immin
629 2094 668 2141 0⁰»
684 2094 727 2144 per
739 2095 811 2144 tuem
829 2082 943 2133 vitientur
986 2089 1147 2150 captationem
1167 2091 1267 2141 crearit.
1310 2091 1434 2155 Siquidem
1455 2095 1495 2144 aiii
1518 2095 1620 2156 spbaeris
1640 2097 1770 2158 eccentris,
1822 2105 1825 2110 '

156 2165 246 2228 omnia,
259 2165 311 2216 soie
324 2165 496 2216 consideretur.
528 2166 637 2217 sitenim
650 2168 767 2219 zodiacus
782 2169 887 2220 circulus
899 2184 942 2234 per
985 2161 1012 2226 id
1031 2177 1068 2226 est
1083 2189 1139 2240 quae
1150 2180 1239 2229 terram
1253 2179 1316 2230 intra
1334 2193 1361 2232 se
1382 2183 1520 2232 contineant
1542 2183 1648 2246 quidem,
1663 2185 1769 2234 sednon

162 2255 231 2316 3βῖ
243 2253 257 2302 δ
268 2254 339 2302 ”⁰¹⁸³
350 2252 511 2303 &immitti
527 2253 601 2316 [vidi
618 2253 719 2316 fituffiffl
732 2253 807 2318 Vllls
817 2259 901 2318 cuius,
916 2258 941 2306 02
987 2266 1014 2313 ut
1033 2267 1150 2329 paucum
1169 2281 1256 2330 suum,
1268 2268 1325 2318 nebi
1342 2268 1448 2332 planetas
1466 2272 1578 2321 asserum
1589 2270 1645 2320 :aiii
1658 2272 1771 2334 epicyciis

156 2345 263 2397 mittit
277 2344 377 2409 mundis
389 2344 553 2396 ῑῦωθᾶὶθῑῑῑθ
562 2345 730 2407 miiitum
743 2346 809 2409 (1⁰⁰⁶
825 2347 938 2409 istim
986 2353 1088 2416 potius,
1102 2354 1149 2406 boc
1166 2358 1242 2418 este
1263 2359 1328 2408 terra
1346 2359 1506 2422 reparativis,
1523 2372 1570 2410 nec
1587 2359 1768 2411 imminentibus

155 2446 253 2483 manera
261 2433 364 2482 dicimus
374 2434 480 2496 tanam,
488 2433 557 2483 iiters
568 2433 607 2495 sit,
619 2446 744 2496 perquam
753 2435 823 2485 tineae
834 2435 889 2485 duae
902 2435 940 2484 di·
985 2438 1008 2490 ei
1021 2439 1105 2502 globis.

153 2514 818 2585 rigmrur,oissecautcscircrtuminaquaoaormcusa
827 2527 940 2587 quatuor,
1017 2530 1125 2579 LXXIX.
1139 2529 1176 2580 Sit
1188 2529 1400 2593 igitursoistitieiis
1415 2535 1542 2582 eccentrus
1552 2533 1655 2585 circulus
1669 2549 1681 2584 s
1694 2541 1730 2594 ζη
1743 2551 1767 2595 κ,

153 2611 202 2659 bea
212 2625 228 2658 α
237 2626 261 2672 γ,
275 2608 456 2673 sosimenes
471 2611 574 2674 utreque
586 2610 740 2674 intelligatur,
757 2629 773 2661 α
791 2613 818 2661 iu
836 2612 939 2662 exordio
984 2617 1010 2666 et
1020 2616 1106 2666 babeat
1118 2619 1234 2679 punctum
1243 2618 1289 2668 sub
1301 2636 1313 2668 ι
1327 2625 1338 2677 ζ
1351 2619 1444 2670 ambitu
1456 2620 1602 2684 immediate,
1617 2621 1708 2672 scilicet
1724 2623 1766 2672 nbi

154 2699 235 2748 arietis
247 2699 371 2760 iocatum,
384 2697 546 2762 pinexordio
561 2700 652 2750 cancri
693 2702 755 2751 item
771 2716 786 2764 γ
802 2702 827 2750 iu
840 2700 954 2764 regione-
983 2706 1021 2753 est
1030 2704 1143 2768 p.[Vida
1153 2705 1254 2780 tiguram
1263 2706 1348 2770 viii]
1362 2707 1492 2769 Hocigitur
1507 2709 1596 2759 circuio
1610 2709 1635 2758 in
1647 2713 1768 2760 trecentas

152 2785 229 2850 bbrre,
240 2788 255 2836 δ
265 2787 410 2850 capricorni.
433 2790 507 2857 ‘Ergo
522 2787 563 2838 soi
574 2787 689 2839 emmens
701 2788 770 2851 ads,
783 2788 860 2840 iacere
871 2788 938 2839 ride·
984 2791 1108 2854 serenata
1120 2792 1229 2854 quinque
1239 2798 1319 2855 partes
1331 2805 1388 2844 curu
1397 2797 1483 2858 quarta
1497 2802 1563 2857 parte
1570 2797 1642 2847 unius
1651 2797 1768 2859 portionis

152 2876 193 2924 tur
202 2874 482 2938 aquboctiurnreruats
496 2874 544 2925 rad
557 2876 790 2940 dautemeastirara
799 2877 940 2927 conversio-
983 2877 1078 2942 diviso,
1096 2879 1127 2930 ad
1148 2881 1281 2930 earundem
1300 2882 1402 2943 partium
1416 2884 1655 2946 exequutionemct
1670 2885 1767 2948 quidem
1825 2881 1827 2886 ’

151 2977 219 3014 nem.
251 2962 377 3027 itemadr
387 2965 730 3028 commemorantium
743 2980 751 3011 τ
764 2966 795 3015 ad
808 2967 832 3027 δ,
844 2966 935 3015 biensa-
983 2965 1089 3015 ambitus
1095 2966 1227 3029 nonaginta
1233 2968 1336 3029 quatuor
1345 2968 1417 3017 semis
1427 2969 1578 3032 portionibus
1587 2972 1765 3025 continebitur:

151 3051 200 3102 iem
215 3052 409 3103 conversionem.
449 3052 562 3116 AEquaim
575 3066 633 3117 ergo
645 3056 725 3117 partes
739 3054 824 3104 mundi
835 3060 939 3117 quatuor
983 3052 1089 3103 tsvcro
1105 3050 1235 3125 nonaginta
1251 3050 1427 3111 decem,semis
1448 3051 1494 3102 erit
1511 3054 1625 3115 partium
1652 3057 1768 3113 ltemne

152 3141 196 3190 bas
209 3157 225 3188 u
238 3142 263 3204 β,
278 3142 293 3203 β
309 3157 333 3203 γ,
350 3157 365 3203 γ
381 3142 404 3200 δ,
421 3142 475 3203 δα,
491 3141 580 3203 iniquis
601 3144 626 3191 et
640 3141 772 3205 imparibus
790 3143 939 3205 temporibus
980 3132 1103 3200 'octoginta
1118 3144 1142 3188 et
1156 3140 1211 3187 octo
1224 3140 1304 3201 partes
1317 3138 1425 3201 babebit,
1436 3142 1544 3191 etunius
1559 3142 1635 3205 partis
1644 3145 1763 3194 octavam.

152 3228 248 3279 ridetur
258 3227 369 3279 circuire¹
406 3228 528 3292 siqnidem
540 3242 570 3279 ea
582 3229 729 3291 aequinoctio
740 3242 815 3279 verno
824 3229 855 3280 ad
867 3231 936 3280 msti-
982 3224 1102 3277 Residuus
1112 3225 1218 3275 ambitus
1230 3243 1246 3275 κ
1262 3243 1281 3299 cv
1290 3238 1319 3276 ex
1328 3226 1456 3289 nonaginta
1467 3228 1592 3279 constabit
1604 3232 1724 3293 partibus,
1739 3233 1764 3281 et

150 3330 208 3367 ram
221 3317 420 3379 conrmsionern,
438 3318 543 3381 spatium
560 3317 615 3368 cneii
637 3316 704 3380 quod
724 3317 864 3381 interiacet,
887 3319 938 3369 tero
982 3318 1068 3366 cctam
1078 3315 1149 3363 unius
1159 3315 1243 3377 partis.
1276 3315 1529 3379 Necesseestitaqne,
1545 3319 1766 3369 utcumsoiacce·

151 3405 282 3467 umagiuta
294 3408 398 3469 quatuor
412 3408 437 3456 et
455 3406 528 3456 minis
548 3405 635 3457 diebus
653 3408 679 3456 et
692 3406 804 3456 noctibus
823 3407 932 3458 conicit.
982 3402 1025 3453 dat
1039 3403 1069 3453 sd
1083 3416 1136 3453 earn
1150 3402 1348 3465 ponemusque
1360 3406 1398 3453 est
1409 3420 1429 3465 a,
1447 3403 1518 3455 nobis
1529 3405 1554 3454 in
1569 3408 1660 3468 puncto
1673 3405 1764 3467 menti·

151 3497 190 3543 En
202 3495 360 3543 mnrersiouc
374 3506 434 3542 aero
444 3494 529 3543 estias
537 3508 614 3557 usque
622 3494 653 3545 ed
663 3494 819 3545 auctumnaie
827 3494 936 3558 aeqmno-
982 3490 1029 3540 bus
1035 3488 1118 3539 mundi
1136 3490 1225 3551 totius,
1235 3489 1258 3539 id
1269 3491 1315 3552 est,
1327 3493 1391 3539 terra
1399 3494 1420 3551 t,
1431 3490 1520 3541 etinda
1531 3491 1610 3553 quoad
1623 3504 1762 3553 pumumns,

151 3581 228 3630 edum
238 3580 369 3642 nonaginta
380 3579 476 3629 duobus
485 3581 510 3629 et
519 3582 594 3629 semis
603 3579 841 3631 diebusetnoctibns
852 3574 951 3643 perse·¹
982 3577 1143 3639 intuentibus,
1158 3590 1256 3640 supera
1275 3580 1334 3628 tunc
1351 3578 1406 3629 terri
1428 3576 1536 3627 rideatur
1555 3596 1561 3627 ι
1575 3590 1630 3626 curn
1643 3576 1684 3626 iiia
1697 3578 1763 3641 regio

149 3667 197 3716 nit.
232 3666 271 3716 nb
284 3665 430 3715 auctumnaii
441 3679 512 3726 porro
528 3666 673 3727 acquinoctio
684 3678 784 3729 pergens
794 3666 826 3716 ad
837 3667 935 3719 brucus
982 3676 1032 3713 non
1052 3664 1182 3715 solstitialis
1204 3664 1297 3726 circuli,
1316 3663 1360 3713 sed
1386 3663 1497 3724 zodiaci,
1523 3662 1555 3713 sit
1575 3662 1652 3712 mutto
1673 3662 1761 3713 altioris

150 3754 201 3805 tem
221 3755 403 3804 mnrersionem
422 3754 544 3815 octogiuta
566 3753 622 3802 octo
647 3752 733 3803 diebus
760 3756 886 3818 pervenit,
911 3760 936 3807 et
981 3752 1122 3814 summitas,
1135 3751 1476 3814 adquamrisusnonpotest
1489 3750 1622 3813 pervenire.
1636 3753 1716 3815 Atque
1729 3752 1764 3801 ita

152 3844 314 3905 omaraparte
324 3840 667 3892 uniusdiei.iiesidunmitem
677 3840 936 3905 spatiumquooiascr
980 3854 1024 3904 per
1037 3846 1074 3899 ιζ
1091 3841 1207 3891 ambitum
1227 3852 1310 3890 means
1323 3840 1486 3903 equabitirer,
1503 3839 1545 3903 qm·
1565 3840 1670 3891 ambitus
1684 3841 1761 3891 tribus

149 3932 286 3982 brumalem
294 3930 479 3981 conversionem
494 3931 520 3979 et
537 3940 638 3981 vernum
652 3928 825 3992 cucumerum
838 3930 934 3994 interje·
979 3930 1066 3981 ceteris
1079 3930 1155 3991 maior
1166 3930 1212 3991 est,
1224 3928 1341 3990 pturibus,
1352 3930 1381 3978 ut
1390 3940 1487 3978 necesse
1496 3931 1542 3989 cst,
1551 3928 1637 3979 diebus
1647 3928 1763 3991 majorem

150 4023 189 4070 cet
202 4019 328 4081 nonaginta
342 4017 500 4078 ierediebus,
510 4018 536 4067 et
551 4018 619 4079 parte
638 4019 725 4067 octava
740 4016 803 4080 diei,
826 4018 934 4069 conficit.
980 4018 1097 4069 ambitum
1114 4018 1251 4080 conficiens,
1266 4018 1309 4067 ubi
1324 4016 1355 4067 cd
1368 4022 1380 4075 ζ
1392 4018 1536 4081 pervenerit,
1552 4018 1582 4066 ad
1596 4019 1611 4082 β
1625 4017 1762 4081 pervenisse

150 4112 330 4173 Proptereaque
350 4089 448 4159 omnem
460 4108 544 4159 circuit
559 4111 666 4158 meatum
685 4108 798 4159 decentis
811 4108 934 4173 ungium
980 4107 1102 4158 videbitur
1117 4123 1123 4154 ι
1137 4107 1162 4156 et
1177 4107 1293 4187 uuquam
1309 4123 1326 4155 α
1339 4108 1355 4170 β
1369 4109 1493 4169 peragrato
1513 4105 1621 4167 ambitu,
1642 4103 1761 4169 monsieur

150 4200 257 4263 quinque
267 4197 368 4262 diebus,
385 4210 415 4247 ac
430 4196 557 4259 noctibus,
569 4198 594 4247 et
608 4200 771 4260 partequarta
780 4196 836 4257 diei,
849 4210 935 4261 prope·
979 4197 1090 4261 quartam
1102 4198 1196 4259 partera
1210 4195 1301 4245 zodiaci
1312 4194 1394 4246 circuli
1413 4194 1536 4258 pluribus,
1556 4207 1629 4257 quarn
1648 4194 1709 4243 ratio
1725 4206 1759 4243 m·

148 4287 248 4336 modurn
264 4285 331 4336 obire
341 4298 458 4335 consensu
474 4284 583 4335 omnium
592 4284 706 4335 creditur.
717 4287 737 4334 ii
747 4284 845 4348 regim
854 4285 933 4347 gerni·
979 4283 1127 4348 quabiiitatis
1140 4284 1228 4347 erigit,
1240 4283 1326 4335 diebus
1337 4283 1418 4334 obisse
1429 4283 1545 4333 creditur.
1558 4285 1710 4345 itursumquc
1724 4286 1760 4339 tr,

147 4387 234 4423 norum
247 4372 408 4435 tardissimus,
419 4386 435 4423 e
449 4372 539 4423 tinibus
548 4372 663 4435 sagittarii
672 4374 778 4425 roinoer.
802 4374 897 4424 Medius
905 4372 931 4422 iu
978 4375 1070 4426 ambitu
1080 4374 1119 4426 sui
1134 4374 1219 4425 circuti
1228 4374 1343 4425 emundas
1356 4366 1527 4437 magnitudinis
1539 4377 1662 4435 peragrato
1676 4384 1759 4435 sequa·

146 4462 541 4525 muurmmumvirginisqusm
552 4462 744 4525 etiarnpiscium.
775 4462 933 4534 Fieritamen
980 4462 1060 4513 biiiter
1071 4462 1156 4513 diebus
1173 4461 1303 4525 nonaginta
1314 4461 1409 4513 duobn
1425 4461 1497 4512 seruis
1517 4462 1570 4522 (tot
1582 4460 1647 4510 enim
1656 4460 1758 4521 partium

147 4564 198 4601 nou
213 4552 308 4615 potest,
324 4552 447 4601 utcontra
457 4553 569 4601 natarum
589 4562 673 4613 suam,
695 4549 824 4601 divinitate
842 4549 931 4612 prudi-
976 4554 1014 4601 est
1030 4551 1095 4601 idem
1106 4550 1228 4613 arnbitus)
1242 4550 1284 4599 ubi
1295 4548 1325 4599 ad
1342 4549 1519 4612 sperreuerit,
1532 4547 1629 4597 videtm
1645 4546 1714 4597 nobis
1725 4546 1754 4595 ad

147 4641 207 4702 hm,
223 4641 295 4693 iacnt
315 4639 405 4705 siquid
408 4677 418 4703 ,
435 4640 474 4689 rel
495 4639 598 4702 patiatur
615 4638 779 4689 inordinatum
828 4640 864 4686 br
883 4651 932 4700 qno
976 4653 991 4699 γ
1006 4636 1143 4700 pervenisse
1157 4655 1163 4685 ι
1175 4641 1200 4686 et
1214 4638 1229 4700 β
1241 4652 1256 4699 γ
1269 4634 1397 4696 ambitum,
1411 4635 1479 4685 reiut
1489 4634 1607 4697 aeqnaiern
1620 4632 1692 4697 priori
1701 4646 1760 4697 pau·

149 4731 261 4791 apparet,
272 4742 318 4793 per
336 4742 409 4780 suum
427 4726 544 4778 circutum
562 4727 587 4777 ct
601 4727 676 4776 solem
689 4729 715 4777 et
738 4726 830 4791 ceteras
849 4725 932 4775 sicitas
975 4724 1081 4775 cioribus
1094 4723 1179 4774 diebus
1192 4736 1316 4774 emensus.
1341 4722 1481 4785 Eodemque
1492 4722 1590 4781 modos
1602 4739 1619 4770 rr
1630 4721 1759 4771 minimum

147 4820 257 4865 meantes
274 4816 439 4879 requabiiiter,
453 4814 724 4878 etordiuetc,nobiso
745 4814 844 4876 regione
859 4814 932 4863 terrm
974 4810 1094 4862 ambitum
1116 4810 1231 4872 manans,
1242 4811 1326 4874 utpote
1338 4809 1380 4873 qui
1391 4809 1455 4860 sitin
1464 4810 1586 4873 octoginta
1600 4808 1717 4871 partibus,
1734 4811 1758 4858 et

148 4902 313 4967 sperantibus
324 4904 402 4956 rideri
415 4917 460 4968 per
479 4920 496 4953 c
517 4905 532 4968 β
546 4920 562 4966 γ
580 4904 594 4952 t
616 4901 750 4969 circuitur,
768 4900 811 4964 qni
830 4884 932 4951 estnon
976 4902 1076 4963 ocinum
1096 4898 1138 4949 ubi
1152 4900 1254 4949 totidem
1271 4898 1357 4949 diobm
1371 4897 1473 4961 obierit,
1492 4896 1674 4959 perveneritgua
1684 4894 1716 4945 ad
1727 4912 1753 4957 κ,

150 4986 295 5054 solstitiaiis,
304 4990 348 5041 sed
361 4992 488 5056 Bsdbcus,
499 5003 588 5043 meare
976 4988 1119 5051 eregionei
1131 4986 1310 5051 spectantibus,
1327 4984 1448 5036 videbitur
1460 4984 1557 5047 quidem
1574 4984 1630 5036 terri
1646 4996 1721 5047 supra
1734 4984 1758 5045 t,

178 5079 313 5129 bxiivlii.
328 5078 391 5139 Quia
400 5079 474 5143 igitur
483 5093 533 5131 nou
542 5075 725 5142 perzodiacum
738 5076 803 5127 boae
814 5074 931 5127 circutum
976 5076 1099 5139 putabitur
1110 5078 1190 5128 autam
1202 5078 1242 5141 γδ
1257 5075 1374 5125 ambitura
1389 5074 1506 5137 equaiem
1522 5075 1619 5137 ceteris,
1638 5072 1758 5138 pauciori-

148 5166 199 5229 soi,
212 5167 255 5219 scd
267 5180 310 5231 per
321 5167 396 5219 atium
407 5168 564 5231 solstitialem,
581 5166 623 5231 qui
640 5167 678 5217 est
690 5164 742 5226 ejus
756 5163 877 5229 proprius,
891 5163 931 5215 in-
975 5164 1203 5217 busdicbusobisse.
1213 5162 1652 5227 similiqueerrorispsrsererantiasc
1661 5161 1751 5211 ambitu
