3959 5925
708 403 944 465 FRAGMENTA
965 403 1095 462 vlltlA.
1416 420 1428 435 “
1653 416 1687 465 Π

100 536 168 610 μηδὲ
196 531 306 610 νομίζειν
333 531 371 567 ¹⁷⁵
398 530 443 590 τὸν
467 532 638 609 ἡμαρτηκότα
660 532 696 607 μὴ
717 532 778 611 παρ’
797 533 873 591 αὐτὸν
919 534 1111 613 ἁμαρτήματα,
1125 531 1159 590 τδ
1177 538 1292 592 τοιαῦτα·
1314 534 1689 615 λέγειν,”ἐρωτᾶν,“άποκρίνε·

99 622 302 701 ἡμαρτηκέναι,
318 620 422 679 πάντων
437 617 635 699 ἁμαρτανόντων
652 620 725 697 παρὰ
740 622 787 689 τήν
803 620 871 680 illul
918 627 991 693 σθαι,
1006 632 1173 700 περιπατεῖν,
1190 624 1353 701 ἀποδημεῖν,
1375 626 1419 684 καὶ
1437 626 1470 685 τδι
1490 626 1586 692 τούτοις
1604 649 1689 705 παρα·

97 712 197 769 κακίαν
212 708 259 757 ¹7⁶·
276 710 307 767 δι’
319 710 333 770 θ
355 708 399 767 καὶ
414 709 520 774 δεόντως
535 708 652 786 λέγεσθαι
666 710 700 767 τὀ·
711 708 790 784 μηδὲν
808 732 872 788 συγ·
917 711 1027 781 πλήσια.
1042 712 1134 770 Πάντα
1148 710 1176 769 δὲ
1186 712 1219 771 τδ
1233 711 1424 791 κατορθώματα
1437 714 1689 793 δικαιοπραγήματα

97 801 211 873 γνώμην
233 798 301 875 ἔχειν
321 804 374 861 τοῖς
398 795 598 874 ἁμαρτάνουσιν.
620 797 684 854 Οὐδ’
697 799 798 867 ἐπιεικῆ
822 820 872 877 φα·
916 787 1055 872 εἶναι,κα“ι
1067 797 1223 872 εὖνοήματα,
1240 798 1285 857 καὶ
1294 801 1492 877 εὐτακτήματα,
1509 806 1553 860 καὶ
1568 806 1688 872 εὐεπιτη-
1779 820 1783 824 ·

96 909 140 943 σιν
149 894 186 933 ¹7³
200 874 263 943 εἶναι
273 884 315 943 τὸν
326 882 525 961 δγαθδνάνδρα,
538 882 581 941 τδν
596 882 646 961 γὰρ
661 885 761 953 ἐπιεικῆ
775 907 871 963 παραι-
916 885 1049 963 δεύματα,
1068 885 1113 944 καὶ
1128 887 1314 964 εὐτυχήματα,
1334 888 1379 945 καῖ
1402 889 1629 965 εὖδαιμονήματα,
1642 890 1689 948 καὶ

81 960 203 1039 ’τητικδν
224 960 289 1029 εἶναι
301 976 347 1041 τῆς
361 972 419 1027 κατ’
435 969 508 1038 ιἰξίαν
522 969 664 1041 κολάσεως,
675 969 720 1028 καλ
734 975 778 1031 τοῦ
793 974 871 1029 αὐτοῦ
916 967 1117 1051 εὐκαιρήμάτα,
1127 971 1172 1029 καλ
1186 973 1419 1050 εὐσχημονήματα·
1440 978 1489 1034 οὒκ
1506 975 1546 1033 ἔτι
1558 976 1645 1053 μέντοι
1658 1001 1687 1054 γε

96 1051 165 1117 εἶναι
181 1062 281 1128 ἐπιεικῆ
299 1081 327 1116 τε
341 1048 425 1131 εἶναι,
449 1055 493 1115 καλ
512 1057 704 1131 ὑπολαμόάνειν
719 1058 764 1124 τδις
776 1060 805 1117 ἐκ
825 1064 870 1117 τοῦ
915 1059 1101 1137 φρονιμήματα
1115 1058 1161 1132 ¹7⁸,
1176 1060 1244 1119 ἀλλδ
1256 1060 1323 1135 μόνα
1341 1061 1375 1119 τὰ
1388 1064 1439 1119 άπὸ
1460 1064 1622 1143 φρονήσεως,
1643 1064 1688 1123 καλ

94 1138 147 1221 νόμ
164 1143 350 1222 υτειαγμένας
363 1142 482 1209 κολάσεις
497 1153 550 1209 τοῖς
564 1145 681 1203 ἀδικοῦσι
695 1146 869 1225 σκληροτέρας
915 1148 1009 1220 ὁμοίως
1022 1146 1066 1204 inl
1081 1150 1133 1204 τών
1148 1146 1232 1205 ἄλλων
1249 1148 1362 1226 ἀρετῶν,
1376 1152 1399 1207 εἰ
1410 1148 1455 1207 καλ
1469 1149 1506 1226 μή
1521 1152 1685 1227 ὠνόμασται,

95 1224 180 1305 εἶναι,
227 1233 278 1290 iri
292 1236 409 1309 ἡγεῖσθαι
422 1231 495 1309 παρδι
506 1231 553 1301 τὴν
569 1230 641 1299 ἀξίαν
661 1231 803 1309 ἀπονέμειν
819 1236 867 1301 τὰς
914 1223 966 1290 οἷον
983 1236 1179 1312 σωφρονήματα
1199 1232 1245 1308 μέν
1264 1234 1298 1291 τδ
1314 1234 1366 1293 άπδ
1379 1236 1554 1316 σωφροσύνης·
1576 1238 1688 1296 δικαιώ-·

94 1320 220 1387 κολάσεις
234 1316 276 1377 τόν
287 1306 438 1394 νομοθέτην.
452 1317 505 1378 Τόν
518 1341 546 1376 τε
559 1318 637 1395 νόμον
649 1320 787 1407 σπουδαῖόν
804 1312 870 1381 εἷναί
914 1341 987 1397 ματα
1003 1318 1031 1377 δι’
1039 1364 1048 1395 ,
1064 1319 1098 1377 td
1112 1320 1164 1378 άπὸ
1179 1321 1350 1391 δικαιοσύνης.
1367 1321 1412 1382 Τὰ
1426 1322 1453 1381 δέ
1467 1324 1646 1401 ἁμαρτήματα
1657 1326 1688 1383 ἐκ

94 1429 179 1482 φασι,
199 1406 272 1483 λόγον
289 1405 363 1488 ὀρθὸν
385 1404 447 1463 ὄντα
462 1404 657 1486 πρυφτακτικδν,
667 1407 713 1482 μὲν
727 1413 777 1466 τῶν
791 1432 869 1481 ποιη-
913 1409 964 1465 τῶν
978 1405 1160 1482 ἀντικειμένων
1170 1408 1415 1485 α’δικοπραγήματα,
1429 1408 1474 1467 καλ
1493 1410 1629 1487 άνοήματα
1642 1411 1687 1468 καὶ

92 1493 176 1565 τέων,
190 1492 393 1572 όπαγορευτικδν
407 1492 434 1549 δὲ
446 1494 540 1562 τῶγοῦ
556 1494 693 1565 ποιητέων.
714 1497 768 1554 Τοῦ
782 1495 809 1553 δὲ
820 1496 867 1556 νό-
913 1496 1098 1571 άτακτήματα.
1108 1492 1243 1573 Διαφέρειν
1256 1503 1293 1541 ¹⁷⁹
1305 1494 1332 1552 δὲ
1341 1495 1469 1574 λέγουσιν,
1484 1495 1572 1577 ὥσπερ
1587 1497 1687 1576 αἱρετόν

93 1605 145 1657 μου
158 1581 261 1640 άστείου
272 1581 361 1652 ὄντος,
376 1578 420 1637 καὶ
434 1582 448 1635 θ
463 1578 571 1654 νόμιμος
587 1581 686 1647 άστεῖος
704 1581 779 1661 άνήρ·
795 1582 868 1659 νόμι·
913 1582 958 1639 καί
973 1581 1103 1661 αἱρετέον,
1118 1581 1185 1639 οθτω
1196 1582 1241 1639 καὶ
1255 1581 1360 1660 ὀρεκτδν
1370 1583 1415 1641 καὶ
1427 1583 1555 1662 όρεκτέυν,
1569 1585 1614 1643 καὶ
1627 1590 1687 1663 βου-

92 1694 142 1745 μον
156 1669 203 1745 μέν
213 1658 337 1748 γὰρεῖναι
347 1667 426 1747 ἄνδρα
434 1668 477 1727 τὸν
488 1668 688 1738 ἀκολουθητικδν
697 1672 734 1749 τῷ
744 1669 816 1748 νόμῳ
824 1668 868 1729 καλ
912 1668 991 1739 λητδν
1004 1669 1048 1727 καὶ
1064 1670 1216 1744 βουλητέον,
1231 1668 1277 1725 καὶ
1291 1669 1434 1727 άποδεκτδν
1450 1671 1496 1729 καῖ
1514 1671 1682 1730 ἀποδεκτέον.

93 1758 238 1836 πρακτικδν
259 1760 312 1814 τῶν
332 1759 376 1814 ὑπ’
399 1759 477 1812 αὐτοῦ
499 1754 742 1831 προσταττομένων·
763 1756 868 1831 νομικδν
913 1753 1012 1834 Αίρετδι
1027 1754 1137 1831 μὲνγὰρ
1154 1746 1225 1813 ,εἶναι
1247 1755 1292 1811 καὶ
1317 1756 1444 1834 βουλητά,
1461 1757 1507 1814 καλ
1526 1759 1621 1835 ὀρεκτὰ
1640 1758 1685 1816 κοιλ

93 1844 135 1915 δέ,
152 1843 196 1901 τδν
213 1842 363 1920 ἔξηγητικδν
378 1846 423 1899 τοῦ
438 1840 557 1916 νομίμου.
574 1842 682 1913 Μηδένα
695 1842 722 1901 δὲ
736 1846 787 1903 τῶν
803 1840 868 1923 φαύ-
913 1840 1044 1899 θποδεκτδ
1065 1841 1099 1900 τά
1122 1840 1218 1918 ἀγαθά·
1246 1841 1351 1919 αἱρετέα
1371 1843 1457 1902 δὲκαὶ
1474 1845 1619 1921 βουλητέα,
1640 1847 1685 1903 καὶ

91 1934 146 1989 λων
162 1931 228 2007 μήτε
240 1929 350 2007 νόμιμον
361 1920 425 1988 εἶναι
444 1928 510 2004 μήτε
525 1930 639 2002 νομικόν.
912 1928 1034 2005 όρεκτέα,
1049 1927 1094 1987 καλ
1110 1926 1256 1988 ἀποδεκτία
1271 1929 1288 1987 θ
1301 1930 1509 2009 κατηγορήματα
1524 1930 1586 1991 ὄντα
1598 1954 1685 2011 παρα-

132 2017 195 2077 ’Έτι
209 2018 236 2083 δὲ
251 2021 301 2075 τῶν
316 2016 500 2095 ἐνεργημάτων
514 2017 577 2095 φασί
591 2017 625 2073 τδι
636 2014 683 2091 μέν
697 2006 763 2073 εἶναι
776 2037 869 2093 κατορ·
913 2014 1019 2087 κείμενά
1041 2016 1097 2071 ἐστι
1109 2023 1161 2081 τοῖς
1171 2018 1283 2092 ἀγαθοῖς.
1299 2018 1434 2094 Αίρεῖσθαι
1448 2018 1495 2093 μὲν
1508 2018 1559 2098 γὰρ
1569 2024 1639 2096 ἡμᾶς
1650 2020 1683 2077 τδι

93 2102 220 2177 θώματα,
231 2102 265 2160 τά
279 2101 306 2160 δὲ
322 2103 519 2181 ἁμαρτήματα,
535 2101 568 2159 τὰ
581 2102 602 2159 δ’
616 2102 748 2181 οὐδέτερα.
765 2106 868 2179 Καθορ·
913 2101 1016 2180 αἱρετέα
1030 2104 1075 2159 καὶ
1089 2103 1226 2180 βούλεσθαι
1239 2104 1272 2162 ed
1288 2105 1433 2182 βουλητέα,
1448 2106 1494 2164 καλ
1505 2106 1637 2185 ὀρέγεσθαι
1650 2106 1685 2165 τδι

94 2189 206 2266 θώματα
223 2190 270 2265 μέν
284 2182 328 2246 τέκ’
338 2194 453 2247 τοιαῦτα·
469 2198 583 2267 φρονεῖν,
599 2198 750 2269 σωφρονεῖν,
767 2193 867 2248 δικαιο-
912 2186 1031 2268 ὀρεκτέα.
1048 2192 1280 2269 Κατηγυρημάτων
1294 2193 1345 2271 γδιρ
1362 2193 1391 2251 αῖ
1401 2217 1429 2251 τε
1447 2194 1558 2272 αἱρέσεις
1570 2194 1615 2253 καὶ
1630 2194 1684 2271 δρέ-

91 2282 213 2355 πραγεῐν,
224 2278 335 2358 χαίρειν,
353 2281 509 2356 εὐεργετεῖν,
527 2280 723 2357 εὐφραίνεσθαι,
737 2280 867 2358 φρονίμως
912 2277 960 2345 ξεις
981 2274 1029 2336 Ικαὶ
1053 2280 1187 2355 βουλήσεις
1207 2274 1350 2357 γίγνὸνται,
1370 2278 1459 2359 ώσπερ
1481 2281 1526 2340 καὶ
1549 2284 1575 2339 αἱ
1597 2279 1684 2357 θρμαίὲ

91 2367 254 2443 περιπατεῖν,
264 2365 341 2424 πάνθ’
353 2362 478 2423 θσακατδι
489 2364 531 2421 τὸν
546 2365 618 2443 ὀρθὸν
629 2364 704 2439 λόγον
715 2365 866 2443 πράττεται·
912 2365 981 2443 ἔχειν
997 2364 1084 2441 μέντοι
1104 2365 1263 2444 αἱρούμεθα,
1282 2367 1327 2426 καὶ
1346 2368 1508 2444 βουλόμεθα,
1525 2371 1569 2428 καλ
1590 2368 1685 2444 ὁμοίως

91 2452 272 2530 ἁμαρτήματα
286 2452 308 2511 δ’
325 2444 407 2523 εἶναι,
421 2453 452 2509 τό
464 2474 492 2509 τε
503 2450 647 2531 ἀφραίνειν,
664 2451 708 2511 καὶ
722 2453 752 2510 τδ
766 2454 866 2509 άκολα-
912 2454 1053 2530 ὀρεγόμεθα
1066 2454 1185 2529 τάγαθά,
1210 2454 1248 2511 διδ
1262 2452 1308 2511 καλ
1322 2454 1414 2532 αίρετδ
1436 2454 1480 2512 καῖ
1505 2453 1620 2533 βουλητδ
1639 2454 1683 2511 καὶ

91 2540 215 2613 σταένειν,
240 2538 333 2597 καὶτὸ
353 2540 467 2611 ἀδικεῖν,
492 2538 537 2597 καὶ
559 2539 589 2596 τδ
604 2541 755 2611 λυπεῖσθαι,
773 2540 818 2597 καί
837 2541 866 2599 τό
912 2540 1007 2617 όρεκτδι
1037 2540 1123 2616 αἰγαιθά
1145 2542 1212 2600 ἐστι.
1237 2541 1294 2611 Τὴν
1320 2539 1370 2617 γδρ
1398 2541 1520 2621 φρόνησιν
1541 2539 1683 2620 αἱρούμεθα

91 2626 243 2705 φοόεῖσθαι,
256 2626 301 2685 καὶ
316 2626 345 2684 τὸ
356 2624 486 2699 κλέπτειν,
498 2624 542 2682 καὶ
554 2625 663 2685 καθόλου
674 2626 723 2687 όσα
733 2649 805 2707 παρα
823 2628 866 2685 τὸν
911 2628 988 2704 ἔχειν,
1005 2626 1050 2685 καὶ
1063 2626 1110 2695 τὴν
1125 2624 1302 2705 σωφροσύνην·
1318 2628 1348 2684 οὗ
1363 2624 1401 2704 μδ
1416 2626 1468 2685 Δία
1477 2627 1507 2685 τδ
1523 2633 1626 2705 φρονεῖν
1638 2624 1683 2681 καὶ

91 2714 165 2793 υρθδν
191 2713 265 2792 λόγον
285 2716 437 2791 πράττεται·
457 2711 515 2771 οὔτε
537 2712 564 2771 δὲ
589 2712 781 2794 κατορθώματα
807 2715 865 2773 οὔτε
912 2721 1070 2793 σωφρονεῖν,
1094 2712 1223 2788 ἀσώματα
1241 2713 1303 2771 ὄντα
1321 2713 1366 2772 καί
1391 2714 1608 2792 κατηγορήματα.
1627 2710 1683 2771 Λέ-

88 2890 174 2925 eurum
186 2877 226 2938 qul
237 2890 297 2938 epus
306 2879 418 2927 rusticum
432 2877 528 2927 leniunt.
539 2880 570 2927 ll
581 2879 727 2928 meritorium
738 2866 864 2927 ὀτῖῖθοῖυιο
888 2887 891 2922 ι
909 2882 1007 2942 rupere,
1027 2882 1197 2939 temperantem
1218 2891 1284 2938 esre,
1297 2877 1360 2937 iuste
1371 2890 1448 2939 egere,
1469 2878 1587 2940 gaudere,
1608 2879 1682 2928 bene·

91 2964 140 3013 dici
155 2965 266 3026 peritiam
276 2979 349 3028 upurn
361 2966 424 3027 large
439 2965 651 3028 comparandarum
664 2970 689 3015 et
700 2967 810 3016 lrnbitum
824 2967 864 3028 qui
909 2966 995 3026 lucere,
1007 2965 1097 3025 interl,
1111 2965 1241 3027 prudenter
1260 2965 1391 3026 ambulare,
1405 2966 1508 3027 denique
1528 2967 1608 3015 omnin
1625 2980 1681 3030 qun

85 3051 163 3100 eliruli
176 3057 203 3099 ul
218 3053 273 3112 epte
292 3052 317 3100 iu
330 3052 427 3114 negotiis
447 3065 569 3103 versemur
583 3053 653 3102 simul
667 3052 696 3101 ad
710 3053 806 3102 diritieu
820 3067 862 3114 pa·
908 3052 972 3100 recle
986 3050 1076 3099 rutiune
1090 3051 1151 3099 duee
1174 3051 1249 3112 liunt3
1262 3056 1358 3112 peeeetn
1372 3056 1452 3100 eutem
1469 3064 1538 3112 eree,
1560 3050 1681 3114 desipere,

86 3138 194 3198 render,
216 3138 287 3188 timul
314 3139 344 3188 ud
367 3139 540 3189 renuerrundee
565 3146 590 3189 et
613 3139 784 3202 impendendus
809 3153 864 3189 eum
908 3138 1036 3199 illidium,
1047 3139 1135 3199 injuste
1149 3151 1231 3199 egere,
1246 3138 1404 3200 ilerndolere,
1419 3152 1489 3200 purru
1507 3140 1600 3200 timere,
1615 3152 1679 3201 prle-

86 3231 191 3286 quoerlu.
222 3227 313 3274 Verum
328 3227 449 3287 pecundum
464 3240 574 3289 quaerere
586 3227 625 3276 ulii
635 3207 755 3288 mediunr,
768 3228 808 3276 elii
820 3227 862 3276 Ιιο·
907 3227 972 3274 terea
985 3225 1059 3274 lururi
1075 3228 1147 3287 utque
1162 3227 1260 3274 urunlnu
1272 3238 1420 3288 quecunque
1435 3228 1522 3289 preter
1533 3228 1622 3275 rentem
1638 3239 1679 3276 re-

86 3312 375 3362 neslurneeeedixeruul.
388 3313 655 3376 caeoeruurlmprulrum
669 3313 788 3363 nemiuem
802 3319 864 3364 reule
895 3313 998 3363 tionum
1018 3313 1091 3374 θοοῖς
1105 3312 1207 3374 denique
1227 3325 1306 3375 neque
1325 3316 1389 3363 reete
1407 3313 1468 3362 lucta
1485 3326 1562 3376 neque
1583 3319 1681 3375 peecutu
1759 3341 1763 3351 ·

85 3398 184 3447 familie
202 3411 319 3461 prreeere,
342 3411 387 3448 neu
407 3398 506 3448 domum
522 3399 583 3449 bene
605 3400 769 3450 administrare
783 3414 861 3464 posue.
907 3401 989 3450 heberi
1002 3401 1077 3450 telier
1090 3399 1183 3461 dicere,
1199 3400 1356 3462 lulerruqere,
1370 3400 1527 3463 respendere,
1541 3401 1680 3462 ambulare,

85 3485 172 3534 sulum
184 3485 294 3535 videlieet
307 3485 386 3535 uirum
403 3485 495 3536 hunum
508 3487 644 3550 queereudnr
663 3489 772 3550 pecunie
786 3488 861 3536 erlisr·
906 3487 1049 3551 peregrinari
1061 3492 1085 3537 et
1096 3487 1191 3537 similla.
1215 3489 1444 3538 omniererureete
1460 3488 1590 3537 incinuere
1606 3488 1679 3536 etiem

85 3583 140 3620 cem
155 3583 221 3632 esee,
235 3573 324 3635 quippe
340 3573 381 3634 qul
395 3573 453 3622 ruint
472 3573 534 3623 unde
551 3574 663 3636 perendoe
675 3576 724 3625 siut
735 3575 826 3625 diritire
837 3578 863 3625 et
905 3573 972 3634 juste
983 3577 1008 3622 et
1020 3574 1123 3636 eugitnle
1133 3575 1159 3622 et
1171 3572 1254 3622 ordine
1264 3575 1290 3623 et
1307 3573 1418 3623 laudabili
1433 3573 1512 3623 eludiu
1525 3579 1550 3622 et
1561 3585 1677 3635 prurperu

86 3657 187 3720 quando
201 3661 226 3708 et
241 3659 361 3721 quemodo
372 3665 397 3709 et
407 3673 541 3723 quousque.
558 3665 686 3724 Nunquam
697 3663 768 3712 ellum
780 3664 863 3712 volunt
904 3673 1018 3710 succensu
1029 3663 1055 3710 et
1067 3660 1166 3709 feliciter
1177 3666 1201 3710 et
1209 3661 1351 3722 ternpeelire
1362 3664 1387 3710 et
1396 3659 1485 3709 decore
1495 3661 1572 3720 luetu5
1583 3673 1627 3708 nee
1638 3661 1676 3708 ῖε-

83 3746 210 3806 ignom
221 3747 335 3808 probum,
349 3760 394 3796 nee
404 3747 500 3797 eredere
515 3760 570 3798 eum
582 3748 625 3810 qui
643 3749 751 3812 peccarit
762 3762 810 3797 nun
820 3761 863 3798 run
905 3760 960 3796 meu
972 3747 1026 3797 iden
1037 3749 1110 3797 etiam
1131 3746 1260 3810 prudenter
1280 3747 1356 3806 lactu,
1371 3745 1412 3795 red
1435 3747 1531 3794 tentum
1546 3745 1679 3807 prudentie

83 3834 173 3893 sponte
192 3845 316 3896 peccesne,
336 3835 393 3896 quin
410 3847 494 3884 ornnes
509 3848 553 3904 sup
571 3834 632 3886 vitiu
648 3838 748 3898 peccent
759 3835 860 3897 ideoque
905 3847 1025 3896 congrue,
1039 3834 1208 3896 perilerqueiu
1220 3834 1313 3882 celeris
1325 3832 1470 3894 rirtutiuue,
1482 3833 1593 3895 quumrle
1603 3834 1678 3883 nurui·

83 3922 153 3967 reete
164 3930 220 3968 eum
232 3920 279 3969 diui
291 3931 413 3984 uunquam
425 3923 578 3984 peeuuutibus
595 3922 689 3972 renium
708 3922 772 3972 dere.
812 3924 861 3972 lieu
904 3922 973 3972 nibue
984 3921 1256 3982 rnreunt,rerbiueuee
1267 3920 1468 3982 leeiuurnpudlue
1480 3918 1601 3982 pudicitie
1617 3933 1676 3970 uun·

82 4005 230 4054 clementem
241 4020 292 4056 erse
308 4009 375 4070 ejunt
384 4007 463 4058 virum
481 4010 574 4058 bunum
583 4009 646 4072 quud
656 4008 760 4059 clemens
770 4010 861 4072 justum
904 4019 975 4068 grue,
988 4007 1045 4055 item
1053 4007 1116 4068 juste
1126 4008 1187 4055 lecta
1196 4007 1294 4068 justitie
1306 4018 1418 4067 uuugrua.
1434 4007 1465 4054 Al
1480 4008 1579 4067 peuuetn
1592 4019 1622 4054 err
1632 4019 1677 4068 up·

83 4091 231 4154 supplicium
251 4093 394 4156 deprecetur
411 4096 484 4158 elque
505 4096 612 4157 eiusdem
634 4097 666 4146 σῖῖ
682 4097 708 4146 et
719 4097 861 4146 elementem
904 4094 986 4156 pusilis
1004 4094 1123 4143 nominari
1139 4095 1242 4154 injuste,
1261 4089 1437 4156 imprudenter,'
1452 4094 1589 4157 petulanter
1604 4093 1676 4144 ῖιοῖε.

83 4191 140 4227 erue
151 4181 177 4227 et
188 4191 270 4241 poeues
281 4181 373 4242 legibue
383 4183 539 4244 constitutus,
557 4183 645 4245 quibus
658 4186 782 4245 precautes
796 4197 861 4232 cum·
903 4181 1005 4230 Dillerre
1016 4184 1095 4231 eutem
1109 4181 1190 4230 dieunt
1203 4181 1266 4230 sieut
1278 4181 1380 4230 eleelum
1392 4183 1417 4230 et
1426 4181 1571 4242 eligendum,
1585 4180 1619 4229 ite
1631 4194 1675 4243 upv

84 4267 225 4326 pereuntur,
239 4267 336 4317 eredere
344 4269 411 4329 iustu
421 4269 528 4318 duriores
538 4283 588 4320 urse
597 4282 626 4320 ατ
638 4276 762 4332 propterea
776 4271 860 4320 existi·
903 4268 1003 4330 petitum
1015 4281 1109 4330 quoque
1119 4271 1143 4318 ei
1156 4268 1326 4330 appetendum,
1337 4271 1362 4318 et
1375 4267 1537 4318 desideratum
1547 4271 1572 4318 et
1583 4268 1676 4317 deside·

83 4361 157 4400 mere
174 4354 332 4414 legislatorem
352 4354 541 4417 haudquaquam
555 4357 652 4406 meritus
676 4371 757 4418 poenes
776 4357 862 4406 cunsti-
904 4357 1014 4419 rendum,
1026 4360 1051 4405 et
1064 4361 1190 4419 deceptum
1202 4357 1227 4404 et
1235 4355 1410 4418 accipiendum.
1424 4356 1505 4404 Electa
1516 4355 1580 4404 euim
1590 4367 1641 4404 eure
1652 4360 1677 4403 et

83 4441 172 4492 tuisse.
185 4443 303 4490 Prurlerue
317 4440 390 4503 legem
403 4441 492 4491 bouum
500 4441 622 4504 judicent,
634 4443 691 4505 quia
702 4443 734 4492 sit
750 4446 814 4492 reete
826 4457 861 4492 εει-
904 4445 1037 4494 desiderate
1048 4448 1073 4495 et
1092 4445 1197 4506 eppellta
1209 4448 1233 4492 εῖ
1245 4444 1344 4504 deceptu
1362 4442 1425 4491 hune
1444 4442 1571 4503 :eligeude
1584 4445 1676 4490 vemet

84 4530 122 4576 lio
133 4528 252 4589 imperans
260 4541 289 4578 ee
300 4541 354 4590 quae
366 4528 537 4579 ῖεοῖειιθιιειιιιῖ
548 4530 723 4592 prohibensque
731 4531 858 4581 contrariu.
903 4531 1059 4582 desiderande
1070 4534 1095 4581 et
1103 4531 1235 4594 appetenda
1249 4536 1273 4579 et
1285 4530 1436 4589 accipienda,
1445 4543 1502 4591 qun
1513 4533 1546 4603 1¹¹²
1556 4529 1676 4578 attribute

82 4622 171 4676 Quum
182 4620 262 4667 ruteni
277 4617 316 4668 Ιειι
328 4618 389 4668 buuu
406 4619 495 4681 uit‚rir
511 4633 594 4682 requus
613 4621 684 4669 etium
700 4619 777 4668 bouus
789 4621 857 4669 erit:
903 4621 1009 4681 pruxlrne
1024 4619 1054 4668 ed
1069 4619 1131 4668 buna
1146 4617 1267 4666 ueuednul.
1313 4618 1403 4678 lillqere
1421 4617 1485 4665 enirn
1498 4628 1541 4666 ιιοι
1552 4615 1672 4676 eligenda,

81 4717 187 4765 requum
199 4705 261 4754 eninr
273 4717 324 4755 esee
336 4707 415 4755 virum
428 4706 470 4768 qui
482 4707 630 4767 obtemperet
643 4705 734 4767 legibus
743 4707 860 4769 lactatque
902 4706 1036 4756 desiderare
1052 4705 1222 4766 desideranda,
1241 4707 1352 4767 appetere
1366 4702 1509 4765 appetenda.
1539 4703 1674 4752 lileetiuner

81 4805 142 4854 quae
152 4793 209 4852 jure
220 4805 346 4854 morerque
362 4793 716 4857 praeeurlbuut;leglsperiturn
732 4806 799 4853 reru,
817 4793 860 4856 qul
902 4794 981 4853 enirn,
994 4792 1115 4853 appetitur
1128 4790 1286 4840 dedesideriu
1299 4790 1457 4852 cupiditltum
1475 4790 1551 4837 inetur
1565 4788 1674 4838 eirueut·
1763 4832 1766 4842 .

81 4877 144 4940 quid
154 4879 187 4926 sit
198 4877 327 4939 legitimum
336 4884 447 4942 expuunt.
460 4879 585 4929 Neminem
598 4883 679 4930 eutem
699 4879 860 4943 improborum
902 4883 992 4931 lribuie
1004 4885 1076 4941 uuut;
1091 4879 1179 4929 lunen
1192 4894 1251 4929 reru
1262 4880 1374 4928 volumus
1391 4892 1420 4929 ιο
1438 4877 1602 4937 derideremur
1613 4877 1674 4939 prri-

82 4977 166 5028 neque
177 4977 273 5026 aequunr
285 4977 336 5015 εστι
346 4979 424 5028 neque
436 4967 493 5027 lepis
508 4967 618 5029 peritum.
901 4969 983 5031 terque
994 4967 1132 5030 appetimus·
1139 4967 1217 5029 bonu,
1231 4965 1358 5016 etidcirco
1374 4972 1425 5015 luru
1440 4964 1528 5026 electu,
1544 4970 1596 5014 tum
1609 4965 1671 5013 deei-

117 5051 382 5103 Pruelereuluueliunes
396 5053 577 5115 dieuntpurtlm
592 5067 645 5104 erue
656 5055 797 5117 tertullien,
811 5067 860 5117 per-
901 5055 996 5116 ιῖετεῖε,
1010 5053 1177 5117 ῖαιιιορρεῖῖῖε
1196 5056 1252 5103 eunt
1273 5054 1344 5102 ῖιοιιι.
1387 5051 1542 5102 prudentium
1559 5051 1624 5102 enlm
1643 5065 1672 5100 ει

82 5141 130 5190 lim
142 5143 252 5202 perunte,
268 5140 352 5202 purtim
369 5143 460 5190 neutra.
494 5143 567 5192 lleele
586 5141 648 5191 lucie
667 5143 768 5203 iudicari
782 5143 856 5192 lrreu:
901 5142 1372 5205 temperantiumlraburerupimuu;nun
1387 5139 1671 5202 llereleeepereetnuble
