3959 5925
670 408 710 468 IN
740 410 909 472 TIMAEUM
931 413 1130 474 PLATONIS.
1643 433 1698 484 tii

108 541 150 586 se,
165 527 191 577 ct
205 527 341 588 parentem,
362 539 447 576 eorum
464 539 517 578 esse
530 505 729 581 commemorans.
767 532 882 595 Opilicem
956 535 1028 585 cxi.
1048 535 1139 586 Deinde
1153 536 1209 587 ait:

108 611 216 676 quidem,
239 613 351 674 utpotae
366 625 417 674 quo
435 612 493 662 iacti
513 615 570 664 sunt
586 627 594 663 s
611 616 703 678 patrem
714 629 786 677 sero,
804 619 883 681 utqui
957 623 1033 672 mstis
1049 624 1127 686 «logie
1143 624 1277 688 ἰσαρίθμους
1288 627 1336 682 saie
1352 625 1459 692 ἄστροις,
1474 629 1549 679 innui
1560 631 1579 679 θ’
1599 631 1711 692 έκάστην’

107 699 217 749 consulat
231 697 341 761 provide,
352 700 469 761 quatenus
481 701 581 764 aterni,
598 713 626 751 tc
639 701 711 763 baad,
721 703 778 754 sint.
801 709 884 768 Operti
926 709 982 772 πρὸς
998 709 1106 772 ἕκαστον,
1120 711 1160 759 καὶ
1168 710 1297 773 sparsisse
1310 715 1342 768 oe
1355 715 1387 767 ele
1398 714 1487 778 ὄχημα,
1505 717 1546 774 τὴν
1558 721 1600 766 τοῦ
1616 721 1700 775 παντὸς

106 787 239 851 siquidem
255 799 299 837 uos
314 799 373 837 urea
381 823 389 850 ,
407 787 465 850 quia
479 792 544 851 pater
553 791 603 852 est,
620 795 645 840 et
659 791 749 854 opilsx,
759 804 809 840 non
824 792 883 842 sub-
926 797 995 859 pisso
1009 797 1088 854 meite.

106 876 203 924 sunda
212 874 254 925 sed
267 875 433 935 generationis.
444 874 482 925 illi
491 875 556 926 cuim
564 877 704 940 optimates,
716 878 741 927 id
751 881 789 928 est
798 879 883 940 stelle,
957 883 1083 948 necque
1092 887 1196 936 animas
1206 885 1347 937 stellarum
1356 899 1556 952 commorarer,
1568 890 1700 953 stapulas·

105 961 448 1024 nonsuntintelligibilesssd
466 964 579 1016 remites.
621 968 653 1016 ir
672 978 732 1016 rero
753 965 883 1016 labricator
926 965 1099 1036 quesiugalts
1112 965 1453 1039 comparasse,eas'demque
1467 976 1592 1027 reticulis
1603 989 1700 1041 compe-

105 1063 189 1101 eorum
203 1049 483 1112 lilliffiiffiffissllillme·
519 1050 612 1102 Deinde
622 1051 745 1102 dmm
755 1057 825 1116 wius
839 1067 883 1104 na·
926 1059 1043 1112 tentibus
1061 1063 1273 1124 superimpositas
1289 1064 1417 1112 uniuersis
1435 1068 1475 1114 rei
1495 1067 1624 1116 naturam
1642 1079 1700 1130 spe·

107 1145 168 1190 turra
182 1139 245 1199 sint,
258 1139 372 1202 qnodque
381 1152 413 1189 ax
425 1141 600 1203 compositione
617 1142 760 1193 subsistant.
806 1144 882 1194 Porro
925 1148 1122 1207 ctarejussisse.

94 1240 161 1290 aquae
177 1241 206 1277 ex
216 1227 388 1289 compositione
406 1227 549 1289 subsistunt,
567 1228 781 1280 dissolubiliaaunt
794 1230 881 1282 iisdem
955 1237 1090 1298 Antequam
1102 1237 1232 1286 sementem
1246 1236 1334 1287 lecerat
1344 1236 1494 1302 animarum,
1513 1241 1701 1304 superimposuit

104 1316 238 1366 rationibus
253 1315 341 1378 quibua
353 1315 527 1376 subsisterent,
541 1315 588 1376 ipsi
604 1319 684 1367 tarum
696 1317 880 1369 indissolubiles.
924 1321 998 1372 stallis
1017 1321 1123 1385 singulas
1135 1323 1237 1385 animas,
1245 1337 1294 1386 quo
1305 1323 1390 1374 iisdem
1403 1325 1519 1376 uehiculis
1539 1340 1607 1388 usae,
1620 1327 1645 1377 in
1655 1331 1700 1378 cir·

104 1403 205 1463 Merito,
224 1403 349 1452 nonenim
361 1405 418 1452 sunt
429 1416 459 1452 ex
472 1403 522 1452 nilo
541 1407 596 1453 ortu
617 1405 775 1468 temporario,
795 1407 838 1456 sed
849 1419 880 1456 ex
924 1408 990 1458 cuitu
1010 1409 1135 1460 stellarum
1152 1413 1263 1464 cunctam
1282 1411 1364 1460 mundi
1381 1415 1492 1463 usturam
1510 1414 1699 1480 considerarent,

103 1490 229 1538 uoluntate
239 1488 328 1538 summi
339 1488 400 1547 Dei,
409 1482 614 1540 emensa’omnem
624 1493 759 1553 temporum
773 1492 878 1556 antiqui·
924 1495 984 1545 illud
999 1495 1101 1558 docens,
1116 1497 1180 1559 quod
1189 1497 1242 1547 sine
1252 1497 1384 1548 diuinitatis
1393 1499 1539 1551 adminiculo
1553 1501 1606 1564 ipsa
1619 1516 1660 1566 per
1673 1517 1701 1554 se

103 1577 187 1626 tatem.
228 1574 276 1633 Qui
293 1589 351 1625 rero
361 1574 539 1626 indissolubiles
554 1589 597 1626 eos
611 1577 814 1635 assacontitetur.
827 1571 895 1629 sine*
923 1583 1004 1633 anima
1017 1584 1075 1634 nitril
1088 1584 1164 1634 ualeat
1174 1588 1282 1647 spectare
1293 1586 1364 1648 atqua
1376 1586 1507 1650 intelligere
1519 1587 1636 1639 diuinum.

103 1664 154 1713 ullo
167 1665 331 1726 quoqueortn
343 1663 567 1722 cprrcedatnacessa
586 1669 631 1715 est.
672 1666 741 1724 Quod
760 1679 819 1716 ruo
833 1666 879 1716 ini·
952 1672 1451 1736 ilipaomrabretpuppiraorslrreusiti.

104 1751 167 1799 tium
181 1764 230 1801 uon
249 1750 337 1813 babet,
354 1750 409 1801 sine
424 1749 471 1800 line
484 1753 594 1802 certe-est
606 1770 614 1802 i
626 1753 652 1803 ct
665 1754 729 1815 quod
746 1753 818 1803 finem
829 1767 878 1803 uon
955 1763 1079 1822 cepasque
1091 1759 1260 1809 immutabilis
1271 1759 1366 1809 decreti
1382 1759 1483 1810 docuit.

103 1840 253 1894 babet.sine
271 1843 327 1890 ortu
340 1842 387 1890 est.
428 1843 552 1891 liminum
570 1843 663 1904 subm,
684 1845 710 1893 et
730 1845 878 1895 immortale
954 1846 1061 1908 ilicium
1078 1847 1222 1908 maguamet
1239 1845 1360 1897 difficilem
1373 1846 1489 1896 rationem
1502 1849 1654 1910 commoret,
1668 1850 1700 1900 de

103 1929 288 1990 cognomentum
301 1933 372 1977 rocat
383 1929 495 1978 rationis
505 1931 661 1992 potentiam,
670 1931 693 1979 id
705 1934 743 1980 est
752 1932 877 1982 rationem.
923 1945 971 1996 qua
978 1933 1056 1982 multa
1066 1932 1181 1995 disceptio
1191 1932 1271 1984 babita
1285 1934 1347 1983 inter
1358 1935 1467 1996 vauro,
1477 1936 1614 1996 perseverat
1627 1935 1699 1985 etiam

102 2013 211 2062 Mariaba
226 2020 311 2076 porro,
320 2016 345 2064 ot
357 2014 483 2076 associata,
495 2015 585 2078 immo,
597 2019 625 2066 nt
638 2016 690 2079 ipse
698 2019 741 2077 ait,
757 2021 878 2080 eliacim·
922 2035 997 2072 nunc.
1009 2023 1203 2073 Perfunctorium
1212 2034 1269 2083 ergo
1284 2023 1412 2071 tractatum
1421 2021 1505 2072 baberi
1520 2035 1567 2071 non
1577 2024 1698 2084 convenit,

102 2114 158 2164 qum
168 2103 234 2161 aunt,
247 2102 342 2164 opinor,
351 2101 376 2150 in
386 2102 461 2163 uitiis,
471 2103 531 2152 irem
546 2103 672 2167 videlicet,
682 2108 706 2155 ct
715 2104 875 2168 voluptatem.
921 2109 989 2171 juxta
999 2109 1149 2161 Platonicum
1162 2109 1257 2172 dogma.
1280 2112 1389 2172 Longam
1401 2113 1438 2161 ast
1448 2110 1513 2160 euim
1526 2111 1636 2173 persequi
1650 2123 1697 2160 rm·

133 2189 260 2238 cmix.
278 2188 369 2238 Deinde
391 2190 527 2250 genituram
551 2190 709 2241 humanarum
727 2193 879 2255 prosequitur
921 2199 1045 2259 temmm,
1068 2210 1170 2260 quorum
1191 2195 1296 2259 plerique
1316 2195 1375 2246 nibil
1396 2197 1445 2247 lato
1466 2196 1517 2248 lieri
1536 2198 1639 2261 putant;
1658 2198 1698 2248 alii

101 2275 248 2336 animarum,
263 2280 290 2323 ut
310 2281 397 2326 natura
414 2275 468 2338 ejus
480 2277 574 2339 liquido
593 2279 812 2340 comprehendatur
833 2285 876 2331 :et
921 2285 1011 2344 omnia,
1025 2285 1210 2347 necquicquam
1227 2284 1334 2347 arbitrio,
1355 2285 1639 2348 acrnluntatesquidam
1653 2285 1698 2336 alia

104 2365 242 2424 perseuerat
259 2362 285 2411 in
302 2362 397 2425 tabula,
419 2377 492 2425 quana
510 2364 664 2428 interposuit,
687 2370 813 2429 propterea
837 2370 877 2429 ut,
921 2385 989 2434 esse,
1001 2373 1128 2436 qumiato,
1140 2373 1262 2435 nihiloque
1277 2371 1357 2421 minus
1371 2372 1418 2421 alia
1429 2385 1496 2436 asse,
1508 2386 1563 2436 que
1576 2373 1699 2424 voluntate

103 2459 159 2508 quse
173 2447 300 2510 dicuutur,
310 2450 435 2500 mantissis
445 2451 503 2500 sint.
534 2453 628 2501 Rursus
640 2452 706 2502 anim
715 2457 808 2503 cratera
821 2467 877 2517 pro·
921 2459 987 2510 liant.

102 2536 183 2597 ponit,
200 2539 224 2585 et
235 2535 382 2598 mixturam,
399 2537 635 2602 concretionemque,
656 2553 741 2590 aarum
757 2543 874 2602 potentia·
951 2549 1034 2598 chi.
1053 2549 1128 2598 saria
1145 2549 1350 2610 igiturPtatonem
1362 2547 1476 2609 praecedit
1488 2546 1647 2610 prouidentia,
1660 2560 1704 2598 se·s

102 2633 170 2682 rum,
183 2634 213 2670 es
225 2621 312 2684 quibus
323 2621 407 2672 muudi
418 2623 499 2672 anima
509 2629 672 2686 concreverat,
684 2624 764 2690 esque
772 2627 876 2690 reliquiis
921 2635 1004 2697 quitur
1019 2635 1104 2685 latum.
1145 2635 1185 2684 iit
1200 2635 1279 2694 euim,
1293 2639 1375 2685 Deam
1388 2636 1449 2696 past
1462 2633 1696 2685 mundicorsittu·

102 2722 184 2758 aarum
201 2713 294 2760 nocuas
310 2710 469 2771 machinatur,
489 2711 598 2762 videlicet
617 2726 648 2764 es
670 2714 711 2763 ilia
725 2714 814 2777 duplici
835 2729 875 2765 na·
921 2724 1016 2772 tionem
1028 2723 1147 2772 divisisse
1160 2725 1263 2772 animas
1277 2722 1416 2772 stellarum
1429 2725 1697 2784 summopereque·

101 2804 156 2848 tura
168 2799 301 2860 ujasdem,
322 2801 381 2850 item
397 2804 499 2851 Diuersi
520 2801 684 2867 dividereque
706 2804 875 2856 substantie:
919 2809 1050 2872 aulasque
1071 2808 1183 2870 stupetis
1204 2821 1382 2872 comparasse,
1411 2810 1579 2871 uniuersique
1603 2809 1697 2858 mandi

100 2900 157 2949 quae
170 2899 233 2949 non,
245 2889 273 2937 ut
287 2894 365 2949 antes,
379 2889 479 2940 duceres
491 2890 599 2952 puritatis
616 2895 692 2942 arani.
716 2896 799 2955 ltaque
810 2894 873 2942 enirn
919 2899 1078 2946 rrmustrasse
1087 2899 1213 2946 naturam
1225 2898 1307 2958 atque
1317 2898 1466 2946 uniuersam
1478 2895 1696 2950 satoramsariem

99 2976 194 3037 anima,
207 2988 262 3037 quaa
273 2988 303 3026 ex
315 2976 479 3027 sincerissimis
498 2978 666 3042 excuderetur,
685 2980 712 3029 iu
722 2983 789 3030 tanta
805 2981 874 3032 silvae
921 2985 1057 3035 revelasses
1084 2985 1177 3033 florum
1197 2982 1262 3033 enim
1275 2996 1330 3046 quae
1344 2988 1414 3045 sunt,
1436 2982 1511 3045 prima
1524 2983 1696 3046 providentiam
1728 2992 1731 2997 ·

102 3064 150 3111 rita
169 3062 650 3128 possetincidere,neccongruerecum
665 3068 774 3117 mortalis
788 3082 873 3131 corpo-
919 3071 1040 3133 indicsnt;
1062 3070 1180 3129 secunda,
1203 3070 1266 3134 leges
1294 3071 1377 3121 letales
1402 3090 1409 3120 ι
1434 3074 1605 3135 proptereaque
1629 3072 1697 3134 iuxta

100 3150 282 3213 risiragilitatei
919 3162 1045 3212 Platonem
1064 3160 1222 3223 pronascitur
1236 3159 1392 3222 providentia.
1434 3158 1539 3223 ideoque
1552 3160 1627 3210 iatum
1645 3160 1697 3223 qui·

130 3242 230 3304 Μίογων
250 3243 336 3307 τρόπον
354 3244 396 3307 μέν
418 3260 471 3294 τινα
490 3245 530 3295 τὸν
548 3246 629 3308 αὐτόν,
646 3246 753 3312 &ipssa
766 3246 787 3296 δ’
797 3247 875 3297 οὐκέτι
919 3248 1089 3299 demdicimus
1105 3260 1135 3297 ex
1154 3246 1303 3310 providentia
1322 3247 1387 3306 iore,
1401 3259 1451 3297 non
1467 3250 1548 3299 tamen
1567 3248 1695 3311 providen-

99 3332 161 3381 reri
168 3332 244 3381 ταύτὰ
253 3332 376 3391 ὡσαύτως.
471 3322 476 3331 ’
919 3337 978 3386 tiam
1002 3348 1032 3385 ex
1051 3336 1108 3386 lato.
1150 3336 1236 3385 Fatum
1253 3347 1309 3396 ergo
1321 3333 1392 3396 iuxta
1408 3336 1546 3396 Platonem,
1570 3334 1696 3399 dupliciter

130 3424 254 3474 Miscebat
264 3427 363 3485 autern,
377 3424 464 3487 inquit,
477 3424 565 3476 eodeni
574 3425 761 3489 propemodum
773 3438 872 3488 emere,
917 3422 1063 3485 intelligitur,
1072 3421 1190 3497 etdicitpr
1200 3436 1207 3470 ι
1217 3434 1367 3482 unum,cum
1382 3421 1541 3471 substantiam
1550 3433 1603 3482 erus
1612 3421 1694 3470 animo

99 3522 147 3559 rrec
165 3514 254 3561 tamen
275 3511 365 3561 eadent
384 3511 553 3561 exoriebatur
568 3515 675 3575 puritas
693 3515 874 3578 serenitasque
918 3506 1175 3567 intuemurstllefflffl,
1188 3518 1245 3555 ⁰¹1OE
1263 3518 1293 3555 θ’(
1306 3506 1359 3566 ¹¹5⁸,
1372 3518 1430 3567 qum
1449 3506 1509 3567 agit,
1526 3510 1550 3555 0¹
1566 3517 1620 3555 ⁰⁸⁸0
1631 3504 1654 3553 id
1670 3508 1696 3555 0²

95 3602 284 3661 proventuum.
611 3582 618 3599 '
918 3594 1056 3657 cujusmodi
1072 3593 1122 3643 rim
1136 3592 1233 3654 babeat,
1247 3592 1450 3654 recognoscimus.
1492 3590 1560 3641 idem
1581 3591 1656 3667 iatum
1670 3591 1695 3640 in

129 3685 228 3744 Merito,
244 3683 358 3747 quonism
374 3684 448 3733 iubis
464 3684 568 3746 animis,
588 3685 777 3746 qussriddcant
801 3687 873 3735 morti
921 3682 1022 3734 Pliasdro
1045 3681 1143 3743 quidem
1163 3680 1255 3730 scitum
1273 3678 1436 3738 inevitabile,
1461 3676 1486 3726 in
1506 3678 1598 3728 Timaeo
1617 3677 1692 3740 leges,

99 3774 204 3825 obnoxia
215 3786 301 3837 genera
313 3772 466 3834 animalium,
481 3785 531 3821 non
544 3785 602 3833 pura
613 3771 690 3832 ratio,
708 3772 874 3822 intellectusre
918 3784 978 3834 quas
999 3772 1065 3820 bens
1077 3768 1110 3819 de
1128 3769 1255 3818 aniame
1272 3770 1311 3817 rei
1333 3770 1432 3818 natura
1449 3765 1537 3817 dixerit
1557 3765 1694 3817 scelestibus

97 3863 220 3923 sincerus,
233 3859 275 3910 sed
285 3861 437 3923 aliquantum
451 3861 500 3909 tam
514 3857 659 3919 iracundie,
672 3870 745 3921 quam
759 3857 874 3921 libidinis,
918 3855 1004 3905 mimis
1016 3868 1023 3903 ε
1037 3866 1106 3916 porro
1119 3852 1143 3902 ln
1153 3852 1254 3913 Politia,
1268 3852 1408 3903 Laclmeos
1429 3852 1533 3917 appellat
1550 3857 1694 3907 orationem

97 3950 228 4000 invenitur.
239 3950 314 3999 ldists
324 3949 406 4010 igitur,
415 3947 501 4011 inquit,
510 3946 590 3996 anima
597 3946 649 4008 ipsa
659 3947 731 3996 eiiam
739 3946 764 3995 in
775 3946 873 4009 longum
917 3955 966 3993 non
974 3942 1072 4005 badae,
1085 3940 1128 3991 sad
1144 3954 1210 3991 more
1221 3940 1395 4004 theologorum.

98 4040 203 4099 secatm,
215 4036 315 4108 eiusque
331 4049 380 4085 una
398 4048 454 4099 pars
471 4036 563 4096 integra
578 4033 731 4096 relinquitur,
743 4032 813 4094 Juxta
831 4045 873 4082 na·
948 4031 1043 4081 cxiii.
1067 4030 1200 4078 Possumus
1225 4041 1281 4091 ergo
1303 4028 1454 4079 inevitabile
1481 4029 1579 4093 quidem
1596 4032 1691 4081 scitum

98 4130 173 4188 turre,
186 4138 241 4187 quse
255 4122 690 4185 rocamreadem,circumactionem
702 4121 813 4172 eandem
834 4125 869 4173 iis
917 4117 1082 4181 interpretari,
1107 4118 1182 4180 legem
1211 4116 1312 4169 minime
1342 4117 1481 4168 mutabilem
1506 4131 1536 4169 es
1561 4118 1691 4170 ineuitabili

98 4226 147 4275 quo
156 4211 290 4273 intelligunt
302 4210 383 4259 diuina
395 4210 488 4270 omnis,
505 4209 672 4272 sapientesque
683 4208 755 4270 irunt,
776 4209 818 4271 qni
831 4208 872 4259 in·
918 4219 1008 4257 oxum:
1021 4205 1087 4269 tapes
1101 4218 1166 4266 raro,
1182 4217 1243 4269 quas
1255 4206 1288 4256 de
1298 4207 1423 4257 univesa
1441 4209 1540 4257 actara
1556 4204 1618 4256 dixit
1640 4208 1692 4255 ani·

97 4300 215 4362 tellignui.
228 4302 343 4350 Diuersa
355 4312 412 4349 raro
424 4301 517 4348 naturae
529 4300 620 4360 partem
632 4300 697 4347 secat
713 4297 792 4348 sexies
802 4298 872 4359 iuxta
917 4294 1040 4355 misticus
1052 4294 1142 4357 legam,
1159 4306 1214 4356 qure
1229 4293 1314 4344 mundi
1336 4295 1444 4343 naturam
1459 4294 1577 4356 sequitur,
1600 4298 1625 4344 et
1645 4306 1693 4357 qua

92 4372 188 4434 'motum
201 4383 368 4435 rationabilem
378 4384 514 4446 planetum,
525 4384 671 4435 harmonicis
678 4386 721 4446 ,et
733 4384 867 4435 arithmeti·
916 4382 1270 4445 regunturmundanaomnia.
1303 4381 1440 4432 Lacbeseos
1454 4394 1529 4443 vero,
1542 4381 1692 4432 bocestne-

96 4470 147 4530 cis,
160 4472 185 4520 et
195 4469 345 4533 geometricis
354 4469 537 4531 medietatibus,
551 4471 578 4518 ut
593 4483 665 4531 supra
677 4469 870 4519 demonstratum
916 4470 1048 4532 cmitads,
1059 4472 1217 4525 orationem,
1232 4468 1338 4519 divinam
1352 4468 1442 4530 legem,
1456 4480 1504 4531 qua
1517 4468 1657 4531 preteritis,
1668 4469 1693 4519 et

96 4558 142 4607 ast.
161 4559 267 4607 liecest
279 4557 367 4611 enimse
376 4557 464 4617 virtus,
475 4569 530 4619 qnae
539 4558 628 4619 optato
638 4556 735 4616 dicitur,
744 4569 792 4618 qua
801 4555 870 4615 duce,
916 4556 1157 4620 imprecantibus,
1171 4558 1344 4607 connectuntur
1358 4557 1445 4607 lutura.
1478 4558 1509 4605 at
1525 4567 1582 4605 sero
1594 4556 1617 4604 iu
1634 4556 1692 4607 sub·

97 4646 300 4706 quasnascuntnr,
314 4643 472 4705 etocciduut,
485 4642 619 4692 nordmut-
654 4644 716 4699 Quo
730 4640 872 4690 consumtis
916 4644 1005 4694 stantia
1029 4642 1132 4705 positum
1153 4642 1245 4705 iatum,
1267 4643 1350 4693 mnndi
1367 4642 1446 4692 anima
1467 4644 1517 4704 est,
1532 4642 1648 4704 tripartita
1666 4646 1692 4693 in

96 4733 185 4782 animre
194 4732 256 4782 tacta
267 4734 304 4783 est
313 4735 449 4797 propterea,
465 4732 684 4794 utassct,opinor,
693 4730 779 4780 cadem
794 4728 872 4778 anima
916 4731 1007 4791 isiaci
1021 4730 1154 4793 spbreram,
1164 4730 1238 4794 inqua
1250 4744 1318 4794 enm,
1330 4742 1385 4793 quse
1399 4730 1496 4791 putatur
1505 4729 1620 4794 erratica,
1633 4730 1691 4781 etin

97 4820 148 4870 scia
161 4820 404 4883 tamluteliigibillnm
420 4833 493 4883 quam
509 4819 650 4870 substantiae
664 4816 771 4877 musitio,
788 4819 873 4879 utpote
915 4820 1181 4871 sublunaremtcrtiam.
1214 4820 1323 4876 Quarum
1331 4816 1419 4869 elatam
1427 4816 1525 4879 quidem
1536 4816 1566 4867 ad
1577 4830 1690 4881 snpema,

97 4924 153 4973 que
163 4910 269 4959 rationes
278 4911 403 4973 utriusqus
415 4911 503 4961 babeat
513 4910 537 4959 in
549 4910 625 4959 semet
637 4912 690 4971 ipsa
698 4910 799 4958 naturae.
816 4908 873 4956 tisec
915 4907 964 4957 dici
975 4909 1097 4970 Atropos,
1113 4906 1216 4957 mediam
1227 4906 1315 4956 (ilotbo
1323 4941 1332 4968 ,
1341 4905 1421 4955 imam
1430 4905 1554 4955 Lachesin.
1573 4908 1690 4968 aaropon,

97 5003 134 5048 est
144 4997 233 5048 animas
249 4997 396 5049 milonabitis
406 4997 542 5059 institutio,
556 5009 571 5046 a
586 4994 717 5047 venerabili
731 4996 783 5045 Deo
800 4994 871 5054 lacta,
916 4995 982 5059 quod
998 4996 1096 5059 aplanes
1107 4996 1132 5045 in
1145 4993 1211 5043 nulla
1223 4993 1255 5043 sit
1268 4992 1415 5056 deflexione;
1427 4992 1529 5054 elotbo,
1540 4993 1638 5055 propter
1646 5005 1690 5049 ra·

97 5083 123 5134 in
135 5084 240 5135 bominis
253 5084 341 5135 innexa
351 5085 459 5148 ruitum,
473 5097 531 5135 cum
540 5084 678 5134 occasiones
693 5082 806 5133 uitiorum
817 5095 871 5146 por·
916 5082 950 5133 rie
962 5083 1101 5146 perplexum
1115 5083 1297 5143 manumque
1310 5080 1466 5142 vertiginem
1481 5092 1532 5142 qua
1547 5079 1690 5142 proveniunt

100 5171 159 5235 cipit
167 5174 263 5225 merum
275 5172 334 5237 legis
346 5172 446 5236 proriis
460 5172 632 5224 moderatione,
916 5183 960 5232 ea,
972 5182 1028 5233 quie
1036 5170 1140 5221 diversas
1150 5170 1244 5220 naturae
1256 5167 1341 5219 darius
1356 5170 1436 5219 motus
1448 5168 1579 5231 importat:
1598 5166 1689 5218 bacba-
