3959 5925
256 460 312 503 xlv
901 434 951 493 DE
972 432 1207 494 PYTfltuoua

256 574 323 631 dum
339 572 418 631 calor
433 570 589 649 praevalet,
603 581 742 637 aestatem,
758 558 827 624 duim
846 566 953 639 frigus,
967 564 1036 621 hie·
1080 564 1177 639 ignem
1203 562 1251 620 vel
1276 581 1379 638 aquam
1403 560 1449 619 vel
1471 579 1567 618 aerem
1587 561 1634 619 vel
1652 573 1767 619 terram.
1785 565 1864 625 ilinc

257 678 330 717 mem
350 656 647 717 exsistereCaeterum
663 652 800 713 omnibus
813 653 873 711 illis
885 651 1036 729 aequaliter
1081 650 1169 709 simul
1184 650 1220 708 ad
1242 652 1395 721 universa,
1416 649 1503 707 simul
1529 649 1566 707 ad
1588 651 1705 725 singula
1724 670 1864 715 numeros

256 744 421 804 distributis
433 744 543 823 optima
553 763 613 802 esse
628 758 759 821 tempora
774 741 856 810 anni,
872 738 956 815 cujus
968 758 1036 816 pars
1082 739 1311 798 accommodavit
1325 756 1481 815 rerumque
1494 750 1608 795 naturae
1623 759 1732 817 eorpus
1746 741 1863 800 hermo·

257 834 355 892 virens
385 835 423 891 sit
440 852 492 891 ver
511 832 643 904 salubre,
664 852 732 911 pars
759 848 910 889 senescens
934 841 1036 886 auctu·
1081 829 1146 898 nia,
1160 828 1191 886 id
1203 840 1289 885 estre
1301 827 1554 896 numerosissima,
1567 829 1711 885 contineri
1724 830 1863 893 credidit.

257 940 341 979 mnus
356 922 464 996 gravis.
482 920 538 978 Sed
553 919 651 978 eadem
667 938 784 997 quoque
794 918 905 975 ratione
917 914 976 981 diei
987 934 1037 972 au·
1081 916 1188 974 Statuit
1214 935 1284 973 vero
1310 934 1463 972 numerum
1492 933 1556 972 esse
1581 915 1698 972 initium
1724 928 1753 974 et
1777 922 1864 995 quasi
1891 937 1896 943 ·

257 1028 354 1066 coram
367 1010 481 1080 virere,
497 1028 645 1086 vesperam
659 1025 806 1066 senescere
817 1019 903 1081 atque
914 1002 1036 1061 hancob
1083 1004 1231 1061 materiam
1257 1001 1345 1060 rebus
1372 1000 1532 1078 subjectam
1551 1022 1711 1080 earumque
1722 1008 1802 1066 velut
1819 1012 1866 1067 af.

256 1116 371 1171 eausam
395 1099 491 1156 minus
519 1116 581 1155 esse
607 1094 761 1153 salubrem.
788 1093 880 1149 Porro
903 1110 968 1148 eum
983 1091 1036 1167 qui
1083 1090 1221 1148 sectiones
1241 1103 1270 1147 et
1284 1088 1417 1159 habitus,
1440 1090 1534 1166 ipsius
1555 1105 1652 1148 autem
1676 1097 1791 1153 numeri
1809 1098 1867 1156 ele·

259 1199 363 1244 terram
379 1186 582 1263 complectitur
602 1202 715 1252 aerem,
732 1182 884 1239 immotum
908 1198 940 1235 ac
958 1198 1036 1235 mor·
1083 1191 1180 1236 menta
1192 1190 1286 1257 paret
1298 1177 1395 1253 impar
1407 1178 1587 1255 nominavit,
1599 1198 1724 1256 quorum
1740 1183 1864 1243 alterum

257 1273 377 1345 bidom,
391 1286 421 1330 et
432 1292 497 1350 quae
510 1273 540 1329 in
556 1272 610 1329 illo
624 1284 693 1328 sunt
703 1270 800 1327 omnia
812 1286 875 1326 esse
889 1268 1035 1343 mortalia,
1084 1267 1211 1339 finitum,
1223 1266 1346 1324 alterum
1361 1265 1508 1323 inlinitum
1527 1279 1612 1324 esset.
1621 1341 1623 1346 Ι
1632 1268 1669 1324 ht
1681 1269 1822 1329 unitatem
1835 1286 1868 1331 et

259 1380 405 1419 summum
424 1378 495 1418 vero
515 1378 628 1436 semper
652 1358 763 1415 moveri
786 1370 814 1414 et
830 1374 893 1413 esse
912 1355 1036 1430 purissi-
1085 1354 1162 1412 liniti
1187 1367 1216 1411 et
1237 1353 1346 1410 infiniti
1373 1354 1435 1411 rim
1456 1351 1583 1426 habere,
1607 1355 1747 1431 quoniam
1764 1377 1817 1436 par
1835 1375 1869 1420 et

258 1468 336 1509 mum
350 1470 383 1507 ac
398 1448 639 1521 saluberrimum,
653 1461 682 1504 et
696 1466 761 1524 quae
772 1446 801 1504 in
812 1466 847 1502 eo
859 1457 926 1502 sunt
935 1456 1038 1501 cuncta
1084 1444 1180 1523 impar
1192 1457 1286 1517 esset,
1302 1445 1366 1502 sive
1377 1443 1517 1520 quoniam
1532 1460 1673 1501 numeros
1691 1464 1792 1505 omnes
1805 1461 1866 1506 tam

258 1537 435 1595 immortalia
448 1549 534 1613 atque
548 1536 660 1595 idcirco
679 1536 790 1594 divina.
806 1535 902 1591 Solem
918 1534 1039 1611 insuper
1083 1552 1168 1611 pares
1179 1553 1266 1610 quam
1279 1534 1405 1611 impares
1415 1533 1442 1590 is
1459 1552 1599 1591 numerus
1612 1534 1865 1611 complecteretur.

257 1636 285 1681 et
299 1624 395 1683 lunam
411 1637 440 1683 et
458 1624 572 1701 reliqua
593 1624 690 1681 sidera
710 1623 869 1691 deosesse,
886 1634 1039 1698 propterea
1086 1620 1168 1678 hdde
1195 1622 1274 1697 quod
1299 1620 1461 1679 doctissimi
1490 1620 1609 1697 quidam
1628 1621 1760 1698 ejusdem
1782 1638 1868 1684 seetae

257 1712 336 1787 quod
348 1713 380 1770 in
400 1712 438 1770 iis
451 1713 609 1789 praevaleat
622 1712 711 1780 calor,
726 1708 777 1786 qui
793 1710 831 1766 sit
845 1710 913 1765 vitae
926 1722 1037 1767 auctor.
1084 1708 1217 1766 homines
1240 1708 1339 1766 decem
1364 1710 1580 1766 contrariarum
1603 1726 1702 1766 rerum
1731 1712 1868 1772 notiones

185 1792 187 1797 ’
257 1796 369 1858 Lunam
395 1818 512 1876 quoque
533 1818 550 1855 a
568 1799 629 1857 sole
646 1798 789 1855 illustrari
811 1794 1038 1873 hominibusque
1083 1797 1188 1855 ordine
1204 1797 1362 1875 dispositas
1384 1809 1555 1855 cunctorum
1574 1798 1723 1875 principia
1736 1800 1869 1877 appella·

256 1904 320 1945 esse
344 1906 408 1945 cum
433 1886 492 1943 diis
509 1886 727 1961 cognationem,
745 1886 815 1962 quia
838 1897 866 1942 et
883 1884 969 1941 homo
989 1906 1037 1943 ca·
1084 1898 1164 1943 runt.
1180 1884 1254 1941 Sunt
1274 1898 1369 1942 autem
1389 1886 1445 1941 ista
1467 1884 1618 1961 principia
1638 1906 1646 1941 ι
1666 1910 1679 1935 ι
1705 1885 1820 1944 linitum
1837 1903 1870 1946 et

257 1973 330 2031 loris
346 1974 492 2051 particeps
506 1974 555 2033 sit.
569 1972 612 2030 lta
625 1986 718 2031 autem
730 1973 915 2048 contingere,
928 1973 1038 2032 utdeus
1083 1971 1248 2043 infinitum,
1268 1972 1365 2050 impar
1382 1985 1411 2029 et
1431 1990 1494 2049 par,
1523 1991 1613 2029 unum
1632 1985 1662 2029 et
1677 1973 1777 2050 plura,
1793 1974 1870 2033 dex-

257 2062 343 2118 etiam
359 2060 446 2119 nobis
470 2062 639 2139 prospiciat.
662 2062 706 2119 hd
727 2061 789 2119 haec
812 2060 870 2117 sato
889 2080 947 2136 qua
970 2063 1036 2118 uni·
1084 2073 1160 2118 trum
1184 2072 1214 2116 et
1227 2060 1397 2134 sinistrum,
1414 2059 1608 2135 masculinum
1627 2072 1656 2118 et
1675 2061 1866 2135 femininum,

256 2166 341 2206 versa
364 2167 421 2227 qua
447 2149 563 2224 singula
580 2149 652 2224 regi.
667 2148 823 2207 Penetrare
845 2147 921 2207 ultro
945 2166 962 2204 a
979 2152 1038 2207 sole
1083 2150 1235 2225 quiescens
1245 2163 1274 2206 et
1284 2162 1410 2221 motum,
1422 2162 1531 2207 rectum
1546 2162 1575 2208 et
1586 2152 1755 2224 incurvum,
1768 2153 1869 2212 lumen

256 2235 371 2294 radium
392 2255 445 2315 per
465 2236 599 2294 aetherem
622 2236 760 2311 frigidum
776 2249 804 2293 et
823 2254 963 2295 erassum.
979 2235 1037 2293 No·
1083 2256 1117 2295 ae
1133 2240 1273 2308 tenebrae,
1285 2237 1396 2295 honum
1408 2250 1437 2295 et
1451 2238 1577 2310 malum,
1592 2239 1763 2316 quadratum
1780 2241 1868 2299 deni-

257 2322 371 2380 minant
389 2342 460 2381 vero
486 2342 580 2382 aerem
600 2323 776 2401 Pythagorei
793 2323 930 2398 frigidum
951 2324 1038 2381 aethe-
1084 2344 1141 2400 que
1154 2325 1232 2402 quod
1247 2326 1419 2403 simpliciter
1439 2325 1498 2383 dici
1511 2326 1585 2384 solet
1598 2344 1627 2384 et
1641 2326 1715 2383 illud
1730 2328 1807 2404 quod
1820 2343 1869 2387 est

256 2426 334 2481 rem,
350 2411 520 2488 pariterque
533 2430 613 2469 mare
624 2425 654 2468 et
666 2411 817 2468 humorem
831 2430 907 2468 novo
919 2413 1038 2470 nomine
1082 2413 1256 2489 quadratum
1279 2412 1450 2489 oblongum.
1476 2438 1489 2466 ι
1518 2415 1603 2488 Quod
1629 2415 1774 2491 reliquum
1802 2430 1866 2488 est,

256 2496 370 2557 aetheris
391 2499 480 2556 crassi
503 2512 679 2577 nuncupant.
701 2498 785 2557 Hunc
805 2519 895 2577 porro
921 2500 1034 2557 radium
1082 2502 1264 2576 singulorum
1280 2520 1468 2559 numerorum
1487 2515 1613 2580 potestas
1625 2516 1683 2560 tam
1702 2503 1758 2560 late
1772 2517 1868 2581 patet,

254 2587 340 2643 etiam
375 2586 521 2665 profunda
558 2600 713 2666 penetrare
751 2587 877 2664 ideoque
906 2589 1037 2647 animare
1082 2601 1114 2645 ut
1126 2590 1254 2647 collectis
1272 2602 1403 2647 veterum
1416 2589 1592 2647 testimoniis
1606 2590 1816 2667 amplissimum
1827 2593 1869 2650 de

254 2674 364 2733 omnia.
394 2674 436 2732 De
459 2676 574 2753 reliquo
598 2676 699 2733 vivere
723 2694 904 2753 quecunque
930 2677 1036 2734 caloris
1081 2676 1133 2733 illa
1153 2678 1273 2735 rnateria
1292 2677 1429 2735 volumen
1443 2675 1591 2734 conscribi
1606 2690 1703 2753 queat.
1725 2678 1785 2737 Nos
1800 2701 1867 2756 quae

256 2764 403 2821 consortia
421 2764 497 2836 sint,
523 2782 646 2840 eamque
663 2762 703 2821 ob
727 2783 786 2821 rem
803 2777 831 2821 et
845 2765 958 2841 plantas
973 2783 1037 2823 esse
1084 2768 1211 2843 primum
1232 2766 1268 2824 de
1282 2765 1420 2837 monade,
1438 2785 1535 2823 rerum
1557 2765 1687 2840 origine,
1703 2766 1808 2825 deinde
1827 2768 1868 2825 de

253 2849 430 2921 animantes,
444 2852 568 2909 animam
583 2844 749 2909 tamennon
763 2851 993 2913 omneshabere.
1081 2853 1269 2931 sequentibus
1285 2854 1428 2926 numeris,
1450 2852 1565 2910 binario
1586 2865 1615 2910 et
1636 2855 1782 2925 ternario,
1803 2868 1865 2913 tum

292 2935 378 3007 Quod
407 2950 501 2996 autem
538 2957 626 3017 supra
652 2939 733 3040 dixi,
765 2958 902 2998 numeros
937 2958 1034 2997 r=erum
1081 2940 1117 3000 de
1127 2955 1325 3020 quaternario,
1341 2961 1480 3021 perennis
1492 2954 1604 3000 naturae
1619 2942 1698 3001 fonte
1704 2957 1868 3021 ,praeterea

253 3027 385 3084 omnium
400 3045 500 3084 causas
513 3039 542 3084 et
562 3027 711 3105 principia
725 3046 742 3084 a
758 3027 944 3129 Pythagoreis
954 3027 1036 3103 judi·
1081 3029 1117 3086 de
1131 3030 1286 3108 heptade'
1264 3050 1325 3089 sive
1339 3029 1561 3087 hebdomade'
1531 3031 1649 3105 virgine
1661 3044 1690 3088 et
1701 3033 1803 3089 matris
1814 3052 1868 3088 ex-

254 3115 339 3171 cari:
355 3113 387 3170 id
407 3113 707 3190 saeptusaveterrhus
721 3134 870 3172 memoriae
884 3116 1033 3193 proditum
1081 3129 1179 3194 perte,
1196 3118 1323 3194 dentque
1337 3117 1374 3174 de
1388 3097 1494 3175 decade
1507 3117 1629 3174 dehnrto
1643 3119 1866 3176 numerrrnter

253 3214 305 3260 est
324 3199 515 3259 Existimabat
532 3201 610 3258 enim
627 3201 810 3288 Pythagoras
825 3203 990 3277 geometriae
1007 3216 1036 3260 et
1081 3205 1190 3261 valloa
1212 3204 1461 3281 Pythagoreorum
1484 3205 1593 3262 familia
1618 3206 1751 3280 exposita
1779 3221 1866 3277 sunt,

254 3289 361 3346 artium
383 3287 649 3347 mathematicorum
663 3291 897 3349 studiosissimus
912 3291 1035 3350 similio·
1082 3291 1219 3368 persequi
1234 3291 1382 3368 scriptura
1394 3310 1639 3392 supervacaneum
1654 3305 1801 3369 putamus.

253 3395 300 3437 res
326 3375 393 3455 (ρο)
414 3395 477 3434 esse
496 3395 635 3434 numeros
659 3376 783 3435 rebus
774 3378 849 3455 ipsis
875 3398 960 3455 quam
987 3378 1034 3436 sel
1122 3376 1867 3454 rrctyrasttnesagoraes1ve,ntar1stoxenusvutt

254 3619 295 3680 μὲν
316 3619 391 3667 πάντα
409 3618 455 3668 ὅσα
478 3619 571 3688 μετέχει
585 3623 626 3667 τοῦ
641 3619 740 3683 θερμοῦ·
756 3620 792 3669 διὸ
811 3621 850 3669 καὶ
869 3637 899 3669 τοι
909 3638 969 3682 οντα
988 3626 1037 3683 ζῷα
1081 3619 1208 3669 Φαίνονται
1225 3620 1254 3677 δὴ
1268 3621 1308 3668 καὶ
1326 3619 1390 3668 οὗτοι
1410 3619 1451 3668 τὸν
1468 3620 1827 3685 δριθμδννομίζοντειδιρχήν
1806 3639 1868 3672 ιιναι

254 3689 328 3750 εἶναι,
342 3690 419 3752 ψυχὴν
432 3687 509 3748 μέντοι
521 3690 553 3749 μὴ
565 3687 626 3752 ἔχειν
636 3690 721 3738 πάντα.
731 3717 761 3730 -·
771 3689 821 3750 (90)
835 3691 972 3740 Aristoteles
988 3693 1039 3740 Me·
1079 3689 1162 3744 καιτοι
1177 3690 1234 3745 ύλην
1245 3694 1293 3744 τοῖς
1307 3689 1360 3737 ούσι
1373 3690 1459 3745 aalma
1470 3689 1531 3747 πάθη
1544 3707 1570 3738 τε
1584 3693 1626 3740 καὶ
1641 3693 1708 3750 ἔξεις,
1719 3697 1761 3740 τοῦ
1773 3693 1827 3741 δὲ
1815 3709 1868 3755 αρι-

255 3758 321 3816 θιρΙι.
334 3761 358 3818 l,
369 3763 408 3806 5:
425 3758 583 3815 ἐνδὲτούτοις
593 3762 821 3824 καιπροτοοτωοοῑ
836 3763 974 3825 καλούμενοι
988 3766 1036 3812 nn
1081 3760 1140 3820 upon
1153 3764 1260 3821 στοιχεῖα
1275 3757 1303 3807 τύ
1318 3775 1344 3806 τε
1362 3760 1440 3822 ἄρτιον
1456 3761 1495 3807 καὶ
1510 3760 1538 3808 ct
1554 3762 1674 3823 περιττόν,
1694 3762 1861 3810 τούτωνδὲ
1836 3780 1866 3811 το

256 3829 371 3889 θαγοριιοι
381 3833 428 3875 των
439 3830 580 3891 μεθηματων
589 3832 705 3895 ἁψάμενοι
713 3839 778 3895 προ)
780 3850 802 3883 οι
810 3851 1036 3898 τανταιτροηγαγον,
1081 3829 1123 3889 μὲν
1143 3831 1318 3893 πεπερασμένον
1334 3831 1360 3879 τδ
1379 3831 1405 3878 δὲ
1426 3831 1538 3896 ἄπειρον,
1552 3831 1647 3880 τδδ’”
1637 3849 1661 3880 εν
1682 3833 1741 3889 st·
1730 3849 1822 3926 turpes,¹
1796 3836 1829 3881 έτ
1830 3851 1866 3882 ων

255 3897 296 3945 καὶ
307 3896 451 3960 ἐντραφέντες
461 3897 485 3946 ἐν
497 3899 577 3955 αὐτοῖς
591 3903 631 3957 τὰς
644 3903 733 3951 τούτων
746 3903 954 3966 δρχδιςτῶνθντων
962 3905 1037 3967 ἀρχὰς
1081 3899 1141 3946 εἶναι
1155 3900 1247 3948 τούτων
1258 3900 1310 3960 (καὶ
1321 3899 1366 3962 γὰρ
1374 3900 1452 3963 ἄρτιον
1465 3900 1541 3948 εἶναι
1535 3902 1576 3948 καὶ
1589 3901 1728 3965 περιττόν),
1740 3900 1810 3950 τόνδ’
1818 3902 1868 3964 δρι-

256 3964 366 4028 aaronem
374 3965 433 4013 εἶναι
442 3965 543 4016 πάντων
555 3969 620 4016 Επεὶ
630 3969 655 4017 ot
663 3970 752 4019 τούτων
762 3974 785 4020 οι
796 3973 925 4034 &prtum
898 3989 964 4034 φυσιν
975 3989 1038 4036 πρω-
1081 3970 1177 4055 θμδνὶκ
1194 3975 1235 4018 τοῦ
1249 3968 1298 4024 ἑνός
1306 3969 1471 4031 ,ἀριθμούς
1458 3971 1497 4031 os,
1516 3971 1620 4032 καθάπερ
1638 3971 1741 4033 εῐνητοι,
1753 3973 1793 4020 τὸν
1809 3973 1864 4019 ὃὶνν

212 4051 215 4056 ·
255 4051 292 4084 τοι
299 4033 538 4098 ενοὲτοςάριθμοιι
547 4038 641 4086 ιδοκουν
652 4041 745 4103 θεωρειν
756 4043 894 4103 θμοιωματοι
903 4042 979 4091 πολλα
990 4049 1038 4100 τοῖς
1081 4039 1186 4102 ούρδινὸν.
1193 4040 1373 4124 Ἕττροιδὲτῶν
1380 4040 1603 4097 αύτῶντούτωντδιι
1613 4041 1867 4104 δρχδιιδέκαλέγουοιν

255 4104 309 4156 οὖσι
317 4105 517 4170 καὶγιγνομενοις,
525 4109 667 4171 μολλονῆύν
677 4113 731 4173 πυρὶ
741 4113 819 4160 καὶ
791 4129 821 4174 qq
833 4113 957 4170 καιυδαι
965 4113 1037 4161 ὄτιτδ
1082 4110 1172 4159 beu
1149 4127 1244 4166 ταςκα
1236 4127 1411 4172 οισνσιοιχιαν
1423 4112 1641 4174 λεγομινας,περοις
1653 4129 1693 4160 κοιι
1705 4128 1814 4175 ατειρον
1825 4127 1866 4159 πε-

255 4178 297 4238 μὲν
306 4177 391 4225 τοιονδὶ
400 4181 447 4224 τῶν
457 4177 507 4240 δριθ
509 4182 559 4238 μῶν
566 4177 660 4235 πάθος
648 4183 793 4240 praesentim,
800 4183 827 4229 τὸ
839 4182 863 4230 δὲ
875 4183 960 4230 τοιονδὶ
972 4183 1037 4244 ψνχή
1082 4181 1159 4241 ριττδν
1172 4181 1211 4228 καὶ
1222 4180 1337 4242 ἄρτιον,
1327 4197 1351 4228 εν
1361 4197 1401 4228 και
1392 4182 1496 4239 πλῆθος
1505 4218 1512 4243 ,
1522 4182 1594 4236 δεξιὸν
1602 4181 1663 4229 καθ’
1651 4181 1771 4244 οριστερύν
1777 4218 1784 4241 ,
1795 4180 1866 4244 ἄρρεν

256 4249 297 4296 καὶ
307 4253 373 4306 νοῦς,
389 4247 464 4310 ἕτερον
474 4247 502 4296 δὲ
515 4249 594 4310 καιρὸς
604 4251 644 4298 καὶ
655 4256 703 4298 τῶν
714 4251 789 4300 ἄλλων
805 4254 837 4308 ὡς
849 4253 922 4301 εἰπεῖν
939 4253 1037 4302 ἕκαστον
1082 4252 1122 4297 καὶ
1136 4252 1206 4309 θῆλυ,
1217 4251 1316 4315 ἠρεμοῦν
1328 4252 1368 4298 καὶ
1377 4252 1528 4312 κινούμενον,
1540 4253 1594 4300 εὐθὺ
1604 4253 1643 4300 καὶ
1657 4253 1796 4315 καμπύλον,
1816 4257 1865 4312 φῶς

255 4317 404 4380 opsloe-tn
420 4317 445 4366 δὲ
464 4322 511 4367 τῶν
531 4319 663 4382 ἁρμονικῶν
677 4321 732 4382 (leg.
746 4322 877 4384 ἁρμονιῶν)
893 4321 917 4370 ἐν
934 4322 1038 4385 ἀριθμοῖς
1081 4320 1121 4370 zet
1147 4319 1243 4382 σκότος,
1265 4320 1408 4380 ἀγαθὸνκαὶ
1424 4317 1669 4407 κοικόύ,τετρρίγωνον
1692 4323 1732 4369 καὶ
1753 4322 1865 4386 ἑτερόμη·

256 4390 353 4452 δρῶντες
368 4389 399 4437 τδι
419 4388 534 4476 πύθηται
550 4389 604 4442 rou:
615 4391 709 4452 λογους,
723 4393 802 4452 ἐπειδὴ
819 4410 848 4441 τοι
860 4393 901 4456 μὲν
913 4393 972 4441 αλλα
987 4399 1037 4449 τοῖς
1083 4408 1122 4447 κει
1125 4426 1182 4441 ......
1198 4394 1228 4441 ot
1243 4392 1432 4456 δὲΠνθαγδρειοι
1445 4392 1486 4441 δύο
1503 4359 1581 4455 μὲν
1557 4410 1599 4448 τας
1613 4393 1688 4456 ἀρχὰς
1698 4393 1866 4442 κατὰτδναύ·

256 4457 361 4522 ἀριθμοῖς
380 4459 485 4518 ἐφαίνετο
501 4460 543 4518 τὴν
556 4461 624 4522 φύσιν
644 4461 910 4524 ἀρωμοιῶοθιιιπᾶσαν,
921 4464 1003 4512 οῑδ”
991 4480 1039 4526 αρι-
1082 4463 1121 4510 τὸν
1135 4463 1240 4527 εἰρήκασι
1253 4462 1356 4547 τρόπον,
1366 4465 1739 4534 τρσούτονδὶπροσεπέθεσαν,η
1726 4463 1866 4512 σκαὶῐδιδν

256 4530 309 4589 θμοὶ
321 4529 398 4587 πάσης
408 4535 448 4588 τῆς
458 4530 547 4593 φύσεως
559 4534 660 4618 πρῶτον,
670 4531 700 4579 τὰ
709 4537 755 4580 τῶν
765 4533 867 4620 ἀριθμῶν
876 4538 982 4596 στοιχεῖα
990 4538 1038 4581 τῶν
1083 4533 1146 4582 ἐστιν
1159 4534 1253 4592 αὐτῶν,
1263 4533 1300 4580 δτι
1315 4533 1342 4581 τὸ
1353 4519 1527 4596 πεπερασμένον
1544 4535 1584 4582 καὶ
1601 4535 1629 4583 ιδ
1641 4534 1786 4597 ἄπειρονκαὶ
1801 4533 1829 4581 τδ
1841 4534 1868 4581 ἓν

257 4599 329 4649 ὄντων
340 4606 446 4663 στοιχεια
457 4618 550 4650 παντων
566 4603 624 4650 ειναι
636 4603 765 4661 νπιλοιύον
777 4606 865 4653 καιτοι
878 4605 930 4654 θλον
941 4603 1038 4665 ουρανδν
1082 4601 1216 4665 ούχέτέρας
1229 4601 1292 4658 τινὰς
1304 4602 1485 4663 ᾠήθησανεῖναι
1502 4604 1717 4667 φύσεις,οῑονιιύρ
1735 4603 1830 4663 ἣγῆνῆ
1843 4619 1867 4650 τι

257 4670 403 4733 ἁρμονίαν
382 4688 441 4720 ειναι
455 4673 495 4722 καὶ
515 4673 628 4736 ἀριθμόν·
652 4675 691 4721 καὶ
713 4675 759 4722 ὅσα
781 4675 846 4737 εἶχον
864 4675 1038 4737 ὁμολογούμενα
1081 4675 1186 4721 τοιοῦτον
1198 4672 1290 4734 ἕτερον,
1307 4670 1357 4719 ἀλλ’
1369 4671 1427 4720 αύτδ
1443 4673 1470 4719 τὸ
1482 4672 1576 4737 ἄπειρον
1588 4677 1628 4722 καὶ
1640 4673 1698 4722 αὐτὸ
1713 4673 1772 4722 τδέν
1784 4673 1868 4722 osnes

257 4739 371 4788 δεικνύναι
381 4741 404 4788 ἐν
419 4757 444 4790 τε
455 4747 504 4798 τοῖς
516 4743 622 4806 ἀριθμοῖς
633 4745 673 4790 καὶ
686 4749 735 4796 ταῖς
749 4745 867 4807 ἁρμονίαις
880 4747 936 4808 πρὸς
948 4745 977 4793 τὰ
996 4751 1037 4794 τοῦ
1083 4743 1141 4792 εἶναι
1156 4744 1245 4790 τούτων
1268 4741 1300 4789 ὧν
1315 4747 1510 4803 κατηγοροῦνται,
1526 4744 1563 4792 διὸ
1578 4745 1618 4792 καὶ
1634 4743 1730 4807 ἀριθμὸν
1746 4743 1803 4791 εἶναι
1823 4743 1868 4800 τὴν

257 4810 356 4872 ούρανοῦ
371 4811 434 4868 πάθη
456 4814 495 4860 καὶ
518 4814 574 4876 μέρη
593 4815 632 4862 καὶ
655 4815 711 4878 πρὸς
731 4816 773 4874 τήν
796 4815 851 4872 ὅλην
867 4815 1038 4879 διακόσμησιν,
1082 4811 1165 4860 οὐσίαν
1181 4811 1302 4865 ἁπάντων.
1323 4813 1412 4859 Sextus
1432 4813 1565 4874 empiricos
1579 4813 1635 4860 adv.
1658 4814 1732 4862 Mallt.
1756 4825 1780 4874 p.
1798 4816 1840 4861 104
1858 4837 1866 4861 .-

257 4885 331 4929 ταῡ·α
342 4881 479 4940 συνάγοντες
492 4885 640 4966 ἐφήρμοττον.
661 4885 766 4934 Κᾶνεῐτί
779 4903 825 4934 που
838 4887 952 4944 διέλειπε,
965 4902 1039 4949 προσ-
1083 4880 1507 4943 Πνθαγορικοῖμεγαληνδπονέμονσι
1518 4883 1801 4945 δύναμιντοῖςδιριθμοῖς·
1814 4883 1868 4929 ὅθεν

258 4949 377 5013 νελίχοντο
390 4955 433 4998 τοῦ
450 4955 699 5016 συνειρομήνηνπᾱοαν
712 4957 790 5012 αὐτοῖς
805 4956 864 5005 εἶναι
877 4955 917 5014 τὴν
930 4971 1038 5017 πραγμα
1082 4952 1123 4999 κιιὶ
1135 4951 1172 4999 ἀεὶ
1185 4951 1334 5010 ἐπεφώνουν,
1346 4951 1437 5015 ἂριθμῳ
1449 4953 1475 5002 δε
1486 4969 1513 5001 τε
1527 4952 1588 5001 πάντ
1588 4951 1727 5009 ’ἐπέοικεῃι
1741 4953 1865 5016 ὀμνύοντες

257 5020 329 5067 seina.
340 5021 410 5082 λέγω
424 5018 445 5068 δ’
458 5021 507 5069 οἷον
517 5023 612 5082 ,ἐπειδὴ
628 5026 714 5073 τέλειον
730 5026 825 5084 ἠθικὰς
846 5027 983 5075 εἶναιδοκεῖ
998 5027 1038 5075 καὶ
1083 5020 1111 5068 ον
1121 5037 1192 5082 μονον
1203 5037 1243 5070 τον
1256 5021 1367 5092 ὰρνθμὸν,
1380 5021 1438 5071 ἄλλα
1449 5025 1489 5071 και
1502 5039 1543 5072 τον
1555 5022 1708 5078 θποδῑίὶαντα
1721 5024 1867 5079 αντοῖετθῦ·

258 5091 584 5152 πᾶσανπιριιιληρέναιτὴντ
576 5095 732 5156 ῶνᾰριθμῶν
745 5099 829 5154 φύσιν,
839 5097 1039 5159 χαὶτὰφιρόμινο
1082 5093 1288 5156 τονΠυθαγύρτν,
1307 5096 1338 5148 ὡς
1360 5093 1429 5157 θιύν,
1453 5095 1492 5144 διὰ
1510 5097 1553 5151 τὴν
1569 5093 1594 5142 ἐν
1610 5095 1749 5158 ἀριθμητικῇ
1768 5097 1867 5178 δύναμιν

258 5159 372 5208 κατὰτδν
387 5159 483 5223 οὐρανὸν
499 5162 555 5209 δέκα
568 5164 644 5225 psas*
622 5165 681 5212 nei
691 5182 775 5226 φασιν,
786 5165 859 5214 ὄντων
879 5167 980 5216 δὲέννέα
994 5167 1038 5228 μό·
1082 5165 1202 5223 λέγοντες
1216 5165 1252 5212 Ού
1273 5180 1307 5225 μα
1318 5181 1357 5214 τον
1372 5166 1473 5228 ἁμετέρᾳ
1492 5167 1558 5228 dnm
1569 5165 1705 5230 παραδοντοι
1723 5165 1867 5230 τετρακτύν,

258 5244 297 5276 νον
307 5203 1037 5298 τῶνραντρῶνδιὰτοῦτοδεκάτηντὴνδύτὶχθονιποιοῦσιν.....
1084 5235 1162 5298 παγὰν
1183 5234 1266 5285 ἀενάου
1282 5237 1363 5299 φύσιος
1384 5235 1517 5300 δεξώμεθ’
1506 5252 1608 5299 εχονσαν
1628 5238 1679 5285 κτλ
1703 5235 1740 5285 Cf.
1764 5249 1788 5299 p.
1808 5239 1866 5299 tat,
