3959 5925
175 385 231 436 282

173 509 313 558 contineant
322 504 377 556 dum
388 503 466 555 lineae.
477 507 542 565 Una,
555 516 611 564 quae
623 501 655 551 ab
668 501 739 552 oenlo
752 501 859 565 proiecta
869 515 955 564 perre-

175 598 211 648 nit
224 596 255 646 ad
271 594 405 658 speculum.
437 592 517 642 Altera
526 626 533 651 ,
543 603 599 652 quae
610 603 624 638 a
636 589 734 653 speculo
747 590 849 641 recurrit
860 590 889 638 nd
900 591 956 639 vui·

719 369 916 433 enunciet}
937 371 1247 434 COMMENTARIUS

1001 504 1136 568 specuium,
1149 505 1253 567 maiores
1266 505 1331 556 veris
1344 505 1424 556 vuitus
1436 506 1559 570 apparent.
1591 505 1648 557 ideo
1662 505 1727 568 quod
1738 519 1784 556 un·

1001 592 1074 656 dique
1092 607 1117 644 se
1137 592 1252 644 tundente
1272 593 1332 644 radii
1350 592 1439 643 lumine
1458 593 1525 644 velut
1547 594 1685 643 exaestuans
1705 594 1784 657 imago

173 689 240 736 inm.
275 682 325 742 Qni
344 679 442 745 andem
454 680 569 742 angulus,
582 691 640 728 cem
651 679 697 729 erit
716 682 814 741 acutus,
827 678 955 741 imaginem
1000 679 1135 742 porrigitur.

174 774 286 823 vultuum
299 774 438 819 uerborum
459 768 516 817 iacit
528 767 554 816 in
566 767 666 830 speculo
677 766 768 828 videri,
785 767 909 816 remeante
925 765 955 814 ad

175 860 268 910 vultum
281 857 332 908 acis
349 858 423 919 atque
434 855 491 906 iude
505 855 601 905 occulte
612 855 779 917 precipitante
798 854 954 903 simulacrum

175 948 201 997 in
213 945 304 1010 speculi
318 945 407 994 sinum.
438 947 476 994 lix
490 944 594 1004 quelli,
611 948 636 992 ιιι
652 943 734 990 vvvltvvs
746 943 828 991 noster
843 939 957 991 transisse

176 1035 208 1085 ad
220 1034 345 1098 speculum
361 1033 467 1096 putetur.
500 1030 677 1093 Quemcunque
690 1029 887 1087 simulacrum,e
903 1041 957 1094 spe·

173 1125 229 1173 culo
243 1123 374 1183 resultans,
386 1135 416 1172 en
433 1120 536 1170 adverso
548 1119 646 1170 ridetur
657 1117 805 1169 consistere:
818 1115 915 1179 perinde
929 1129 958 1166 oc

175 1213 195 1262 si
208 1210 257 1261 duo
277 1212 362 1260 contra
384 1211 476 1258 stantes
497 1207 595 1257 dextras
615 1208 695 1270 partes
716 1205 835 1264 sinistris,
849 1205 958 1258 sinistras

175 1301 233 1350 ilem
248 1298 341 1349 dextris
355 1297 439 1347 obvias
452 1295 576 1346 babeant:
596 1295 632 1345 sic
643 1293 772 1344 adversum
786 1305 831 1342 uos
844 1291 959 1354 imagines

175 1391 278 1447 nostre,
290 1386 388 1436 donnas
404 1387 429 1434 et
439 1384 548 1433 sinistras
560 1385 642 1446 paries
658 1393 715 1432 cum
732 1380 903 1430 immutatione
916 1380 959 1429 de-

176 1475 318 1524 monstrant.
352 1473 419 1522 idem
443 1470 546 1535 angulus
561 1473 661 1530 acutos,
675 1471 697 1518 si
709 1481 740 1520 es
756 1468 838 1531 aliqua
856 1481 958 1519 conver-

175 1563 257 1624 sione,
271 1563 308 1612 vei
327 1562 455 1610 immutate
472 1559 589 1622 qualitate
607 1557 751 1620 positionis,
769 1556 816 1606 erit
828 1558 920 1606 acutior
936 1559 961 1606 et

176 1651 299 1715 procerior
312 1650 403 1712 iactus,
416 1647 512 1711 longius
522 1649 653 1710 erogatus,
663 1647 768 1706 macta,
779 1657 836 1708 quae
848 1647 905 1707 post
916 1650 961 1695 ter·

175 1753 233 1803 gum
253 1739 324 1788 nobis
342 1738 413 1800 sunt,
438 1737 466 1785 in
489 1736 589 1798 speculo
606 1733 683 1784 rideri
702 1733 767 1783 tacit.
800 1732 892 1791 Quodsi
913 1746 961 1783 nou

176 1829 275 1888 amatus,
290 1825 333 1876 sed
347 1829 443 1885 rectus,
459 1824 504 1874 erit
517 1823 632 1886 angulus;
655 1827 712 1871 tuno
728 1835 771 1881 ea,
786 1834 841 1883 quae
857 1820 886 1870 ad
899 1821 959 1871 dire·

177 1921 243 1966 ctum
267 1917 368 1977 rigorem
388 1925 519 1976 supranos
541 1913 629 1972 eruut,
650 1908 804 1960 videbuntur.
835 1910 878 1960 sin
902 1923 961 1959 vero

178 2003 265 2066 hebes,
278 2004 303 2052 et
315 2003 386 2051 latior
393 2018 402 2063 i
415 2013 459 2063 ea,
472 2012 528 2064 qnae
540 2002 624 2052 eontra
635 2010 682 2048 nos
693 1999 823 2048 excelsiora
835 2000 909 2060 suut,
919 2011 962 2060 ap-

179 2089 304 2153 parebunt.

211 2179 388 2229 ccxxxviii.
406 2175 479 2224 Nullo
498 2188 570 2237 porro
587 2174 676 2237 angulo
690 2174 766 2236 laeto,
781 2186 826 2222 neo
837 2173 914 2222 tracto
925 2185 962 2222 ra·

179 2267 235 2328 dio,
250 2265 317 2314 nulla
335 2265 362 2313 in
378 2263 483 2326 speculis
498 2262 619 2312 duntaxat
638 2263 718 2324 imago
739 2261 879 2326 proveniet,
891 2263 920 2312 ut
937 2262 963 2311 in

180 2352 298 2418 globosis,
317 2355 342 2402 ct
363 2353 466 2415 sphaerae
488 2350 623 2412 similibus,
644 2350 716 2399 vasis.
749 2353 782 2399 At
796 2362 854 2399 vero
872 2349 893 2400 ni
909 2349 964 2399 talin

180 2441 227 2492 erit
238 2439 329 2504 speculi
347 2439 437 2502 ligura,
450 2441 478 2488 ut
491 2438 524 2488 sit
533 2438 587 2500 eius
597 2449 703 2488 concava
714 2437 868 2500 superficies,
880 2441 905 2487 et
915 2440 964 2488 tor·

180 2532 235 2578 nata
256 2529 281 2578 in
295 2526 395 2577 modum
415 2525 508 2590 scaplvii
522 2525 648 2589 quadrati,
664 2526 703 2575 rel
729 2525 852 2587 imbricis,
876 2525 963 2575 debinc

180 2616 318 2666 iutueamur
332 2616 379 2665 lvoc
399 2613 463 2664 idem
476 2613 601 2676 sporadum
615 2613 650 2662 ita
665 2625 826 2674 conversum,
840 2618 867 2661 ut
884 2615 964 2663 rectus

179 2707 290 2755 cernatur
315 2703 422 2764 imbrex,
444 2702 564 2764 margines
583 2714 654 2764 porro
677 2701 744 2764 ejus,
767 2713 810 2750 sen
825 2700 964 2763 supercilia,

181 2793 238 2843 iiiuc
251 2795 276 2843 et
285 2792 353 2842 illinc
366 2805 410 2855 pro
423 2790 541 2840 lateribus
549 2789 678 2850 assistantp
688 2793 762 2851 tune,
772 2789 867 2851 opinor,
882 2788 966 2838 radius

180 2880 305 2941 incidens,
319 2883 344 2930 et
359 2879 491 2940 intractus,
503 2878 535 2928 ob
544 2877 631 2928 laevem
645 2876 738 2940 speculi
749 2876 897 2940 rigidamque
909 2877 964 2926 soli·

181 2967 299 3026 dilatem,
313 2966 339 3014 in
355 2964 495 3029 proximum
513 2962 578 3012 latus
594 2963 646 3024 eius
658 2962 787 3024 delabitur,
799 2963 824 3012 in
838 2962 966 3013 decumani

182 3054 258 3117 apicis
271 3050 383 3113 effigiem.
408 3052 446 3098 lta
464 3049 543 3098 dextri
560 3048 641 3098 lateris
657 3048 761 3111 imaeue
783 3049 808 3097 in
828 3049 965 3112 sinistrum,

183 3143 273 3193 sinistri
282 3143 355 3191 etiam
368 3141 393 3189 iu
405 3140 529 3199 dextrum,
542 3138 575 3188 ob
588 3138 743 3188 eminentiam
755 3138 867 3201 marginis
876 3141 965 3190 utrius·

183 3244 246 3295 que,
262 3229 363 3288 directa,
383 3226 476 3276 dextrae
494 3228 574 3288 partes
595 3226 702 3288 uestrae,
717 3225 792 3276 etiam
807 3226 834 3275 in
852 3228 965 3289 speculo,

185 3320 290 3379 dextre,
303 3316 455 3377 siubtroeque
467 3314 526 3366 item
538 3314 642 3363 sinistrae
651 3314 804 3371 videbuntur,
816 3318 840 3364 et
848 3315 894 3365 erit
904 3316 967 3364 imo·

184 3406 247 3469 pois
263 3403 329 3454 laisan
341 3402 474 3453 remedium
489 3400 569 3462 imago
583 3400 653 3450 laisa.
686 3404 739 3450 iioc
750 3401 813 3451 idem
829 3402 966 3464 speculum,

184 3495 204 3544 si
217 3493 314 3543 demum
328 3490 361 3541 ita
375 3490 421 3543 erit
433 3488 562 3539 adversum
572 3502 616 3539 uos
628 3489 751 3548 locatum,
766 3492 795 3539 ut
807 3490 968 3541 eminentium

184 3580 320 3644 marginum
338 3580 399 3630 alter
419 3579 529 3641 superior
541 3578 586 3638 sil,
602 3577 663 3627 alter
679 3578 791 3639 interier3
810 3591 854 3629 neo
874 3582 968 3641 rectus,

71 3708 75 3714 -
184 3670 227 3720 sed
238 3668 367 3733 obliquus,
379 3670 493 3718 cernatur
506 3666 616 3728 imbren;
630 3666 754 3729 resupinos
767 3668 874 3716 ostentm
883 3666 968 3728 imagi·

186 3770 243 3821 nes,
256 3759 281 3807 et
295 3757 426 3806 simulacra
439 3757 602 3818 praepostera,
619 3754 651 3804 ob
668 3754 772 3805 similem
793 3754 887 3818 lapsum
901 3756 969 3805 iracti

186 3844 969 3909 radiiperaeelivia.Directusqulpperisusadspeculiseperciiia,

1033 770 1121 818 celtis.
1140 772 1200 828 Quae
1214 770 1295 818 autem
1305 768 1439 832 rrapoipome
1452 768 1483 819 ab
1497 767 1534 818 bis
1545 767 1688 831 appellatur,
1703 780 1785 830 prore·

1003 857 1037 906 nit
1053 857 1146 920 quoties
1156 871 1204 906 nou
1217 858 1242 906 in
1254 858 1309 907 cute
1320 857 1425 920 speculi,
1438 855 1480 907 sed
1497 857 1628 918 introrsum
1637 858 1662 905 et
1671 855 1786 918 tauquam

1003 945 1027 995 in
1039 945 1201 1009 penetralibus
1216 945 1370 996 simulacrum
1385 943 1515 1006 invenitur,
1527 943 1692 994 obumbrante
1706 945 1787 1007 aliqua

1002 1030 1139 1092 nigredine,
1158 1034 1187 1080 ut
1199 1031 1222 1080 iu
1235 1031 1349 1094 perlucidi
1361 1031 1476 1094 quidem,
1490 1031 1532 1081 sed
1544 1031 1605 1080 tusci
1620 1030 1676 1080 vitri
1688 1031 1785 1091 lamina,

1004 1119 1043 1169 vel
1059 1119 1149 1181 stagnis
1165 1119 1224 1169 alvis
1242 1133 1272 1169 ex
1288 1121 1341 1169 atro
1366 1119 1493 1183 profunde.
1526 1123 1595 1170 Tunc
1614 1120 1702 1184 quippe
1721 1120 1787 1170 risus

1004 1209 1137 1272 ingreditur
1152 1220 1200 1259 non
1222 1209 1282 1258 adeo
1305 1209 1404 1258 densam
1424 1213 1518 1270 eutem,
1537 1214 1562 1259 et
1579 1207 1644 1259 videt
1657 1209 1786 1272 interiora,

1004 1294 1045 1344 sed
1059 1308 1109 1345 non
1120 1294 1179 1345 adeo
1191 1295 1260 1344 clare.
1294 1294 1432 1357 infringitur
1443 1297 1523 1346 lamen
1538 1293 1633 1358 radius,
1647 1295 1679 1344 ob
1698 1297 1787 1345 lorsam

1005 1382 1132 1446 perlucide
1151 1383 1259 1432 materiae
1279 1383 1445 1445 superficiem,
1465 1389 1491 1434 et
1512 1383 1725 1434 obumbrationem
1741 1384 1787 1434 atri

1006 1471 1109 1532 coloris,
1121 1484 1198 1533 usque
1211 1470 1271 1521 adeo
1286 1473 1314 1521 ut
1326 1471 1371 1533 ipsi
1387 1465 1460 1521 eti'am
1478 1477 1575 1522 nosmet
1587 1471 1709 1532 videntes,
1725 1471 1789 1521 intra

1007 1558 1129 1623 speculam
1145 1561 1241 1610 uosmet
1262 1561 1375 1622 putemus
1390 1560 1534 1620 consistere,
1547 1571 1593 1609 noe
1606 1571 1634 1608 os
1648 1562 1758 1608 nostrum
1776 1572 1789 1609 e

1006 1647 1103 1710 speculo
1114 1684 1121 1708 ,
1131 1647 1172 1698 sed
1185 1647 1248 1698 iutra
1260 1647 1386 1710 speculum
1404 1647 1498 1697 ridere.
1533 1650 1595 1706 Qum
1607 1659 1680 1696 causa
1694 1651 1746 1706 est,
1763 1649 1790 1696 ut

1006 1747 1062 1784 cum
1074 1734 1214 1784 accedimus
1227 1733 1257 1783 od
1269 1734 1409 1796 specuium,
1423 1733 1501 1795 imago
1513 1732 1586 1784 etiam
1600 1733 1751 1794 proximare,
1767 1737 1790 1782 et

1007 1833 1062 1870 cum
1074 1820 1191 1882 redimus,
1204 1820 1244 1869 iila
1258 1821 1329 1870 etlam
1344 1819 1453 1869 videatur
1465 1832 1511 1868 uua
1523 1819 1643 1870 recedere.

1038 1909 1140 1958 celibi.
1158 1908 1235 1958 Iidem
1247 1921 1322 1956 uuum
1334 1919 1387 1958 esse
1395 1905 1503 1968 redium,
1515 1907 1557 1970 qni
1567 1920 1595 1958 en
1606 1911 1709 1969 utroque
1721 1907 1792 1956 oculo

1008 1995 1146 2059 porrigitur,
1164 1999 1363 2058 argumentantur
1377 2008 1406 2044 es
1422 2007 1450 2044 ca
1467 1993 1580 2058 passione
1597 2007 1655 2058 quae
1675 1993 1792 2057 diripuere

1008 2084 1098 2134 dicitur
1113 2103 1120 2134 ι
1137 2085 1160 2134 et
1172 2096 1200 2133 es
1213 2083 1267 2132 visu
1278 2095 1378 2144 eorum,
1391 2083 1434 2145 qui
1443 2081 1548 2146 duplicia
1559 2081 1639 2132 videre
1650 2081 1790 2144 creduntur,

1008 2177 1034 2223 et
1047 2173 1135 2222 babere
1156 2171 1260 2234 pupulas
1280 2171 1356 2221 binas.
1400 2171 1494 2221 Etenim
1515 2183 1571 2221 cum
1592 2183 1686 2220 crassus
1703 2172 1792 2220 immor

1009 2263 1041 2312 lta
1052 2259 1135 2310 ocules
1148 2258 1282 2320 obsederit,
1295 2262 1323 2308 ut
1336 2272 1383 2308 uon
1400 2272 1497 2310 omnem
1509 2271 1593 2309 eorum
1607 2259 1760 2322 occupaverit
1769 2261 1794 2307 et

1009 2348 1132 2399 obtexerit
1149 2348 1284 2410 ambitum,
1298 2349 1339 2398 sed
1353 2347 1379 2398 in
1399 2347 1525 2398 medietate
1545 2347 1693 2408 eonstiterit,
1712 2346 1796 2397 liberis

1011 2439 1067 2489 irinc
1077 2439 1134 2489 inde
1147 2440 1256 2502 partibus
1274 2440 1325 2490 suis
1339 2440 1417 2489 :irruo
1433 2437 1509 2489 scisso
1520 2438 1588 2488 rudio
1602 2437 1719 2488 dividitur
1736 2438 1794 2488 biia-

1012 2525 1072 2576 riam
1086 2527 1170 2587 risus,
1182 2529 1206 2577 et
1221 2526 1263 2589 qui
1276 2526 1323 2576 boo
1339 2526 1400 2576 ritio
1412 2524 1541 2588 laborant,
1552 2525 1659 2588 duplicia
1676 2526 1757 2575 videre
1770 2537 1796 2574 se

1011 2617 1117 2664 censent.
1149 2617 1212 2677 Ergo
1226 2614 1331 2664 etiamiu
1343 2614 1443 2678 geminis
1460 2612 1556 2678 pupulis
1569 2613 1631 2664 idem
1647 2613 1732 2663 vitium
1745 2627 1795 2662 ree·

1011 2703 1120 2752 dicorum
1143 2702 1232 2765 delegit
1252 2701 1409 2766 experientia.
1441 2705 1552 2766 Namque
1575 2701 1667 2752 bicorni
1690 2702 1794 2750 naturali

1011 2789 1110 2854 quidem
1125 2791 1215 2854 pupula
1227 2793 1308 2850 recte,
1320 2802 1375 2852 quae
1388 2789 1459 2848 suot,
1473 2788 1585 2838 videntur
1597 2785 1657 2850 :illa
1669 2799 1728 2836 vcro
1738 2785 1795 2848 alia,

1012 2879 1143 2930 simulacra
1163 2891 1254 2930 rerum.
1287 2879 1440 2941 Quapropter
1456 2875 1560 2939 medici,
1583 2875 1650 2939 quod
1670 2874 1724 2936 plns
1744 2875 1796 2933 est,

1013 2981 1086 3031 quam
1100 2973 1186 3018 natura
1196 2966 1332 3027 desiderat,
1348 2966 1437 3016 tollunt
1451 2984 1457 3014 :
1470 2969 1495 3015 et
1508 2964 1574 3017 illam
1586 2966 1673 3027 preter
1685 2967 1795 3012 naturam

1014 3060 1128 3123 pupulam
1145 3059 1293 3121 interimunt,
1306 3058 1419 3122 imposita
1431 3057 1548 3108 cicatrice.
1582 3059 1637 3115 Quo
1652 3057 1715 3106 iacto
1728 3070 1797 3105 rere·

1013 3150 1081 3197 cator
1092 3148 1159 3198 risus
1170 3148 1285 3197 naturalis
1296 3146 1429 3206 integritas.
1463 3146 1506 3195 lim
1517 3145 1575 3194 sunt
1585 3144 1615 3194 de
1628 3145 1682 3193 visu
1692 3143 1798 3207 probatae

1013 3236 1138 3286 sententie
1148 3236 1266 3295 veterum,
1277 3232 1382 3295 quimiiri
1394 3207 1506 3281 videniur
1514 3231 1621 3293 acceptis
1629 3229 1798 3279 occasionibus

1015 3338 1029 3373 a
1046 3324 1147 3373 Platone
1158 3334 1229 3371 sivum
1248 3320 1370 3383 proprium
1384 3319 1468 3368 iecisse
1478 3317 1573 3379 dogma.
1605 3320 1739 3367 Nemeum
1758 3316 1798 3365 ille

1016 3411 1144 3474 perlectam
1157 3410 1273 3458 rationem
1287 3406 1394 3456 attulerit
1405 3404 1561 3468 docueritque
1576 3405 1626 3453 tam
1645 3403 1723 3465 ipsam
1738 3415 1796 3449 ran·

1014 3511 1066 3547 sam
1079 3495 1173 3546 videndi
1185 3531 1192 3557 ,
1202 3508 1274 3557 quam
1287 3498 1374 3545 cetera
1382 3530 1390 3557 ,
1398 3507 1454 3558 quse
1463 3506 1561 3543 causam
1570 3496 1713 3556 sequnntur,
1724 3496 1797 3551 atque

1014 3584 1137 3647 adiuvant,
1153 3586 1178 3633 et
1187 3582 1239 3633 sinc
1250 3582 1338 3645 quibus
1353 3583 1418 3632 visus
1430 3595 1479 3633 nou
1490 3583 1569 3646 potest
1578 3580 1708 3643 assistere,
1720 3578 1797 3639 iunio·

1016 3687 1054 3724 res
1067 3674 1171 3736 sumptis
1183 3686 1211 3723 ea
1226 3672 1296 3735 plena
1312 3672 1430 3722 sententia
1444 3672 1567 3734 partibusp
1582 3669 1613 3721 de
1625 3668 1711 3719 iisdem
1724 3666 1799 3731 parti-

1016 3761 1079 3823 bus,
1091 3764 1207 3824 tanquam
1222 3759 1252 3811 de
1267 3760 1438 3822 universitate,
1448 3761 1574 3810 senserunt
1587 3774 1595 3807 ε
1609 3761 1797 3822 proptereaque,
1889 3774 1891 3778 ·

1017 3851 1046 3898 ut
1059 3849 1100 3911 qui
1114 3860 1172 3899 vera
1188 3848 1287 3910 dicant,
1298 3848 1384 3899 marito
1396 3850 1502 3899 movent
1534 3846 1580 3898 Sed
1593 3846 1652 3911 quia
1666 3842 1731 3895 nulla
1742 3860 1797 3909 par·

186 3948 242 3987 eom
256 3933 354 3997 quidem
367 3934 516 3996 superiorem
529 3931 681 3996 conspexerit
694 3932 864 3994 eminentiam,
887 3932 969 3993 dejici·
1017 3935 1048 3985 tls
1062 3935 1177 3998 perfectio
1192 3938 1244 3997 esi,
1260 3935 1410 3998 aliquatenus
1424 3934 1565 3997 succidunt,
1584 3935 1611 3983 ut
1623 3933 1730 3995 exposita
1747 3931 1798 3982 Pla·

186 4027 227 4073 tur
238 4020 407 4082 simulacrum,
417 4019 447 4070 ad
462 4021 511 4069 ima
522 4019 677 4082 resopiunm;
686 4032 744 4069 rum
754 4032 812 4069 vero
823 4020 969 4080 interiorem,
1015 4023 1081 4074 tonis
1095 4022 1228 4084 sententia,
1242 4020 1280 4073 res
1298 4024 1350 4085 ipsa
1363 4022 1546 4074 demonstrabit.
1568 4076 1569 4079 ,

188 4111 245 4161 boii
259 4110 348 4160 saltum
365 4107 448 4158 vultus
463 4108 494 4157 ad
508 4107 637 4169 imaginem
648 4106 805 4169 superiorem.
1047 4112 1087 4162 00
1096 4112 1173 4161 xlii.
1191 4112 1280 4159 &eset
1296 4110 1361 4159 enim
1378 4110 1447 4160 Plato
1460 4110 1542 4160 lumen
1555 4122 1586 4159 ex
1597 4110 1676 4162 oculis
1689 4112 1800 4173 prolundi

218 4201 369 4251 ccxxxix.
386 4196 481 4246 indicat
492 4208 564 4256 porro
573 4208 671 4245 osusam
681 4207 763 4258 prave
774 4194 907 4245 intuitionls
917 4207 972 4245 esse
1019 4212 1124 4261 purum,
1140 4198 1165 4247 et
1179 4195 1312 4259 liquatum,
1337 4198 1402 4260 quod
1425 4198 1456 4248 sii
1475 4199 1542 4248 velut
1560 4199 1613 4249 iens
1627 4199 1727 4264 quidam
1741 4200 1800 4265 ignia

187 4292 212 4338 tn
230 4287 289 4338 radii
303 4286 600 4348 tvagmmecommemsm
617 4283 674 4333 tale.
706 4282 801 4333 Etenim
816 4281 900 4333 siduo
915 4295 969 4346 spe·
1018 4286 1096 4335 intimi
1108 4284 1301 4347 nostri,babem
1313 4298 1370 4335 cum
1381 4286 1499 4336 solstitiali
1518 4277 1609 4337 lumine
1619 4288 1797 4351 cognationem.

187 4376 248 4427 cula‘
264 4376 300 4426 sio
312 4378 368 4424 ante
384 4373 495 4434 vultum,
515 4371 619 4421 alterum
632 4384 647 4419 e
668 4374 734 4433 tergo
755 4370 921 4434 obliquetum,
940 4362 981 4421 ne'
1016 4373 1078 4425 solis
1089 4386 1161 4435 porro
1172 4372 1254 4423 lumen
1266 4372 1455 4425 instrumentum
1467 4375 1556 4425 animm
1567 4374 1618 4425 iore
1629 4375 1659 4426 ad
1671 4376 1800 4428 visibilium

189 4463 333 4529 impediatur
346 4462 443 4524 objectu
460 4460 642 4522 corporisvisus
658 4458 901 4515 radiicommeantis.
912 4461 972 4510 tuus
1017 4462 1151 4526 specierum
1168 4462 1394 4525 contemplationem
1413 4462 1552 4525 :siquidem
1566 4462 1596 4513 ad
1615 4464 1699 4515 oculos
1712 4466 1800 4516 ieratm

189 4553 328 4615 omipitium
346 4551 457 4601 nostrum
473 4548 560 4599 interni
576 4548 686 4598 videmus
699 4548 724 4597 in
736 4548 832 4611 spiceulo
849 4548 913 4612 quod
928 4548 971 4598 ba·
1016 4563 1119 4614 quorum
1139 4549 1254 4613 levigato
1268 4550 1395 4613 soliditas,
1419 4554 1444 4601 et
1463 4552 1528 4601 tersa
1552 4551 1700 4611 rotunditas,
1716 4556 1801 4616 utpote

192 4642 262 4711 betqr
282 4641 388 4700 aterge
421 4635 493 4695 Quod
513 4648 562 4685 non
577 4635 645 4685 beret
660 4636 706 4685 nisi
725 4633 806 4687 radim
819 4636 919 4686 visualis
931 4649 973 4699 ap-
1018 4639 1109 4689 munita
1130 4638 1218 4689 tunicis
1237 4638 1312 4689 textis
1333 4638 1401 4689 tenui
1422 4650 1552 4691 nemorum
1574 4640 1739 4703 subtegmine,
1755 4642 1801 4693 lert

190 4728 282 4791 plicans
292 4738 319 4775 se
331 4723 362 4774 ad
375 4722 497 4787 smoulam
510 4721 654 4783 adversum,
666 4722 805 4785 tractusque
815 4722 868 4785 eins
877 4722 972 4785 objectu
1017 4725 1086 4777 facile
1104 4725 1201 4777 obviam
1215 4727 1309 4778 lucem.
1327 4726 1444 4778 medietas
1457 4740 1533 4793 vero,
1544 4727 1572 4778 in
1585 4741 1634 4793 qua
1647 4728 1801 4781 mustituitur

192 4814 281 4865 iaceret
294 4813 425 4875 angulum,
445 4824 475 4863 ea
493 4825 542 4875 quo
557 4825 653 4862 mrsum
668 4822 794 4862 recurrens
813 4812 837 4860 in
854 4812 973 4876 posterius
1017 4814 1115 4864 videndi
1133 4815 1185 4878 vis,
1202 4814 1297 4866 delicati
1309 4816 1429 4879 corporis,
1443 4818 1468 4867 et
1485 4816 1598 4880 sincerae,
1610 4818 1800 4881 pmpemodum-

192 4914 220 4951 se
233 4900 359 4964 speculum
371 4899 499 4961 ariolaret,
513 4912 657 4963 rursumque
671 4899 723 4950 illic
732 4898 819 4963 augule
831 4898 895 4950 iacto
908 4898 974 4951 desi·
1018 4915 1066 4965 que
1084 4902 1250 4967 incorporeae,
1270 4904 1396 4967 puritatis,
1413 4904 1518 4955 admittit
1537 4906 1749 4969 contemplationis
1764 4908 1800 4958 iu·

193 4990 261 5037 neret
275 4988 300 5037 in
317 4988 421 5050 occipitii
435 4988 527 5039 sedem.
560 4992 642 5051 atque
659 4989 692 5039 ita
703 4988 769 5052 qnod
788 5001 846 5040 vero
859 4988 911 5039 risu
926 5001 974 5039 nou
1019 5004 1149 5054 gressum..
1170 4994 1300 5056 musaque
1319 4992 1455 5057 principalis
1477 4992 1574 5045 videndi
1594 4994 1676 5046 lumen
1691 4999 1728 5046 est
1747 4996 1800 5045 inti·

195 5071 305 5134 sentitur,
324 5074 480 5125 discursantis
507 5076 558 5126 acci
581 5077 673 5128 lumino
698 5077 817 5141 proditur.
859 5076 975 5128 similiter
1019 5094 1101 5145 mum,
1114 5083 1255 5141 uecmmeu
1275 5094 1450 5148 usquequaque
1461 5084 1581 5149 perlecta,
1595 5088 1619 5136 et
1634 5085 1757 5137 subiciens
1769 5085 1800 5135 ad

196 5174 253 5211 cum
274 5161 298 5211 iu
313 5161 413 5212 modum
434 5166 506 5213 secte
528 5176 641 5216 concavae
665 5166 768 5229 spbeare
782 5166 913 5217 formatum
931 5166 976 5217 erit
1021 5170 1126 5221 muneris
1146 5172 1303 5236 competentis
1332 5173 1530 5236 perfunctionem.
1564 5178 1634 5241 opus
1651 5178 1689 5227 est
1710 5178 1799 5239 quippe
