3959 5925
682 337 685 341 >
705 306 945 366 FRAGMENTA
965 308 1099 367 vluti.
1648 314 1683 363 ta

103 443 260 522 disciplina
281 442 413 519 prolecta.
436 438 551 517 Quippe
573 438 649 496 hunc
667 439 821 495 monadem
841 438 896 557 aci
918 436 963 496 δύο
973 436 1020 505 τὰς
1029 437 1153 496 ἀνωτάτω
1163 434 1245 515 ἀρχάς
1254 434 1459 513 ἐλάμόανι,τήν
1473 434 1520 511 μὲν
1530 435 1687 513 ὡρισμένην,

101 531 227 606 dyadem
252 548 348 586 rerum
368 527 515 605 principia
533 544 597 584 esse
611 525 737 583 voluisse
756 537 875 583 testatur
917 527 1036 603 μονάδα,
1049 525 1097 597 τὴν
1107 523 1134 583 δὲ
1151 524 1284 605 ἀόριστον,
1299 524 1380 585 δυάδα
1391 528 1493 585 καλῶν·
1503 523 1549 589 τήν
1564 523 1610 601 μὲν
1624 526 1687 599 ἀγα-

101 616 272 674 Aristoteles
282 615 370 693 Phys.
382 613 435 673 lib.
450 612 539 691 lcap.
554 611 598 687 θ’.)
717 650 723 659 ·
917 619 984 688 θῶν,
1003 613 1049 685 τήν
1063 611 1091 671 δέ
1105 616 1200 671 κακῶν
1215 604 1292 673 οάσαν
1315 614 1408 693 ἀρχήν.
1448 610 1482 671 Ἡ
1503 610 1550 685 μέν
1572 610 1622 690 γὰρ
1640 616 1687 681 τῆς

140 724 166 764 a.
188 703 346 781 Πυθαγόρας
357 701 468 779 πλείστῃ
483 700 583 778 σπουδῇ
603 698 662 777 περὶ
678 697 737 765 τοὺς
751 697 875 774 ἀριθμοὺς
918 702 1028 777 μονάδος
1042 701 1116 780 φύσις
1130 701 1300 778 ἐγγενομένη,
1317 704 1354 780 τῷ
1370 700 1416 777 μὲν
1430 698 1577 779 περιέχοντι
1593 699 1687 777 εὐκρα-

100 790 253 869 ἱχρήσατο,
266 788 313 859 τάς
334 810 363 846 τε
375 792 427 847 τῶν
442 786 514 866 ζῴων
532 785 643 863 γενέσεις
658 786 751 860 ἇνῆγνν
764 786 799 850 είς
817 785 873 861 ἅρι·
917 788 993 864 σίαν,
1014 780 1110 869 ψυχαῖς
1125 788 1152 846 δέ
1169 790 1281 868 ἀρετήν,
1298 787 1401 864 σώματι
1417 786 1444 847 δέ
1464 785 1576 865 ύγίειαν,
1595 786 1686 844 πόλεσι

100 877 182 952 liwir<
194 876 240 935 νινὶ
258 879 312 936 τιῗνν
325 876 440 954 ἇστίρννν
450 873 501 940 ’τίνι
520 872 664 951 πιριόδννι·
707 868 768 931 Ἔτι
780 868 807 929 δέ
821 873 875 936 τοῖς
918 875 946 934 δέ
960 876 1006 934 καὶ
1019 874 1097 943 οἴκοις
1112 874 1216 955 εἰρήνην
1231 875 1276 933 καλ
1291 875 1411 952 ὁμόνοιαν
1429 873 1558 953 παρέσχε·
1572 880 1624 929 πᾶν
1638 871 1687 951 γδρ

101 968 171 1030 θεοῖς
190 964 336 1033 ἀπεικάζων
354 962 535 1039 έπωνόμαζεν,
549 964 585 1024 ὡς’
600 959 751 1020 Ἀπόλλωνα
764 957 812 1035 μὲν
827 958 874 1029 τήν
919 963 1014 1041 ἀγαθὸν
1039 962 1188 1043 συμφωνίας
1202 962 1294 1023 οἰκεῖόν
1308 964 1388 1021 ε’στιν.
1430 962 1463 1020 ‘H
1480 960 1563 1030 δδτῆς
1581 958 1687 1029 δυάδος,

102 1054 206 1127 μονάδα
227 1044 320 1125 odeo,
340 1049 465 1128 ’tpiepn
486 1048 514 1107 δὲ
537 1048 585 1118 τὴν
601 1048 701 1122 δυάδα,
723 1043 771 1115 ῖθν
794 1044 874 1111 {iolla
917 1061 970 1109 πᾶν
985 1051 1149 1121 τούναντίον,
1165 1049 1221 1129 ἀέρι
1242 1052 1379 1128 χειμῶνα,
1394 1052 1491 1130 ψυχαῖς
1509 1048 1617 1119 κακίαν,
1635 1047 1688 1106 σάν·

102 1140 193 1216 Γάμον
208 1140 254 1199 καὶ
266 1140 433 1219 Ἀφροδίτην,
451 1137 498 1208 τήν
521 1138 548 1196 δὲ
562 1135 696 1212 έύδσμάδα
711 1134 808 1213 Καιρὸν
828 1134 874 1193 καὶ
919 1162 985 1215 μασι
994 1137 1101 1213 νόσους,
1114 1138 1206 1196 πόλεσι
1221 1135 1247 1194 δὲ
1262 1136 1306 1195 καί
1317 1135 1408 1203 οἰκίαις
1420 1137 1523 1201 στάσεις
1538 1135 1582 1193 καὶ
1596 1136 1688 1214 ἔχθρας

101 1229 234 1303 Ἀθηνᾶν,
246 1227 393 1306 Ἀσφάλεων
408 1224 436 1284 δέ
457 1225 610 1285 Ποσειδῶνα
622 1222 669 1293 τήν
687 1222 816 1299 όγδοάδα,
828 1220 874 1279 καί
918 1228 1047 1303 ἐγέννησε·
1061 1234 1113 1283 πᾶν
1127 1224 1178 1303 γθρ
1190 1222 1269 1283 κακδν
1286 1228 1315 1283 ἐκ
1332 1223 1490 1287 διαστάσεως
1505 1222 1549 1281 καὶ
1564 1223 1688 1301 διαφορᾶς

99 1315 151 1385 τὴν
174 1313 269 1373 δεκάδα
288 1315 462 1373 Παντέλεεαν.
503 1312 589 1369 aiot
606 1309 633 1368 dl
648 1308 728 1367 πάλιν
749 1314 795 1367 τοῦ
816 1310 875 1387 ἀρι-
917 1315 1027 1392 γίνεται.
1043 1312 1123 1373 Ὅθεν
1137 1312 1246 1371 καὶτῶν
1270 1309 1360 1389 ἐφεξῆς
1385 1312 1498 1388 ἀριθμῶν
1516 1308 1559 1367 τόν
1578 1309 1624 1383 μὲν
1640 1310 1688 1387 άρ-

100 1405 170 1474 θμοῦ
180 1400 224 1459 τόν
238 1399 285 1476 μὲν
301 1401 388 1480 ἄρτιον
402 1400 498 1472 ἀτελῆ,
510 1397 599 1477 πλήρη
611 1396 639 1455 δδ
650 1396 696 1454 καὶ
704 1397 800 1455 τέλειον
811 1401 875 1455 ἀπε-
919 1423 988 1476 τιον,
1000 1400 1075 1459 ίνδεά
1085 1399 1130 1457 καί
1143 1400 1237 1469 ἀτελῆ·
1250 1397 1293 1457 τὸν
1306 1398 1332 1457 δὲ
1347 1397 1471 1477 περισσόν
1481 1442 1489 1471 ,
1500 1396 1588 1475 πλήρη
1604 1420 1632 1455 τε
1645 1399 1689 1455 καί

101 1490 204 1568 φήνατσ
225 1480 268 1545 τὸν
292 1486 433 1566 περιττόν,
459 1486 500 1543 ὅτι
521 1484 673 1563 μιγνύμενός
695 1506 725 1542 τι
738 1480 809 1563 ’πρὸς
831 1485 874 1543 τὸν
920 1486 1017 1549 τέλειον
1037 1488 1166 1567 ἀπέφηνεν
1182 1485 1253 1567 (leg.
1275 1484 1461 1565 ἀπεφήνατσ],
1479 1483 1518 1543 ότι
1537 1486 1689 1562 μιγνύμενός

100 1576 190 1653 ἄρτιον
204 1574 245 1653 ἀεί
259 1574 328 1631 ποιεῖ
342 1578 527 1651 ’περικρατεῖν
538 1572 582 1631 τὸν
596 1570 623 1637 ἐξ
636 1574 733 1647 ἀμφοῖν
745 1571 875 1651 περισσόν,
919 1598 948 1634 τε
962 1574 1025 1653 πρὸς
1040 1574 1083 1633 τδν
1096 1572 1200 1653 άρτινν,
1215 1572 1255 1633 del
1269 1572 1320 1643 τὴν
1332 1576 1424 1631 ἑαυτοῦ
1439 1572 1546 1650 δύναμιν
1558 1572 1689 1646 διασώζει,

102 1664 176 1738 αὖτῷ
193 1681 224 1717 τι
244 1659 324 1718 πάλιν
343 1657 520 1735 συντιθέμενος
543 1666 620 1737 γεννᾷ
639 1657 682 1715 τὸν
698 1656 800 1735 ἄρτιον,
820 1661 834 1716 θ
852 1658 874 1715 δ’
919 1668 964 1720 τοῦ
976 1669 1101 1739 περισσοῦ
1116 1661 1161 1719 καὶ
1176 1662 1201 1718 ἕν
1221 1658 1323 1727 τούτοις
1336 1662 1549 1740 ἐπικρατοῦντος·
1563 1663 1647 1739 ἑαυτῷ
1661 1683 1689 1717 τε

102 1748 190 1826 άρτιος
205 1745 327 1805 σιίδέπατε
340 1744 383 1804 τδν
405 1745 545 1823 περισσόν,
560 1748 594 1810 ὡς
612 1745 641 1803 σθ
654 1743 757 1819 γόνιμος
768 1741 804 1800 ὧν
818 1743 875 1801 οὐδὲ
919 1748 1093 1822 συντιθέμενος
1108 1746 1244 1826 γεννᾷτόν
1260 1746 1361 1825 ἀρτων·
1376 1748 1479 1824 γόνιμος
1491 1746 1541 1824 γάρ
1554 1748 1626 1821 ἐστι,
1646 1748 1689 1805 καὶ

102 1834 172 1913 ἔχων
193 1834 302 1908 δύναμιν
319 1835 415 1911 ἀρχῆς.
457 1829 542 1889 Ὥστε
555 1832 582 1888 ἐν
597 1834 636 1909 τῷ
651 1831 802 1908 διαιρεῖσθαι
813 1829 875 1908 δίχα
918 1832 974 1909 ἔχει
988 1832 1095 1908 δύναμιν
1108 1837 1202 1912 ἀρχῆς,
1214 1832 1259 1891 καί
1274 1831 1397 1912 διαίρεσιν
1413 1834 1460 1891 οὐκ
1471 1832 1632 1911 ἐπιδέχεται,
1649 1834 1690 1890 ἀεὶ

101 1919 196 1981 πολλοὶ
219 1925 270 1979 τῶν
289 1920 384 2000 ἀρτίων
404 1922 440 1984 εἰς
454 1917 651 1994 περισσσθςτήν
670 1919 791 1975 ἀνάλυσιν
804 1918 875 1993 λαμ·
919 1924 965 1992 τῆς
979 1922 1090 1995 μονάδος
1113 1923 1140 1979 ἐν
1154 1924 1224 1999 αὐτῷ
1238 1920 1389 1998 περιούσης.
1432 1918 1466 1979 Ὁ
1483 1918 1511 1977 δέ
1529 1920 1615 1998 ἀρτιος
1630 1920 1689 1978 οὔτε

103 2008 278 2079 drinnacium<
293 2007 555 2085 ύτεσσαρεσκαίδεκα
565 2004 647 2079 θεῶν
660 2005 687 2063 δέ
698 2007 828 2082 περισσῶν
839 2006 875 2069 εἷς
919 2017 999 2086 γεννᾷ
1020 2029 1083 2063 ποτε
1103 2006 1147 2065 τὸν
1164 2006 1301 2084 περισσόν,
1316 2005 1495 2081 συντιθέμενος
1516 2008 1615 2081 έαυτῷ,
1632 2002 1689 2063 ούτε

103 2094 209 2173 ἀρτίους
222 2094 313 2160 οιίδείς.
357 2092 514 2172 ’ἀδιαίρετον
525 2093 575 2170 γθρ
589 2097 606 2163 ἡ
622 2090 691 2171 ἀρχὴ
703 2094 748 2151 καί
761 2091 792 2149 τδ
807 2114 875 2149 στοι·
919 2091 989 2149 ἐστίν
1005 2092 1157 2172 ἀδιαίρετος.
1168 2095 1239 2163 Quae
1253 2107 1346 2152 autem
1361 2094 1439 2171 apud
1453 2093 1630 2151 Moderatum
1647 2094 1690 2150 in-

98 2183 174 2259 “χεῖσν
191 2184 228 2245 εἰς
244 2180 334 2259 ἕτερα·
348 2189 400 2248 τὀῖς
420 2182 448 2239 δὲ
463 2182 550 2246 ἄλλοις
564 2182 599 2245 είς
618 2180 652 2238 vt
673 2179 740 2254 αὐτὰ
753 2179 832 2239 πόλιν
848 2181 875 2238 αἱ
919 2199 1007 2258 super
1026 2180 1163 2238 dicuntur
1178 2181 1214 2239 de
1237 2182 1355 2238 deorum
1379 2180 1560 2252 nominibus,
1575 2201 1611 2239 ex
1624 2182 1691 2239 aliis

104 2266 248 2333 διαλύσεις.
288 2263 352 2326 Ἔτι
370 2267 445 2343 δὲτῇ
466 2267 559 2343 μονάδι
571 2270 624 2325 τῶν
643 2265 732 2346 ἐφεξῆς
745 2269 875 2346 περισσῶν
919 2266 1048 2325 lontibus
1062 2267 1164 2325 hausta
1182 2268 1330 2326 videntur.
1346 2268 1390 2325 Cf.
1403 2268 1552 2326 Plutarch.
1569 2268 1604 2325 de
1619 2268 1689 2327 lsid.

103 2354 245 2429 γνωμόνων
259 2351 475 2431 περιτιθεμένων,
496 2351 654 2429 ἀγινεόμενος
665 2354 706 2411 ἀεὶ
717 2351 876 2432 τετράγωνός
918 2367 947 2411 et
956 2355 1033 2414 Osir.
1048 2374 1110 2433 cap.
1125 2356 1242 2427 76,νο1.
1254 2353 1294 2411 IX
1306 2373 1372 2432 pag.
1385 2356 1439 2411 ποθ
1454 2356 1500 2415 ed.
1517 2355 1630 2415 llutten.
1642 2356 1691 2414 Ni·

104 2442 158 2497 ἐοτι
187 2444 239 2499 τῶν
254 2438 282 2497 δὲ
296 2438 392 2518 ἀρτίων
407 2440 503 2516 ὁμοίως
519 2442 733 2518 περιτιθεμένων,
748 2442 876 2520 έτερομή-
919 2441 1045 2498 comach.
1060 2440 1136 2518 apud
1153 2441 1236 2501 Phot.
1253 2441 1317 2500 cod.
1336 2442 1387 2513 187
1408 2454 1436 2498 et
1449 2440 1551 2500 'lheoh
1565 2442 1689 2499 drithm.

103 2550 164 2592 aete
174 2530 220 2585 καὶ
241 2528 324 2585 άνισιι
343 2528 439 2594 πάντες
460 2528 658 2587 άποόαένουσιν·
679 2528 735 2589 ἴσον
749 2527 776 2587 δὲ
794 2530 876 2594 ἰσάκις
921 2528 1046 2603 Neptuni
1071 2547 1230 2601 cognomen
1257 2528 1383 2604 explicat
1406 2528 1578 2585 Plutarchus
1604 2528 1691 2590 Thes.

105 2614 201 2680 οὐδείς.
242 2615 297 2674 ttd
311 2613 363 2690 μὴν
380 2617 417 2681 είς
433 2615 479 2673 δύο
496 2617 679 2695 διαιρουμένων
697 2614 757 2689 ἴσα,
769 2620 813 2673 τοῦ
829 2616 876 2692 μὲν
921 2636 987 2693 cap.
1005 2617 1041 2675 36
1059 2637 1066 2673 :
1082 2616 1127 2673 καὶ
1141 2616 1191 2692 γάρ
1209 2616 1360 2673 Ποσειδῶνα
1376 2615 1433 2679 ταῖς
1447 2612 1548 2689 ὀγδόαις
1567 2618 1689 2688 τιμῶσιν·

103 2704 231 2778 περισσοῦ
245 2700 325 2776 μονάς
337 2702 448 2780 ἐνμέσῳ
457 2701 592 2779 περίεστι,
608 2708 655 2761 τοῦ
674 2702 701 2760 δέ
715 2701 803 2781 ἀρτίου
814 2702 876 2772 κενὴ
918 2706 936 2771 ἡ
950 2702 1000 2780 γάρ
1013 2702 1116 2778 ὄγδοός,
1127 2700 1204 2766 κύύος
1218 2701 1263 2757 ἀπ’
1276 2699 1364 2778 ἀρτίου
1376 2703 1476 2778 πρῶτος
1487 2690 1569 2773 σάσα,
1584 2700 1628 2757 καί
1644 2705 1691 2757 τοῦ

103 2790 223 2847 λείπεται
237 2787 313 2869 χώρα
331 2790 377 2847 καλ
392 2789 533 2855 ἀδέσποτος
545 2790 589 2847 καί
602 2788 753 2868 ἀνάριθμος,
767 2791 802 2855 ὣς
818 2789 876 2859 δὴο
922 2788 1025 2866 πρώτου
1039 2787 1201 2865 τετραγώνου
1219 2786 1360 2858 διπλασία,
1374 2786 1404 2843 τὸ
1419 2786 1525 2862 μόνιμον
1542 2784 1586 2843 καὶ
1603 2787 1691 2843 δυσκί-

104 2879 204 2943 ἐνδεοῦς
218 2880 264 2934 καί
275 2877 382 2942 ἀτελοῦς
395 2876 476 2943 ὄντος.
519 2876 587 2954 Περὶ
597 2876 625 2935 δὲ
639 2882 686 2934 τοῦ
699 2880 784 2935 κοινοῦ
799 2875 875 2953 λόγον
922 2898 999 2947 νητον
1011 2877 1103 2934 οἰκεῖον
1118 2872 1174 2951 ἔχει
1185 2878 1231 2944 τῆς
1246 2879 1290 2932 τοῦ
1305 2878 1362 2929 θεοῦ
1384 2874 1532 2947 δυνάμεως,
1548 2870 1576 2929 δν
1592 2872 1692 2953 Ἀσφά-

104 2971 155 3024 τῶν
169 2968 286 3046 ἀριθμῶν
294 2970 385 3022 τοῦτον
398 2964 501 3032 διέξεισι
516 2964 559 3022 τὸν
573 2964 677 3041 τρόπον.
924 2964 978 3021 λισν
994 2963 1051 3040 (al.
1068 2961 1233 3041 Ἀσφάλειονγ
1248 2962 1293 3020 καὶ
1308 2959 1438 3040 Γαιήοχον
1451 2961 1690 3039 προσονομάζομεν.

145 3051 297 3128 (Stohaeus
315 3051 416 3126 Eclog.
440 3050 525 3112 lib.l
552 3071 614 3129 cap.
638 3072 667 3122 a,
698 3071 732 3107 το
749 3070 816 3128 pag.
840 3071 875 3107 ao
923 3051 1014 3108 Aliter
1025 3049 1448 3126 Cornutusdenaturade01·.p.
1463 3048 1689 3108 125ed.0sann.:

105 3159 186 3216 seqq.
203 3139 250 3198 ed.
265 3138 350 3197 lleer.
371 3139 510 3216 Quisquis
525 3138 578 3196 luit
592 3138 679 3214 hujus
698 3137 734 3194 de
749 3139 877 3196 numeris
924 3140 990 3196 Κατ’
1007 3137 1086 3194 ἀλλον
1105 3137 1131 3194 δὲ
1151 3135 1245 3215 τρόπον
1267 3135 1391 3214 γαιήοχος
1409 3137 1512 3213 λέγεται
1533 3138 1692 3197 θΠοοειδῶν

105 3224 358 3303 disputatiunculae
370 3238 481 3296 auctor,
499 3237 608 3292 certum
619 3237 662 3281 est
672 3243 737 3280 eum
749 3244 830 3300 paene
840 3224 876 3281 ad
922 3223 967 3280 καί
975 3227 1140 3300 θεμελιοῦχος
1152 3223 1201 3282 ὑπό
1209 3223 1352 3280 τινων·καὶ
1363 3221 1466 3281 θύουσιν
1478 3225 1549 3301 αὐτῷ
1561 3224 1693 3304 ἀσφαλείῳ

106 3312 231 3371 verbum
255 3311 443 3388 exscripsisse
455 3331 520 3388 quae
539 3312 575 3369 de
593 3311 694 3368 eodem
710 3325 876 3387 argumento
922 3311 1072 3387 πολλαχοῦ,
1094 3308 1189 3367 ὡσανεί
1210 3310 1251 3368 ἀπ’
1272 3312 1342 3390 αὐτῷ
1360 3309 1484 3385 Ικειμένου
1505 3315 1551 3368 τοῦ
1572 3313 1693 3388 ἀσφαλῶς

106 3400 243 3475 leguntur
258 3398 333 3473 apud
347 3398 532 3456 Plutarchum
544 3398 580 3456 de
597 3399 657 3455 vita
672 3411 700 3455 et
716 3398 796 3474 poesi
818 3399 876 3454 llo·
923 3394 1031 3455 ἑστάναι
1048 3397 1081 3455 τά
1096 3398 1227 3473 οἰκήματα
1247 3398 1289 3455 irrl
1311 3403 1357 3468 τῆς
1371 3403 1419 3476 γῆς
1432 3397 1477 3456 καί
1491 3400 1569 3456 αὐτοῦ
1593 3399 1694 3464 δέοντος

106 3488 181 3544 meri
197 3506 260 3563 cap.
278 3485 333 3552 145
347 3486 408 3545 vol.
418 3484 482 3543 xlv
493 3505 558 3563 pag.
571 3486 625 3555 547
636 3485 683 3542 ed.
700 3485 815 3543 llutten.
831 3485 877 3544 Sic
923 3484 999 3563 (leg.
1012 3489 1090 3543 αὐτοῦ
1105 3486 1135 3554 δὴ
1149 3484 1283 3562 ὑπόντος).
1297 3486 1371 3542 llinc
1386 3486 1574 3562 corrigendus
1587 3487 1694 3543 Anato-

105 3575 185 3632 euim
199 3573 243 3631 ibi
256 3586 428 3650 personatus
443 3574 494 3630 ille
506 3573 679 3630 Plutarchus
695 3593 703 3629 z
720 3571 797 3650 θγδιρ
816 3575 877 3632 Πυ-
923 3571 979 3629 lius
988 3576 1018 3630 in
1032 3573 1131 3630 Theol.
1145 3572 1266 3630 Arithm.
1278 3592 1307 3649 p.
1320 3573 1367 3642 56,
1379 3573 1456 3647 quid
1471 3571 1572 3648 όγδοάς,
1586 3573 1692 3648 inquit,

106 3661 218 3740 θαγόρας
237 3659 294 3727 τοὺς
309 3657 430 3737 ἀριθμοὺς
449 3658 575 3735 μεγίστην
597 3659 704 3733 δύναμιν
719 3659 787 3736 ἔχειν
800 3659 877 3736 ἡγού-
924 3660 1053 3738 ἀσφάλεια
1073 3661 1206 3731 καλεῖται,
1222 3659 1272 3716 ubi
1293 3659 1437 3733 flagitatur
1453 3657 1611 3736 Ἀσφάλειυς,
1627 3658 1692 3718 Vld.

106 3770 203 3822 μενος,
225 3747 269 3805 καὶ
291 3747 376 3806 πάντα
398 3747 434 3812 είς
459 3744 581 3823 ἀριθμοὺς
604 3745 751 3825 ἀναφέρων,
774 3749 826 3802 τῶν
849 3769 877 3804 τε
923 3761 951 3804 ct
970 3747 1059 3805 Ηττον.
1077 3747 1251 3822 Stephanum
1274 3746 1304 3802 in
1323 3744 1481 3802 Thesauro.
1504 3747 1638 3804 Extrema
1653 3745 1691 3804 ἔτι

106 3834 212 3914 ἄστρων
225 3832 444 3911 τάς·περιόδυνς,
464 3831 510 3890 καί
529 3836 580 3890 τῶν
600 3831 672 3911 ζῴων
686 3830 732 3898 τάς
750 3833 876 3908 γενέσεις,
923 3832 950 3889 δὲ
962 3838 995 3910 τῇ
1016 3831 1109 3908 μονάδι
1125 3835 1175 3889 τῶν
1190 3829 1280 3910 ἐφεξῆς
1299 3834 1356 3890 κ’τλ.
1372 3831 1552 3892 illustrantur
1570 3832 1693 3892 loannis

138 4027 163 4071 3.
182 4020 328 4082 Pythagoras
349 4032 446 4070 summo
465 4018 545 4068 studio
562 4019 626 4067 circa
642 4031 755 4068 nummos
768 4025 877 4068 vasatos
922 4021 1037 4071 divisione
1051 4021 1119 4070 multi
1136 4021 1227 4082 parium
1238 4021 1261 4069 in
1273 4021 1376 4082 impares
1388 4021 1524 4082 solvuntur,
1541 4021 1606 4071 verbi
1622 4035 1694 4072 causa

105 4110 158 4170 est,
169 4108 258 4171 quippe
275 4109 317 4170 qui
330 4107 470 4156 animalium
490 4119 588 4168 quoque
601 4108 669 4155 ortus
679 4109 703 4156 et
714 4106 819 4154 siderum
833 4107 878 4155 cir·
923 4109 1125 4172 quattuordecim,
1138 4109 1216 4158 nullus
1226 4115 1306 4158 ειιιειιι
1316 4108 1442 4170 imparium
1452 4108 1477 4158 lu
1490 4123 1578 4171 parem.
1610 4115 1693 4172 ipsum

105 4198 353 4250 cuituaadonmeros
367 4197 493 4247 rettulerit.
526 4197 576 4246 Diis
590 4196 726 4246 etiamillos
740 4209 878 4257 comparans
923 4198 986 4246 enim
1000 4197 1139 4260 principium
1153 4197 1382 4259 atqueelementum
1401 4197 1425 4245 in
1439 4197 1485 4245 alia
1504 4197 1578 4247 dividi
1595 4199 1692 4260 aequin

107 4287 207 4336 nomina
220 4287 251 4335 iis
262 4285 359 4345 indidit,
376 4289 405 4335 ut
416 4283 548 4348 Apollinem
563 4285 690 4333 monadem
703 4285 810 4345 vocarit,
825 4284 879 4332 Dia·
925 4284 1011 4346 reliqui
1023 4288 1103 4335 autem
1115 4298 1198 4334 omnes
1214 4284 1237 4332 in
1247 4283 1328 4333 eadem
1347 4284 1463 4334 elementa
1474 4283 1573 4335 dissolri
1585 4291 1692 4347 possunt.

105 4388 162 4423 nam
179 4373 297 4434 dyadem,
307 4372 426 4421 senarium
442 4383 570 4420 numerum
586 4371 738 4420 connubium
757 4372 781 4419 ct
801 4373 878 4419 vene·
925 4373 999 4420 Porro
1015 4373 1034 4420 si
1049 4372 1143 4420 monadi
1161 4385 1251 4420 unuse
1269 4371 1424 4433 sequentihus
1442 4373 1548 4422 numeris
1564 4373 1694 4435 imparibus

106 4474 177 4521 rem,
194 4459 354 4521 septenarium
370 4459 524 4508 Ocmsionem
545 4461 570 4508 et
582 4459 729 4516 Minervam,
740 4459 879 4519 dordunum
923 4457 1028 4520 additur,
1047 4459 1126 4521 prodit
1138 4471 1233 4520 semper
1248 4471 1365 4508 numerus
1378 4460 1524 4521 quadratus;
1539 4459 1619 4508 addito
1635 4472 1693 4507 vero

105 4550 225 4597 Tutorem
233 4545 396 4606 οοεσιεεήυσι,
411 4545 524 4595 decadem
538 4548 618 4594 autem
629 4545 809 4594 Perfectionem.
843 4546 879 4592 Ex
925 4544 987 4606 pari,
1006 4545 1123 4606 prodeunt
1139 4548 1233 4619 mutum
1254 4545 1357 4608 impares
1370 4551 1394 4596 et
1410 4547 1552 4608 inequalem
1570 4557 1693 4608 utinquam

106 4635 167 4696 ipsis
183 4634 376 4695 porronomeris
395 4646 478 4696 parem
496 4633 674 4695 impulsuum,
691 4631 805 4692 imparem
822 4644 880 4680 vero
924 4642 1107 4696 verouumerus
1123 4632 1260 4693 quadratus.
1293 4633 1357 4689 Quin
1368 4625 1441 4694 etiprh
1457 4633 1562 4681 numeris
1571 4633 1695 4691 aequaliter

109 4722 211 4783 ρΙεειυω
223 4734 253 4770 ac
264 4721 396 4784 perlectum
412 4720 555 4783 appellarit,
570 4718 684 4782 quoniam
699 4718 720 4766 si
734 4718 773 4767 hic
786 4718 881 4768 additur
924 4704 1033 4764 m'hinos
1049 4718 1129 4777 partes
1145 4717 1245 4778 divisis,
1267 4719 1291 4766 iu
1311 4718 1441 4779 imparibus
1462 4719 1487 4767 in
1505 4718 1583 4768 medio
1600 4732 1695 4781 sempor

108 4807 162 4866 pari
183 4796 277 4867 semper
293 4819 324 4856 ex
341 4809 443 4868 utroque
455 4808 483 4855 ut
500 4807 577 4867 impar
597 4805 675 4854 victor
694 4805 795 4867 prodeat
809 4796 879 4866 lacit;
923 4804 1138 4865 superuiueret,
1154 4805 1178 4852 in
1193 4803 1289 4865 paribus
1302 4815 1358 4854 rero
1374 4817 1463 4856 vacuus
1474 4805 1614 4868 relinquitur
1627 4806 1694 4855 locus

106 4903 166 4939 com
178 4902 237 4939 raro
252 4891 298 4940 sibi
312 4891 363 4954 ipse
377 4891 494 4952 iungitur,
510 4891 620 4952 producit
631 4903 728 4953 ρειεω;
742 4903 784 4952 ρετ
798 4893 880 4940 contm
924 4891 1043 4940 anenriua
1057 4894 1187 4953 occupatus
1197 4905 1343 4954 numeroque
1354 4905 1450 4952 carens,
1462 4893 1518 4956 quia
1528 4907 1570 4955 par
1580 4907 1695 4942 numerus

106 4991 229 5028 eumerus
250 4981 374 5040 nunquam
385 4979 512 5041 imparem,
531 4977 597 5040 quod
615 4991 693 5040 neque
713 4977 826 5052 lecondus
844 4981 881 5027 est
926 4979 1022 5042 indigua
1037 4979 1127 5029 scilicet
1138 4983 1210 5042 atque
1223 4981 1375 5043 imperfectus
1385 4984 1429 5032 esi.
1440 4983 1609 5034 Decommuni
1622 4981 1694 5045 igitur

108 5080 189 5129 neque
214 5065 264 5115 rim
290 5067 398 5128 principii
427 5067 505 5117 habet.
539 5066 699 5125 Quamobrem
720 5066 744 5115 in
770 5066 880 5128 bipartita
926 5080 1081 5118 numerorum
1094 5067 1185 5117 ratione
1200 5067 1234 5116 sic
1251 5067 1371 5119 disseruit.

219 5161 306 5200 νειιοε
321 5162 391 5199 orac
406 5165 430 5199 u.
1589 5163 1601 5202 t
