3959 5925
866 346 1097 406 elnlconhlh
1118 346 1369 408 FRAGMENTA.

356 502 390 541 ιν.
408 479 469 540 Εἰσί
483 502 566 551 τινες,
584 478 609 536 οἳ
622 478 665 538 τὸν
677 477 795 555 παρόντα
812 477 866 555 βίον
882 480 911 534 ού
926 480 1013 549 ζῶσιν,
1026 477 1094 537 llll
1141 477 1193 552 ξεν,
1206 481 1228 538 εί
1242 479 1274 538 σθ
1289 479 1341 538 ἀπὸ
1361 485 1406 539 τοῦ
1422 479 1545 556 πώγωνος
1559 479 1637 547 ἀξιοῖς
1655 477 1792 559 κρίνεσθαι
1806 480 1878 548 τοὺς
1896 506 1941 562 ρι-

314 569 556 648 παριισκιυοίξονται
565 568 650 645 πολλῇ
663 568 762 644 σπουδῇ
773 568 807 630 ύις
822 564 907 643 ἕτερον
925 565 981 644 βίον
998 565 1092 644 βιωσύ·
1141 569 1315 647 λοσοροῦντας
1330 569 1406 633 αὐτὸς
1419 569 1533 644 πώγυινα
1545 571 1591 626 οὐκ
1601 567 1679 646 ἔχων.

316 680 402 734 μινοι,
418 658 447 715 ού
458 657 501 714 τὸν
516 655 643 736 παρόντα.
1182 657 1345 732 (Lucianus
1355 657 1408 716 vit.
1426 657 1596 716 Demonacl.
1611 679 1637 716 c.
1655 659 1715 734 13.)

357 747 516 819 (Antonius
529 758 558 801 et
571 744 714 801 Maximus
727 743 820 803 Serm.
836 743 872 800 de
888 742 1010 812 divitiis,
1023 761 1094 819 pau·
1183 761 1217 800 io.
1234 745 1287 802 Τοῦ
1307 742 1333 800 δὲ
1354 742 1480 801 Σιδωνίου
1495 744 1558 800 ποτὲ
1576 747 1697 821 σοριστοῦ
1719 743 1875 816 Ἀθήνησιν
1897 751 1937 804 εὐ-

314 845 423 911 peulute
439 845 467 890 el
483 834 608 891 avaritia
621 853 649 909 p.
669 833 750 906 760.)
1141 831 1306 904 δοκιμοῦντος
1330 833 1375 888 καὶ
1402 830 1520 908 λέγοντος
1543 829 1608 908 ὑπὲρ
1633 834 1711 890 αὑτοῦ
1740 830 1861 890 ἔπαινόν
1879 858 1934 892 τινα

355 942 389 981 15.
408 920 575 990 Δείκνυσινή
596 920 643 996 μὲν
655 917 739 996 τροπή
761 918 804 976 τόν
827 917 885 976 κατ’
902 917 1027 989 ἀλήθειαν
1048 921 1095 976 ch·-
1139 924 1270 992 τοιοῦτον,
1288 917 1427 990 ὅτιποίσης
1448 918 1600 996 φιλοσοφίας
1617 917 1780 992 πεπείραται
1805 921 1858 996 (ού
1885 923 1936 998 χεί-

258 1023 263 1032 ’
313 1009 406 1088 θρεῖον,
422 1012 437 1076 ἠ
453 1010 480 1066 δὲ
496 1006 593 1085 ἀτυχία
605 1009 648 1065 τόν
663 1006 799 1086 φρόνιμον.
1142 1028 1183 1085 ρον
1203 1006 1231 1062 δὲ
1254 1005 1322 1063 αὐτὰ
1351 1009 1433 1069 εἰπεῖν
1451 1007 1467 1063 ἃ
1485 1005 1596 1080 &arpent
1614 1003 1679 1064 Ἐύιν
1694 1003 1890 1084 Ἀριστοτέλης
1906 1033 1933 1082 με

353 1095 514 1169 (Antonius
536 1111 564 1153 et
586 1097 730 1153 Maximus
754 1093 846 1152 Serm.
859 1095 895 1152 de
915 1095 1033 1152 torinna
1050 1112 1093 1150 se·
1140 1092 1208 1168 καλῇ
1220 1090 1261 1149 ἐπὶ
1274 1092 1303 1150 τὸ
1314 1091 1433 1166 Λύκειον,
1444 1093 1550 1173 ἕψομαι·
1564 1091 1594 1149 ἂν
1608 1091 1772 1154 dilanient
1787 1094 1839 1164 τήν
1854 1095 1931 1153 ’λκι-

313 1186 408 1242 cundu
419 1199 447 1242 ot
459 1185 583 1243 adverso
599 1203 666 1261 pag.
687 1184 773 1258 820.)
1142 1179 1265 1254 θήμειαν,
1281 1179 1417 1259 ἀρίξομαι·
1432 1179 1464 1238 ἃν
1479 1180 1587 1252 Ζήνων,
1612 1179 1654 1236 ἐπὶ
1676 1184 1707 1260 τῇ
1727 1183 1850 1259 florebis,
1880 1185 1931 1239 διι-

355 1272 518 1349 ια.’[ὰςμὲν
538 1273 626 1338 πόλεις
653 1267 881 1346 teatinae-ml<
901 1268 1025 1348 ὃέψυχὰς
1040 1291 1092 1343 μα·
1139 1268 1232 1346 τρίψω·
1253 1265 1283 1324 ἂν
1310 1269 1464 1347 Πυθαγόρας
1486 1271 1573 1346 καλῇ,
1598 1267 1779 1345 σιωπήσομαι.
1799 1269 1929 1332 Ἀναστὰς

314 1360 413 1437 “ittam
426 1365 532 1437 κοσμεῖν
548 1364 596 1422 δεῖ.
1140 1347 1183 1414 οὖν
1207 1359 1236 1414 ἐκ
1252 1355 1339 1431 μέσων
1358 1360 1408 1414 τῶν
1424 1355 1606 1436 ἀκροωμένων,
1622 1345 1715 1427 Ούτος,
1739 1360 1791 1436 ε’ρη
1819 1382 1929 1438 rep-7552.

356 1451 511 1529 lExceepta
537 1471 554 1508 e
579 1450 643 1508 cod.
670 1448 747 1509 Flor.
773 1448 880 1507 Joann.
908 1451 1039 1504 Damaso.
1063 1446 1093 1503 in
1140 1443 1197 1503 πὼν
1209 1443 1238 1500 τὸ
1256 1443 1445 1519 ὅνομα,καλιῖ
1455 1467 1484 1502 σε
1500 1442 1663 1522 Πυθαγόρας.

314 1539 394 1598 Stob.
419 1538 494 1597 flor.
523 1540 581 1598 vol.
603 1537 642 1594 lv
665 1558 692 1614 p.
717 1538 772 1612 196
792 1536 838 1595 ed.
854 1536 1005 1610 hleineke,
1029 1553 1093 1610 cap.
1182 1531 1343 1609 (Lucienus
1358 1534 1412 1593 vit.
1428 1535 1593 1592 Demonact.
1610 1553 1634 1588 c.
1650 1531 1709 1610 τί..)

315 1626 392 1698 xlii,
414 1627 450 1683 53
466 1626 659 1697 Δημώνακτος,
674 1623 785 1703 Ὑψαίου
797 1624 842 1681 καὶ
862 1619 1048 1700 Σωκράτους.)
1181 1640 1218 1679 αν.
1236 1620 1357 1686 Πύθωνος
1369 1622 1397 1680 δέ
1410 1645 1477 1688 τινος
1492 1623 1542 1678 τῶν
1555 1624 1580 1679 ίν
1598 1619 1748 1699 Μακεδονία
1765 1623 1929 1702 εὖπαρόρων

355 1733 391 1774 17.
410 1713 487 1772 'linei
511 1711 561 1790 γύιρ
579 1715 593 1768 ὁ
615 1708 773 1787 Φαόωρῖνος
788 1707 902 1772 οἰκούσας
914 1706 983 1771 τινὸς
1003 1709 1038 1771 ώς
1065 1707 1091 1762 ἐν
1140 1707 1273 1766 νεανίσκου
1290 1707 1386 1788 ὡραίου
1401 1711 1601 1786 ἐρεσχηλοῦντος
1614 1705 1690 1764 αὐτόν
1703 1707 1749 1765 καί
1766 1714 1927 1787 προτείνον-

315 1801 409 1879 γέλωτι
424 1809 524 1861 ποιοῖτο
541 1799 587 1865 τὰς
602 1797 704 1869 ὁμιλίας
721 1799 799 1854 αὐτοῦ
813 1797 858 1854 καὶ
873 1796 990 1870 μάλιστα
1003 1796 1054 1850 τῶν
1069 1795 1094 1851 ἐν
1140 1819 1182 1863 τος
1197 1793 1320 1874 ἐρώτημά
1335 1798 1531 1876 τι,σοριστιιι“ον
1552 1794 1597 1854 καὶ
1617 1795 1764 1863 κελεύοντος
1781 1801 1870 1856 εἰπεῖν
1888 1809 1929 1858 10³,

315 1890 406 1955 αὐταῖς
433 1891 519 1965 μελῶν
539 1887 569 1946 τό
584 1885 810 1960 ἐπικεκλασμένον
827 1883 925 1963 σρόδρα
944 1886 979 1948 ὡς
994 1881 1097 1958 ἀγεννὲς
1141 1887 1316 1962 συλλογισμοῦ
1331 1885 1378 1955 τήν
1393 1883 1484 1960 λύσιν,
1499 1881 1561 1954 Ἕν,
1585 1881 1651 1960 ἔφη,
1675 1874 1747 1954 οἶδα,
1760 1885 1877 1958 τέκνον,
1893 1891 1930 1946 ὅτι

316 1977 361 2036 καὶ
372 1984 516 2055 γυναικεῖον
529 1977 574 2034 καὶ
588 1973 726 2054 ριλοσορίορ
742 1974 839 2044 ἥκιστα
852 1971 964 2050 πρέπον,
979 1972 1093 2048 προσελ-
1116 1937 1121 2000 Ι
1141 1972 1268 2052 περαίνει,
1284 1971 1523 2046 Ἀγαναχτήσανως
1543 1971 1570 2027 δὲ
1584 1967 1680 2028 ἐκείνου
1696 1969 1739 2027 ἐπὶ
1752 1975 1791 2050 τῷ
1807 1978 1860 2042 τῆς
1879 1981 1931 2048 ἀμ.

318 2061 368 2121 θὼν
384 2062 473 2141 ἠρώτα
490 2063 532 2120 τόν
557 2059 737 2137 Δημώνακτα,
751 2058 789 2125 τίς
808 2059 843 2117 din
855 2057 976 2137 χλευάζοι
994 2056 1028 2115 τί
1047 2057 1095 2112 αὖ·
1142 2060 1261 2140 ριόολίας
1275 2060 1417 2138 σκώμματι
1432 2059 1477 2119 καί
1494 2056 1745 2130 συναπειλήσαντος,
1760 2063 1876 2120 Αὐτίκα
1894 2088 1931 2122 ςηι,

314 2158 371 2212 τοῦ.
387 2150 553 2231 Ἄνθρωπος,
570 2149 631 2228 ἔρη,
654 2149 700 2205 οὐκ
726 2144 880 2218 εὐαπάτητα
896 2143 963 2222 ἔχων
978 2143 1011 2201 τύι
1030 2131 1094 2201 ώτα.
1141 2147 1212 2222 μοίλα
1226 2149 1269 2206 τόν
1286 2148 1366 2226 ἄνδρα
1378 2148 1487 2221 δείξω,ύ
1504 2147 1530 2205 δὲ
1546 2145 1591 2204 σὺν
1602 2145 1693 2222 γε’λωτι
1706 2145 1858 2223 ἠρώτησε,
1878 2155 1929 2212 lizi

316 2237 488 2317 Ἐγκτιμίνου
503 2238 531 2296 δὲ
550 2241 596 2322 τοῦ
611 2241 734 2314 σοριστοῦ
753 2234 798 2292 καί
817 2235 980 2310 ἐρωτῶντος,
995 2232 1053 2290 τίνα
1068 2231 1095 2288 δὲ
1142 2235 1192 2314 γὰρ
1207 2235 1288 2316 ἄνδρα
1302 2235 1390 2314 ἔχεις;

316 2325 360 2384 καὶ
371 2326 461 2405 ἐρόδια
472 2327 551 2402 ἔχων,
565 2325 587 2380 ὠ
604 2321 754 2397 Δημῶναξ,
775 2324 805 2379 ἐκ
821 2321 924 2386 παιδιᾶς
937 2321 972 2384 εἷς
986 2321 1095 2399 φιλοσο-
1180 2323 1340 2403 (Lucienus
1355 2326 1407 2386 vit.
1421 2325 1587 2382 Demonact.
1603 2342 1628 2381 c.
1648 2321 1708 2392 τό.)

317 2412 378 2470 νίαν
393 2412 480 2482 hostel
498 2409 621 2488 'Ops-eu,
633 2409 691 2486 ἔφη.
1181 2432 1217 2471 ατ.
1234 2410 1311 2469 Ἐπεὶ
1326 2411 1354 2468 δέ
1365 2435 1402 2477 τις
1414 2409 1528 2482 ἀθλητής
1543 2409 1745 2484 καταγελασθεὶς
1763 2411 1809 2471 ὑπ’
1822 2418 1927 2479 αὐτοῦ,

358 2499 521 2579 (Lucianus
533 2499 761 2555 vintlemonaet.
775 2518 801 2556 e.
822 2497 884 2572 ια.)
1142 2495 1181 2555 θτι
1196 2501 1291 2570 ἐσθῆτα
1303 2498 1377 2579 ώρθη
1392 2501 1494 2568 ἀνθινὴν
1510 2493 1694 2576 ἀμπεχόμενος
1714 2497 1929 2576 Ὀλυμπιονίκης

358 2607 392 2647 lo.
407 2583 515 2646 Ἄλλοτε
529 2584 556 2642 δέ
575 2609 638 2654 ποτε
652 2590 666 2644 ί
681 2585 758 2650 αὐτὸς
773 2585 924 2663 προσελθὼν
939 2583 1031 2661 ἠρώτα
1054 2583 1095 2642 τόν
1141 2583 1191 2660 ών,
1204 2584 1328 2654 ίπύταξεν
1346 2586 1423 2646 αύτύν
1446 2589 1480 2653 εἷς
1503 2585 1550 2655 τήν
1572 2581 1688 2660 κεφαλὴν
1710 2585 1773 2666 λίθῳ
1792 2587 1840 2645 καὶ
1858 2581 1927 2664 αἷμα

317 2674 503 2750 Δημώνακτα,
519 2672 576 2730 τίνα
590 2671 689 2752 αἵρεσιν
702 2669 847 2739 ἀσπάζεται
859 2671 959 2746 μᾶλλον
972 2674 999 2728 ἒν
1015 2673 1095 2745 φιλο·
1142 2671 1235 2752 ἐρρύη,
1249 2676 1273 2730 οἱ
1289 2673 1336 2749 μὲν
1350 2673 1475 2754 παρόντες
1490 2671 1654 2752 ἠγανάκτουν
1670 2672 1705 2738 ὡς
1723 2674 1798 2741 αὐτὸς
1811 2675 1926 2736 ἕκαστος

317 2760 529 2842 σορία·ύδὲ,Τίς
542 2761 592 2839 γοίρ
604 2784 644 2819 σοι
659 2751 729 2817 εἶπεν
740 2757 781 2817 ὅτι
791 2760 939 2838 φιλοσοφῶ,
951 2757 996 2815 καὶ
1011 2757 1094 2816 ἀπιών
1141 2761 1332 2837 τετυπτημένος
1353 2763 1398 2820 καί
1414 2761 1495 2820 dilui
1518 2759 1562 2819 ἐπὶ
1584 2755 1628 2814 τόν
1644 2757 1791 2820 ἀνθύπατον
1808 2763 1898 2838 ἰέναι,
1915 2769 1926 2820 ί

305 2850 368 2920 -ἠδη
383 2853 444 2927 παρ’
459 2851 539 2906 αὐτοῦ
554 2848 686 2922 μάλαὴδύ
701 2848 818 2921 ἐγέλασε·
835 2851 880 2904 τοῦ
895 2845 921 2904 δὲ
944 2843 1092 2925 ε’ρυιτήσαν-
1144 2847 1170 2906 dl
1191 2849 1340 2925 Δημῶναξ,
1358 2852 1509 2925 Μηδαμῶς,
1525 2847 1591 2928 ἔφη,
1616 2843 1639 2912 ὦ
1663 2848 1753 2928 ἄνδρες
1761 2893 1770 2926 ,
1797 2849 1862 2928 πρὸς
1885 2851 1925 2907 τὸν

316 358 373 410 352

318 2958 374 3009 τος,
386 2934 424 3016 lp'
437 2935 489 3015 ὅτῳ
500 2937 574 3013 γελᾷ,
590 2937 685 3000 ἐκεῖνος
701 2933 766 3011 ἔφη,
783 2931 888 2994 Γελοῖόν
902 2955 946 3009 μοι
957 2922 1026 2992 ,εἶναι
1040 2931 1096 2991 ἔδο-

352 3152 388 3197 tl.
401 3150 463 3195 Sunt
473 3145 620 3206 quidamqul
631 3158 679 3193 non
692 3144 754 3192 hane
766 3143 991 3204 praesentandum
1002 3143 1097 3203 vivunt,

318 3235 361 3285 sed
372 3245 457 3293 magno
470 3216 550 3281 shrdio
560 3234 675 3293 tanquam
688 3231 828 3280 adulteram
841 3231 923 3291 eitam,
934 3242 981 3279 oon
991 3230 1022 3279 ad
1037 3231 1098 3279 hnno

319 3324 467 3384 praesentem
472 3318 604 3379 degendam
615 3332 641 3367 se
654 3323 804 3379 comparant.

353 3414 389 3458 15.
405 3407 507 3457 htllltnm
518 3408 574 3467 luga
585 3406 609 3455 in
623 3406 685 3455 bello
697 3405 775 3454 virum
790 3419 815 3455 re
828 3418 885 3455 vera
897 3405 983 3455 lortem
997 3404 1096 3465 indicat,

320 3496 441 3547 calamitas
453 3508 510 3544 vero
524 3496 672 3555 prudentem.
953 3500 956 3506 ·

353 3592 389 3634 ld.
403 3584 477 3635 Urbes
490 3583 588 3646 quidem
601 3584 749 3633 ornamentis
761 3582 833 3642 altrei,
848 3581 890 3631 sed
900 3580 994 3631 animos
1004 3580 1097 3631 artibus

321 3674 410 3723 erudiri
423 3676 525 3735 oportet.

353 3764 389 3810 li.
403 3763 484 3817 Quum
496 3760 561 3809 enim
571 3772 600 3809 ex
608 3760 691 3821 aliquo
706 3759 855 3809 Phamrinne
866 3756 1013 3815 audivisset,
1030 3755 1098 3805 illum

319 3860 376 3896 eoas
382 3846 555 3910 disputationes
564 3846 655 3896 toreliis
663 3847 827 3909 perstringere,
836 3846 940 3895 manime
948 3857 1008 3893 vero
1020 3856 1097 3892 mem·

321 3935 417 3985 brorum
428 3934 452 3984 tu
462 3934 575 3983 iisnimls
596 3935 684 3983 tractas
694 3934 803 3992 delicias,
817 3938 843 3983 ot
853 3946 901 3983 non
908 3944 1057 3995 generosam,
1075 3933 1099 3980 at

321 4025 460 4076 muliebrem
475 4025 597 4073 moltitiem
617 4036 646 4072 ae
665 4023 822 4085 philosophie
840 4024 940 4072 inlnlme
954 4021 1098 4071 convenien-

320 4117 383 4173 tem,
399 4115 571 4161 Demonactem
583 4110 643 4159 adiit
659 4111 690 4159 ab
709 4122 785 4172 eoque
798 4109 921 4171 qrimsiril,
936 4108 1048 4169 quisnam
1060 4120 1097 4157 es·

320 4202 390 4259 eoba
402 4211 451 4261 qrro
463 4199 536 4259 ipsius
548 4198 612 4245 dieta
624 4196 807 4256 sugillarentore
820 4200 843 4245 ts
854 4197 927 4246 homo
935 4231 943 4255 ,
952 4196 1044 4257 inquit,
1058 4194 1098 4242 cui

319 4303 391 4339 aures
402 4289 450 4338 sint
467 4288 497 4337 ad
510 4286 675 4347 decipiendum
694 4299 742 4334 non
757 4286 847 4335 taeitos.
866 4287 973 4335 Instante
985 4297 1044 4334 nero
1055 4297 1098 4334 eo·

320 4378 376 4426 dem
386 4377 492 4440 sophista
507 4381 579 4437 atque
588 4375 762 4436 interrogante,
776 4374 868 4433 Quibus
883 4372 1010 4433 snbeidiie,
1022 4386 1037 4419 o
1050 4374 1098 4422 De·

323 4477 422 4525 monas,
432 4476 447 4513 a
456 4462 561 4525 iocis‘ad
571 4462 729 4525 philosophie
744 4461 851 4511 stndlnm
864 4464 888 4511 te
902 4460 1043 4521 contulisti?
1054 4461 1099 4508 Te-

321 4551 428 4612 elieolls,
439 4550 523 4613 inquil.

355 4644 391 4688 tlt.
405 4638 473 4689 ldem
488 4638 548 4687 alias
559 4639 728 4687 hernonaolem
743 4634 855 4685 convenit
865 4635 981 4695 abeoqne
995 4633 1099 4683 srisrita·

321 4730 361 4776 tus
373 4729 418 4789 est,
435 4739 507 4789 qoam
520 4724 718 4787 philosophorum
731 4728 822 4773 sectam
840 4723 915 4784 magis
937 4718 1077 4784 sequeretur
1092 4738 1099 4769 ι

322 4814 382 4873 Quis
395 4827 467 4873 nero,
481 4814 572 4877 inquit,
593 4814 635 4863 tlbl
656 4814 718 4862 dixit
739 4826 779 4862 me
799 4811 981 4875 philosophnrl‘.t
997 4813 1099 4869 Jamque

321 4902 481 4952 ahiemabeo
492 4902 594 4953 dulciter
609 4902 740 4952 admodum
761 4901 820 4950 risit.
841 4901 885 4951 lllo
902 4901 982 4947 autem
1002 4910 1100 4959 pareon-

322 4990 397 5050 tnnte,
405 5002 452 5052 qua
463 4991 494 5039 rle
505 5002 531 5056 re
540 4991 635 5051 rideret,
645 4992 780 5049 Dernonan,
789 4988 935 5045 Ridiculum,
944 4984 1030 5047 inquit,
1043 4984 1100 5033 mihi

320 5076 404 5131 Ινῑιιιιιι
417 5078 463 5138 est,
478 5081 515 5135 ta,
530 5078 570 5139 rprl
586 5078 637 5137 ipse
648 5076 747 5126 herbam
759 5090 807 5126 non
820 5075 902 5129 habes.
914 5086 942 5123 en
959 5071 1034 5120 barbo
1048 5068 1099 5133 phl-

323 5160 475 5222 loaophanlee
486 5163 585 5224 iudicari
598 5163 669 5213 nelle.

1143 2935 1310 3009 ἀνθύπατον,
1325 2939 1383 2996 ἀλλ’
1404 2937 1447 2997 teri
1463 2936 1505 2995 τὸν
1521 2938 1617 3016 ἰατρόν.

1178 3151 1214 3195 th,
1228 3145 1326 3195 Sidonio
1338 3147 1409 3196 etiam
1423 3148 1465 3209 qni
1476 3148 1582 3211 sophista
1596 3149 1695 3199 Athenis
1708 3149 1764 3199 olim
1778 3148 1860 3197 clarus
1873 3149 1925 3200 tuit.

1146 3233 1240 3282 dicente
1256 3234 1280 3281 in
1296 3247 1364 3282 snam
1387 3234 1498 3297 landem,
1512 3249 1538 3285 ae
1557 3249 1654 3286 omnem
1674 3236 1852 3300 philosophiam
1873 3249 1924 3283 esse

1145 3326 1270 3381 expertum
1277 3348 1307 3357 —
1316 3322 1421 3382 (malum
1432 3328 1568 3373 autemnon
1578 3324 1622 3375 erit
1629 3337 1657 3373 ea
1667 3325 1754 3373 reterre
1762 3338 1816 3386 oure
1826 3322 1891 3372 dixit
1901 3328 1907 3378 t
1918 3346 1924 3370 ι

1144 3410 1168 3459 si
1184 3422 1222 3457 me
1233 3409 1258 3457 in
1271 3412 1373 3471 Lyceum
1383 3412 1474 3460 rooaril
1482 3411 1628 3473 Aristoteles,
1641 3426 1728 3473 sequar
1742 3428 1748 3461 :
1760 3404 1784 3461 ri
1793 3412 1818 3461 ln
1830 3414 1925 3461 ‚trade-

1145 3496 1218 3544 minm
1236 3496 1318 3555 Plato,
1331 3496 1426 3545 reniam
1441 3511 1448 3541 ι
1466 3498 1486 3546 εἰ
1500 3502 1581 3559 zeno,
1596 3500 1621 3547 in
1635 3500 1721 3549 Prneile
1734 3500 1922 3549 commorabor:

1144 3583 1164 3631 sl
1177 3583 1322 3645 Pythagoras
1334 3585 1438 3646 vocarit,
1452 3586 1544 3635 lnoeho.
1562 3590 1666 3655 surgens
1678 3587 1750 3649 igitur
1762 3600 1775 3636 e
1789 3586 1872 3651 medio
1882 3599 1920 3634 ιο·

1145 3668 1259 3729 rlilorum,
1275 3671 1340 3719 Heus
1352 3672 1392 3732 lu,
1405 3670 1497 3733 inquit,
1512 3672 1607 3721 nomine
1618 3684 1673 3721 eum
1683 3672 1837 3734 compellans,
1855 3678 1922 3722 romi

1146 3761 1168 3803 le
1185 3756 1338 3819 l‘pllragoraa.
1401 3736 1404 3743 ’

1177 3927 1216 3971 2⁰.
1229 3923 1347 3971 l‘rmterea
1360 3924 1469 3985 Pythone
1481 3922 1584 3986 quodam
1599 3936 1630 3973 ex
1647 3925 1795 3986 protexistis
1808 3926 1922 3974 Μασσαν-

1146 4008 1325 4069 nihue‚1ureno
1342 4009 1448 4059 lormoso
1460 4023 1515 4060 enm
1529 4011 1657 4060 cavillante
1672 4014 1697 4059 et
1712 4010 1875 4072 quaestionem
1885 4026 1924 4059 so-

1146 4097 1272 4159 phisticam
1291 4099 1438 4160 proponente
1450 4112 1478 4147 ao
1491 4098 1620 4160 syllogismi
1637 4098 1779 4148 solutionem
1796 4098 1925 4159 direrejn-

1147 4184 1230 4243 boote,
1241 4186 1334 4245 Unum,
1344 4184 1436 4247 inquit,
1452 4186 1514 4245 solo,
1526 4184 1560 4233 ml
1573 4184 1619 4245 llll,
1632 4186 1656 4234 le
1668 4184 1761 4233 oonbci.
1793 4188 1925 4247 Quumque

1146 4271 1184 4321 ille
1198 4271 1289 4321 dicteril
1302 4272 1481 4334 ambiguitatem
1496 4272 1660 4334 indignaretur
1674 4284 1702 4320 ao
1717 4270 1787 4320 simul
1801 4272 1924 4321 minaciter

1145 4357 1250 4420 diceret,
1261 4361 1356 4409 Statim
1369 4358 1417 4409 lidi
1429 4362 1515 4408 virum
1527 4358 1669 4418 ostendum,
1682 4358 1721 4407 hio
1735 4358 1816 4408 ridens
1827 4358 1926 4409 interm

1146 4448 1209 4509 gerit
1225 4466 1231 4496 :
1245 4450 1339 4510 lt'empe
1351 4450 1437 4497 virum
1454 4446 1552 4497 bader?

1178 4619 1214 4662 ut.
1231 4615 1312 4670 Quum
1330 4613 1402 4663 etiam
1423 4614 1512 4663 athleta
1534 4613 1631 4675 qnidam
1645 4614 1677 4664 ab
1694 4628 1723 4665 eo
1738 4614 1846 4675 derisus,
1860 4618 1926 4679 qnol

1146 4702 1255 4766 qrinmrls
1268 4702 1443 4765 Olympionices
1455 4682 1535 4761 esset,
1548 4703 1609 4765 picta
1625 4707 1692 4753 veste
1703 4704 1804 4753 lndnlns
1813 4716 1926 4754 eernere-

1147 4794 1199 4853 lm,
1223 4791 1303 4853 ipsum
1315 4791 1400 4853 lapidis
1417 4791 1465 4841 iotu
1479 4792 1502 4840 in
1515 4792 1593 4854 capilo
1613 4792 1760 4841 vnlnernesel
1778 4794 1852 4853 alque
1871 4792 1926 4839 indo

1146 4879 1241 4939 sanguis
1255 4881 1375 4940 manaret,
1385 4880 1493 4929 homines
1505 4878 1603 4943 quidam
1615 4881 1655 4942 qui
1672 4879 1732 4929 torte
1743 4878 1845 4928 aderant
1857 4881 1927 4939 quasi

1148 4984 1191 5030 plo
1205 4983 1231 5019 se
1246 4970 1346 5031 quisque
1361 4970 1467 5032 percussi
1489 4968 1688 5030 indignabantur,
1706 4967 1735 5016 ad
1750 4969 1926 5017 Proconsnlem

1148 5057 1293 5120 pergendum
1309 5071 1360 5108 esse
1374 5058 1591 5115 καθαρώτατον
1607 5061 1728 5108 Demonax
1739 5091 1746 5116 ‚
1756 5058 1928 5118 ideonunquam.

1151 5145 1242 5206 inquit,
1253 5146 1314 5207 riri,
1328 5144 1358 5195 ad
1373 5146 1552 5207 Proconsnlem,
1562 5144 1603 5224 red
1617 5144 1647 5194 ad
1659 5144 1786 5197 medicum.
