3959 5925
719 478 957 539 ausonensi
980 480 1111 539 vaura.
1206 451 1208 454 ’
1671 493 1702 542 ιι

119 608 258 701 σωματικόν
273 608 317 667 καί
335 610 366 667 τὰ
384 609 456 676 έκτύς
476 610 540 690 πρδς
559 610 588 669 en
603 612 767 691 εὐσχημόνως
781 615 838 683 ζῆν,
859 613 895 687 (ἐν
940 610 1018 683 οὔσης
1031 613 1186 691 κυριωτέρας
1199 618 1243 671 τοῦ
1258 613 1376 689 σώματος
1387 614 1431 672 καὶ
1442 614 1503 694 πρός
1516 614 1546 674 τό
1558 615 1624 672 κατύ
1637 615 1711 693 φύσιν

118 702 141 771 ᾧ
160 696 242 754 ἔνεστι
256 692 293 731 ¹³³
313 695 342 755 τό
368 695 553 777 εὐδαιμόνως,)
575 698 701 777 ἀδιόφορά
724 721 808 775 φαμεν
831 698 897 757 αὐτό
940 702 985 771 ζῆν
1011 722 1075 774 φασι
1099 700 1132 757 τά
1154 698 1275 780 περὶτὴν
1297 699 1383 782 ψυχὴν
1405 703 1474 759 ’κατίι
1495 701 1570 781 φύσιν
1593 704 1654 760 ὄντα
1669 703 1713 761 καὶ

119 776 202 855 εἶναι,
220 786 247 841 οὐ
261 783 299 860 μύ
312 784 363 845 Δία
377 784 441 865 πρὸς
458 784 487 843 τὸ
504 785 571 843 κατά
590 784 665 866 φύσιν
682 786 750 866 ἔχειν
764 786 819 845 οὐδὲ
835 786 897 866 πρδς
940 786 1091 865 προηγμένα
1111 787 1217 844 πλείονα
1240 788 1287 857 τῆν
1306 787 1402 857 εὐεξίαν
1417 787 1485 865 ἔχειν
1499 794 1549 846 τῶν
1563 789 1621 867 περὶ
1636 794 1713 863 σῶμα

119 875 204 951 ὁρμῆν
219 873 262 932 καὶ
278 874 408 951 ἀφορμήν.
451 872 514 933 Ἔτι
531 873 557 933 δέ
575 874 830 955 τῶνάδιαφόρωντύι
850 873 898 950 μὲν
939 874 984 932 καί
999 878 1049 931 τῶν
1064 864 1217 946 έκτός,οἶον
1230 874 1335 955 εὐφυίαν
1349 879 1434 953 ψυχῆς
1448 878 1510 953 πρὸς
1524 877 1617 955 ἀρετὴν
1633 880 1714 956 ὓπερ·
1767 854 1777 873 ⁰

119 961 202 1019 πλείω
226 960 302 1029 ἀξίαν
312 961 393 1040 ἔχειν,
409 961 443 1020 τά
467 962 488 1019 δ’
502 960 612 1023 ἐλάττω.
657 962 710 1021 Καί
726 962 759 1021 τθι
776 961 822 1037 μέν
838 966 896 1020 καθ’
941 961 1011 1037 ἄγειν
1031 964 1076 1029 τῆς
1097 959 1279 1035 τοῦσώματος
1302 961 1420 1041 εὐφυΐας,
1436 963 1481 1019 καὶ
1495 963 1538 1020 ἐπὶ
1557 966 1607 1021 τῶν
1629 964 1714 1022 ἀλλων

121 1047 189 1106 αὐτὰ
194 1092 203 1119 ,
214 1048 248 1107 τάι
266 1046 294 1105 δὲ
315 1050 451 1119 ποιητικά·
471 1048 516 1107 καί
535 1048 567 1107 τύι
583 1049 629 1125 μέν
643 1050 854 1129 προηγμένα,τά
871 1049 897 1108 δὲ
940 1046 1035 1119 ὁμοίως
1048 1046 1127 1125 ἔχειν.
1146 1111 1150 1115 Α
1169 1045 1233 1107 Ἔτι
1245 1047 1281 1106 δὲ
1301 1052 1352 1108 τῶν
1376 1049 1521 1129 ἀδιαφόρων
1542 1051 1605 1129 φασλ
1617 1051 1651 1108 τθι
1668 1051 1714 1128 μέν

120 1133 341 1212 ἀποπροηγμένα,
354 1136 387 1195 τὰ
401 1137 424 1194 δ’
437 1137 578 1215 οὐδετέρως
595 1136 697 1215 ἔχοντα.
740 1137 897 1216 Προηγμένα
942 1124 1006 1191 ciant
1016 1139 1097 1212 ὁρμῆς
1106 1134 1240 1205 κινητικά,
1251 1136 1284 1195 τόν
1297 1136 1323 1193 δὲ
1336 1139 1454 1215 ἀφορμῆς
1463 1183 1471 1212 ,
1480 1138 1512 1193 τὰ
1525 1138 1551 1194 δὲ
1566 1136 1623 1195 οὔτε
1633 1142 1715 1218 ὁρμῆς

121 1219 182 1297 μέν,
206 1222 255 1281 ὅσα
280 1222 405 1303 ἀδιάφορα
423 1223 485 1281 ὄντα
508 1224 608 1291 πολλὴν
634 1224 687 1303 ἔχει
712 1224 795 1298 ἀξίαν,
810 1228 845 1291 ὡς
871 1227 897 1283 έν
941 1221 1002 1280 οὐτε
1017 1224 1145 1364 ἀφορμῆς.
1188 1220 1289 1299 Ὁρμῆς
1305 1223 1351 1295 μὲν
1366 1216 1410 1281 οὐν
1425 1226 1562 1295 κινητικά,
1578 1226 1643 1303 ἅπερ
1661 1228 1716 1286 ἐλέ-

121 1310 282 1389 ἀδναφόροις·
297 1310 499 1390 ἀποπροηγμένα
514 1310 542 1369 δέ
550 1355 559 1383 ,
574 1310 624 1371 ὅσα
638 1312 735 1381 πολλὴν
754 1313 808 1390 ἔχει
829 1316 897 1369 ἀπα·
939 1330 1018 1391 γομεν
1033 1330 1098 1364 εναι
1111 1305 1275 1387 κατὰφύσιν·
1291 1312 1410 1387 ἀφορμῆς
1423 1310 1450 1367 δέ
1456 1355 1467 1385 ,
1482 1309 1531 1367 όσα
1545 1312 1617 1388 παρὰ
1631 1326 1715 1390 φυσιν·

120 1397 190 1469 ξίαν,
204 1395 312 1473 ὁμοίως·
328 1396 388 1457 οὐτε
399 1398 426 1455 δέ
440 1396 593 1478 προηγμένα
609 1398 666 1458 οὔτε
678 1402 896 1479 ἀποπροηγμένα,
941 1396 999 1453 05¹⁶
1015 1394 1042 1453 δὲ
1056 1398 1137 1473 ὁρμῆς
1158 1393 1216 1454 Οὗτῑ
1237 1398 1372 1474 wilini,
1388 1396 1421 1454 τὰ
1436 1399 1582 1475 μηδετέρως
1603 1398 1714 1477 ἔχοντα,

119 1481 171 1542 ὅσα
191 1484 257 1560 μήτε
280 1483 379 1555 πολλὴν
395 1487 449 1563 έγει
466 1486 539 1552 ἀξίαν
552 1486 618 1559 μήτε
629 1485 750 1553 ἀπαξίαν.
792 1490 852 1547 Τῶν
871 1487 898 1546 δέ
941 1472 982 1539 0ἷᾶ
1005 1484 1060 1539 ἔστι
1073 1481 1103 1538 τὸ
1121 1483 1242 1560 περιττός
1261 1482 1279 1552 ἢ
1303 1482 1392 1561 ἀρτίας
1416 1485 1485 1563 ἔχειν
1505 1482 1551 1549 τάς
1564 1487 1655 1564 τρίχας
1667 1484 1714 1544 ¹³⁵.

119 1571 292 1649 προηγμένων
302 1572 335 1631 τόν
349 1570 395 1649 μὲν
407 1552 472 1631 είναι
483 1574 542 1653 περὶ
551 1573 651 1653 ψυχήν,
662 1573 695 1631 τδι
707 1573 798 1652 diacoi
808 1578 896 1652 σῶμα,
942 1575 966 1631 Τ
967 1574 1003 1628 ῶν
1026 1569 1053 1627 δὲ
1075 1567 1143 1627 κατὰ
1166 1570 1242 1649 φύσιν
1266 1571 1411 1650 ἀδιαφόρων
1434 1571 1525 1643 ὄντοιν,
1541 1571 1575 1629 τύι
1595 1572 1644 1648 μέν
1663 1577 1717 1631 ἐστι

119 1658 154 1715 τά
172 1658 193 1717 δ’
208 1658 290 1724 ἐκτός.
333 1658 399 1737 Περὶ
418 1658 505 1739 ψυχὴν
520 1659 566 1735 μὲν
581 1650 648 1718 εἶναι
665 1661 698 1718 τὰ
715 1666 838 1719 τοιαῦτα·
856 1662 898 1717 εὐ·
941 1662 1032 1736 πρῶτα
1049 1654 1118 1713 κατὰ
1127 1655 1214 1734 φύσιν,
1226 1657 1260 1715 τὰ
1273 1655 1300 1715 δέ
1312 1659 1380 1717 κατὰ
1393 1659 1517 1737 μετοχῆν.
1560 1663 1658 1737 Πρῶτα
1670 1662 1717 1735 μέν

120 1744 210 1823 φυίαν,
219 1746 367 1825 προκοπῆν,
382 1746 499 1823 μνήμην,
510 1745 636 1817 ὀξύτητα,
648 1746 770 1817 διάνοιαν,
781 1746 830 1815 ἕξιν
840 1751 898 1805 καθ’
942 1747 998 1803 ἔστι
1009 1741 1077 1802 κατὰ
1089 1742 1164 1822 φύσιν
1176 1742 1290 1817 κίνησις,
1305 1743 1322 1813 ῆ
1340 1746 1428 1823 σχέσις
1443 1746 1510 1802 κατὰ
1523 1745 1584 1812 τούς
1600 1768 1714 1824 σπερμα-

119 1834 153 1903 ῆν
168 1832 287 1909 έπίμονσί
305 1836 383 1910 έσμεν
407 1834 451 1891 ἐπὶ
470 1839 521 1891 τῶν
544 1834 723 1911 καθηκόντων,
743 1836 787 1893 καλ
807 1836 900 1914 τέχνας
942 1830 1027 1897 τικούς
1041 1831 1131 1906 λόγους
1143 1828 1179 1865 ¹³⁰
1193 1831 1346 1908 γιγνομένη,
1361 1823 1413 1890 οἷον
1428 1831 1512 1910 ὑγίεια
1528 1833 1572 1890 καὶ
1587 1832 1716 1902 αἴσθησις,

119 1921 182 1979 ὐσαι
199 1920 321 1979 δύνανται
333 1928 464 1999 συνεργεῖν
475 1923 607 1979 ἀπιπλεῑον
619 1920 683 2001 πρδς
694 1924 737 1982 τόν
747 1922 815 1981 κατύι
825 1922 900 2002 φύσιν
942 1920 1011 1997 λέγοι
1034 1920 1060 1979 δὲ
1081 1919 1128 1989 τὴν
1152 1919 1298 1999 κατάληψιν
1321 1922 1365 1980 καὶ
1382 1920 1465 1999 θορόν.
1509 1920 1587 1981 Κατὰ
1606 1927 1720 1998 μετοχὴν

122 2008 187 2085 βίον·
199 2006 259 2085 περί
271 2012 347 2084 σῶμα
360 2008 382 2066 δ’
396 1998 461 2067 εἶναι
476 2009 645 2087 προηγμένα,
658 2008 901 2085 interemimus-
944 2008 985 2083 δέ,
1011 2006 1059 2066 ὅσα
1086 2008 1192 2085 μετέχει
1217 2007 1342 2078 κινήσεως
1368 2010 1413 2067 καλ
1435 2008 1547 2087 σχέσεως
1571 2006 1638 2066 κατὰ
1662 2007 1720 2073 τούς

121 2094 181 2151 σίαν
191 2095 237 2151 καὶ
247 2092 281 2152 τὰ
292 2092 465 2174 παραπλήσια
477 2095 585 2161 τούτοις.
608 2097 668 2155 Τῶν
680 2096 703 2153 δ’
713 2096 796 2167 ἐκτός,
807 2101 898 2175 γονεῖς,
944 2094 1135 2175 σπερματικοὺς
1143 2095 1243 2172 λόγους,
1251 2086 1304 2155 οἷον
1313 2097 1371 2176 χείρ
1379 2098 1455 2176 ἀρτία
1463 2097 1507 2155 καὶ
1515 2100 1590 2171 σῶμα
1596 2100 1718 2171 ὑγιαῖνον,

121 2180 210 2253 τέκνα,
226 2186 318 2252 κτῆσιν
343 2180 502 2261 σύμμετρον,
517 2182 650 2262 ἀποδοχὴν
668 2186 733 2260 παρ’
746 2186 898 2261 ἀνθρώπων.
943 2186 987 2244 καὶ
1004 2183 1135 2254 αἰσθήσεις
1150 2183 1187 2258 μῆ
1200 2185 1396 2263 πεπηρωμένοι.
1438 2184 1552 2260 Ὁμοίως
1568 2182 1595 2243 δέ
1610 2182 1719 2241 καὶτῶν

121 2272 184 2329 Τῶν
194 2269 217 2327 δ’
225 2269 447 2349 ἀποπροηγμένων
457 2270 516 2350 περὶ
524 2271 609 2350 ψυχὴν
621 2269 667 2346 μὲν
678 2262 742 2331 εἶναι
753 2272 786 2330 τά
797 2273 899 2331 ἐναντία
944 2271 1017 2352 παρὰ
1031 2271 1106 2349 φύσιν
1120 2269 1189 2327 κατὰ
1199 2270 1229 2329 τὸ
1239 2273 1376 2349 ἀνάλογον.
1420 2272 1514 2333 Πάντα
1525 2271 1551 2329 δὲ
1566 2271 1633 2330 κατὰ
1644 2270 1718 2349 φύσιν

121 2368 176 2425 τοῖς
198 2358 353 2439 εἰρημένοις·
375 2358 436 2439 περί
456 2363 532 2435 σῶμα
555 2358 582 2417 δέ
603 2360 647 2418 καὶ
667 2362 738 2427 ἐκτὸς
756 2362 788 2421 τύι
808 2362 901 2436 ὁμοίως
944 2358 1033 2430 ληπτύ
1048 2348 1130 2429 εἶναι,
1143 2356 1307 2416 καίεάπαντα
1322 2361 1394 2439 παρὰ
1409 2358 1485 2439 φύσιν
1503 2359 1618 2429 ἄληπτοι.
1660 2360 1720 2417 Τῶν

123 2447 304 2523 ἀντιτιθέμενα
322 2456 377 2513 τοῖς
398 2446 542 2525 εἰρημένοις
560 2448 621 2526 περί
642 2470 670 2507 τε
691 2452 767 2523 σῶμα
787 2451 831 2507 καὶ
849 2458 901 2514 τοῖς
945 2443 1144 2523 disordinando*
1162 2442 1195 2500 τὰ
1218 2443 1264 2518 μέν
1280 2450 1337 2503 καθ’
1353 2445 1420 2517 αὐτὰ
1439 2444 1526 2517 ληπτδι
1547 2436 1627 2515 εἶναι,
1643 2443 1675 2501 ed
1692 2444 1719 2501 δὲ

122 2534 391 2619 ἐκτθςπροηγμίνοις.
434 2532 505 2594 Oto
517 2534 543 2591 δὲ
557 2532 589 2591 el
602 2535 753 2613 προηγμένα
766 2534 824 2594 οὐτε
837 2538 900 2593 ἀπο-
944 2534 976 2592 δι’
991 2532 1076 2609 έτερα.
1120 2532 1185 2588 Καθ’
1198 2531 1265 2589 αὐτὰ
1282 2533 1339 2606 μέν,
1352 2534 1401 2591 ὅσα
1418 2534 1486 2591 ἐστὶν
1502 2536 1582 2608 ὁρμῆς
1602 2532 1720 2601 κινητικὰ

121 2620 277 2698 προηγμένα
292 2620 351 2699 περὶ
367 2619 463 2699 ψυχήν,
478 2620 623 2697 φαντασίαν
642 2624 686 2679 καὶ
701 2623 897 2697 συγκατάθεσιν,
943 2618 1159 2697 παρατρεπτικῶς
1181 2616 1217 2662 ¹³⁷
1240 2618 1279 2697 ἐφ’
1299 2620 1399 2693 έαυτά,
1417 2618 1434 2689 ῆ
1455 2619 1497 2677 ἐπὶ
1513 2621 1551 2697 τῷ
1568 2619 1719 2695 ἀντέχεσθαι
1821 2687 1823 2690 v

121 2707 168 2767 καί
184 2707 232 2765 ὅσα
246 2713 370 2766 τοιαῦτα·
384 2709 445 2788 περὶ
459 2707 486 2765 δέ
501 2710 578 2782 σῶμα
600 2708 742 2780 λευκότητα
756 2710 800 2767 καί
819 2710 901 2784 μελα-
945 2711 1041 2781 αὐτῶν,
1054 2699 1106 2765 οἷον
1126 2705 1232 2781 ὑγίειαν,
1244 2710 1418 2779 εὐαισθησίαν,
1428 2708 1547 2779 ἀπονίαν,
1567 2707 1611 2765 καὶ
1627 2708 1720 2773 κάλλος

123 2796 222 2867 νότητα
234 2796 279 2853 καὶ
291 2792 535 2874 χαροπότητα,κσ“ι
549 2793 644 2865 ἡδονὴν
657 2794 702 2852 καὶ
716 2796 850 2854 συνουσίαν
864 2792 899 2837 ¹³⁴
946 2796 1076 2871 σώματος.
1119 2794 1249 2864 Ποιητικὰ
1273 2795 1316 2867 δέ,
1333 2796 1382 2855 ὅσα
1407 2796 1470 2855 εἰσὶν
1496 2799 1577 2872 ὁρμῆς
1601 2794 1720 2865 κινητικόν

123 2884 170 2939 καὶ
182 2883 271 2953 πόνον,
284 2883 328 2939 καί
341 2882 365 2939 εί
377 2906 402 2941 τι
417 2883 481 2941 ἀλλο
494 2885 603 2939 τοιοῦτο.
645 2883 705 2940 Τῶν
726 2884 747 2939 δ’
760 2882 830 2946 ἐκτὸς
844 2881 902 2940 οὐτε
947 2886 1070 2951 ἀνετικῶς
1083 2882 1121 2962 ἐφ’
1143 2880 1233 2959 ἕτερα,
1254 2884 1298 2940 καὶ
1318 2884 1355 2958 μὴ
1370 2887 1586 2964 παρατρεπτικῶς
1604 2881 1651 2955 ¹³⁸,
1666 2874 1717 2940 οἷον

122 2970 278 3050 προηγμένα
295 2969 353 3028 οὔτε
366 2969 570 3049 ἀποπροηγμένα
589 2961 653 3026 εἶναι
667 2969 699 3026 τά
713 2977 834 3041 τοιαῦτα,
853 2970 900 3028 ὐσα
946 2972 1068 3041 πλοῦτον,
1085 2968 1169 3039 δόξαν,
1186 2969 1230 3028 καὶ
1245 2971 1277 3027 τὰ
1290 2970 1388 3037 τούτοις
1399 2971 1488 3046 ὅμοια,
1521 2970 1718 3048 Παραπλησίως

123 3059 216 3131 εὐτελῆ
227 3053 289 3116 ὄντα
302 3056 346 3114 καλ
359 3057 438 3132 μηδέν
450 3056 579 3135 χρήσιμον
590 3057 795 3134 προσφερόμενα,
808 3057 901 3137 μικρόν
948 3058 1032 3116 δὲκαὶ
1050 3062 1100 3116 τῶν
1116 3058 1189 3138 παρὰ
1206 3059 1282 3138 φύσιν
1298 3058 1330 3114 τύι
1350 3058 1396 3133 μὲν
1415 3050 1482 3116 εἶναι
1500 3059 1557 3117 καθ’
1569 3060 1634 3116 αὐτὰ
1649 3059 1718 3130 ἄλη-

125 3147 261 3211 παντελῶς
276 3144 331 3224 ἔχει
343 3144 391 3216 τὴν
407 3143 453 3202 ἀπ’
467 3145 551 3202 αὐτῶν
566 3145 668 3222 χρείαν.
709 3145 765 3214 Τῆς
779 3145 804 3201 δὲ
819 3148 904 3222 ψυχῆς
949 3168 1015 3215 ιτα,
1031 3145 1064 3204 sd
1085 3145 1300 3226 δὲτῷποιητικόι
1317 3136 1394 3203 εἶναι,
1447 3148 1508 3204 Τῶν
1531 3144 1633 3204 δὲκαθ’
1654 3145 1720 3204 αὐτὰ

125 3347 185 3384 raro
201 3334 329 3384 vulnerum
341 3337 366 3383 et
378 3329 550 3382 imminutionis
561 3343 634 3392 aspar
649 3334 698 3390 est,
710 3335 734 3379 et
748 3332 785 3380 liis
804 3332 899 3380 similia.
922 3351 925 3412 γ
945 3333 1079 3392 somniem,
1097 3347 1211 3384 ssusumn
1234 3335 1337 3398 rigorem
1358 3340 1382 3384 et
1394 3348 1448 3397 qun
1467 3335 1503 3384 his
1514 3335 1599 3384 similia
1614 3340 1678 3383 sunt.
1693 3341 1718 3382 ln

126 3426 182 3472 fam
204 3435 260 3471 rero
279 3435 412 3470 sermonem
432 3419 513 3468 haberi
531 3418 615 3467 dieunt
632 3420 662 3468 do
677 3421 757 3482 primis
772 3422 901 3470 seeundum
922 3413 925 3480 l
945 3420 1048 3469 extemis
1060 3432 1115 3469 vero
1126 3421 1245 3470 numerari
1259 3427 1382 3482 parentes,
1396 3421 1493 3481 liberos,
1505 3435 1563 3483 opes
1573 3421 1719 3479 medioeres,

124 3517 237 3560 nalrrrarn
253 3515 277 3558 et
290 3511 376 3570 [παίει
389 3511 508 3556 naturam.
543 3511 600 3554 llam
621 3507 754 3558 differentia
770 3513 794 3558 et
811 3509 902 3557 indiffe-
947 3508 1197 3558 laominumfarorem.
1230 3511 1399 3570 Reiectaoiroa
1409 3509 1515 3556 ammom
1529 3521 1583 3556 esse
1597 3507 1718 3556 contraria

125 3599 204 3646 reatin
214 3597 330 3646 unnrerari
341 3595 365 3645 in
378 3595 449 3643 rebus
464 3607 519 3655 qrru
530 3594 560 3642 ad
574 3594 664 3656 aliquid
684 3597 764 3645 referri
781 3597 900 3645 dicuntur.
946 3597 975 3645 iis
987 3610 1042 3658 ηοω
1050 3603 1182 3646 memorata
1192 3601 1250 3646 sunt
1260 3616 1268 3645 a
1278 3598 1335 3646 item
1343 3595 1469 3658 quaesirea
1475 3589 1563 3656 oorpus'
1571 3595 1668 3644 aoeiroa
1676 3607 1718 3642 ex·

125 3686 203 3742 Quis,
216 3685 337 3745 inquiunt,
348 3681 441 3732 etiamsi
462 3681 618 3730 indifferentia
631 3684 777 3742 appellemus
791 3697 902 3743 corrrorea
946 3688 1014 3732 terna
1025 3685 1149 3733 versantur
1158 3684 1244 3745 opponi
1257 3683 1285 3731 iis
1296 3695 1398 3742 quornm
1412 3682 1500 3730 mentio
1514 3681 1575 3730 laeta
1589 3683 1625 3729 est
1634 3680 1718 3742 praesi-

125 3773 209 3822 omnia
223 3776 247 3819 et
258 3773 356 3819 esterna
368 3768 547 3830 respectu-ritae
563 3769 681 3827 honestas,
690 3769 712 3816 iu
727 3782 773 3829 qua
784 3770 844 3816 inest
854 3768 903 3816 sita
947 3773 1000 3832 puls
1012 3771 1097 3833 partim
1111 3771 1141 3818 ad
1152 3783 1239 3831 eorpus
1249 3770 1333 3831 partim
1342 3769 1373 3817 ad
1385 3771 1482 3817 externa
1494 3769 1677 3830 pertinentibus.
1689 3770 1719 3817 at

126 3861 210 3918 mata,
228 3861 307 3906 tamen
331 3870 373 3918 per
389 3858 473 3919 Jolrem
490 3855 674 3917 haudquaquam
696 3869 723 3904 oa
747 3854 903 3904 indifferentia
947 3871 1025 3920 ireque
1036 3856 1162 3919 proamita
1173 3871 1250 3918 neque
1263 3855 1515 3916 rejectalraberieiroa
1525 3857 1633 3905 animum
1647 3857 1719 3904 sisio-

125 3959 179 3994 esse
192 3943 335 3993 arbitramur
346 3947 454 4004 respectu
465 3942 562 3990 habitus
571 3941 703 3990 secundum
723 3946 847 4000 araturam,
860 3955 902 3990 areo
947 3958 1012 4004 nem,
1022 3957 1145 3994 assensum
1157 3947 1182 3992 et
1191 3944 1275 3992 similia
1287 3957 1292 3985 :
1302 3944 1365 3992 cirea
1373 3956 1461 4004 eorpus
1472 3956 1527 3992 vero
1536 3944 1677 4003 eandorem,
1685 3945 1719 3992 ni-

125 4035 236 4090 rosuotlu
250 4027 368 4091 suptilius
388 4029 412 4076 θθ
430 4026 523 4076 θ’θῠῑίὒῖῖι
556 4027 744 4077 ludlfserenlium
767 4042 836 4090 florio
855 4028 901 4084 alla
947 4034 1049 4094 gritiam,
1059 4033 1189 4081 caeruleum
1198 4034 1310 4093 colorem,
1325 4033 1479 4093 voluntalem,
1488 4031 1587 4091 coitum,
1600 4031 1717 4092 laborem,

126 4119 244 4178 majorem
265 4116 352 4166 trabere
371 4114 524 4177 dignitatem,
541 4116 585 4164 alia
605 4115 731 4164 minorem.
746 4161 748 4166 .
763 4118 840 4176 atque
857 4115 902 4164 alie
948 4127 971 4169 et
983 4122 1004 4169 si
1016 4121 1073 4183 qrrid
1086 4121 1151 4170 aliud
1165 4119 1300 4182 huiusmodi
1311 4124 1356 4167 est.
1384 4123 1411 4169 ln
1426 4119 1531 4167 extemis
1544 4123 1626 4168 autem
1639 4131 1716 4180 neque

125 4206 226 4268 quidem
239 4218 314 4267 perse
330 4203 471 4263 consistere,
485 4204 532 4252 alia
546 4202 670 4252 efficientia
684 4203 774 4266 putari,
785 4203 830 4251 ulia
848 4217 903 4264 pro·
948 4211 1074 4272 praeposita
1084 4225 1162 4271 neque
1174 4211 1259 4271 reiecta
1271 4209 1356 4270 parlari,
1371 4216 1508 4270 quaequam
1519 4207 1629 4257 sitierint
1642 4220 1720 4270 neque

125 4297 202 4344 «lucta
217 4292 341 4349 esss.alia
359 4291 458 4353 reiecta,
475 4292 521 4340 alia
540 4291 643 4354 denique
663 4297 755 4342 neutra.
788 4293 903 4342 Producla
949 4295 1022 4344 ullam
1037 4296 1163 4345 utilitatem
1175 4297 1289 4355 afferant,
1305 4309 1387 4356 parom
1406 4295 1562 4368 conducibilia
1574 4295 1717 4356 indicantur.

127 4387 252 4447 ridelioet,
263 4381 322 4448 quae'
331 4386 442 4446 quamvls
454 4384 612 4433 indifferentia
626 4384 686 4442 sint,
703 4397 811 4445 magnam
824 4386 903 4434 famen
947 4385 1049 4432 Animus
1068 4397 1125 4432 roro
1143 4396 1218 4446 quum
1240 4384 1270 4432 sit
1282 4384 1358 4444 potior
1370 4397 1481 4445 corpore,
1496 4383 1525 4431 ad
1541 4384 1613 4431 vitam
1625 4396 1720 4444 qrroque

128 4476 232 4522 lrabeanf
246 4474 531 4534 dignitatem,quatenus
544 4485 596 4520 esse
610 4475 688 4533 potest
707 4473 732 4520 in
752 4473 902 4522 indifferenti·
950 4476 1041 4520 rratorre
1061 4471 1355 4532 convenienteragendam
1371 4471 1438 4531 aiunt
1457 4485 1512 4533 quaa
1530 4469 1647 4518 inanimo
1663 4472 1720 4516 sunt

128 4564 189 4621 bus;
201 4562 308 4611 similiter
324 4567 403 4610 sutem
419 4560 518 4620 rejesla,
529 4573 584 4620 quar
597 4573 707 4620 magnam
725 4559 826 4608 trabeam
841 4559 902 4608 indi·
947 4561 1038 4606 naturae
1058 4565 1214 4606 consentanea
1236 4563 1260 4604 et
1282 4558 1408 4619 praeposita
1427 4557 1480 4618 plns
1501 4556 1585 4604 afferre
1604 4553 1720 4602 momenti

124 4653 259 4715 ςἰιίίειεινις
278 4651 381 4712 danique
399 4663 479 4712 neque
502 4650 617 4712 producta
640 4663 718 4711 neqrre
737 4651 832 4710 rejecta,
848 4663 903 4710 ηιιιε·
948 4657 1020 4706 quam
1043 4657 1097 4705 quas
1111 4645 1135 4693 in
1156 4657 1256 4706 corpore
1278 4648 1303 4692 et
1322 4644 1426 4692 externis
1444 4644 1600 4704 reperiuntur,
1617 4641 1720 4701 exempli

124 4751 209 4800 neqrre
228 4750 337 4800 magnam
356 4737 495 4799 dignitatem
512 4749 588 4798 nequa
608 4737 768 4797 indignitatem
792 4735 902 4785 habeant.
948 4731 1021 4792 gratia
1037 4731 1123 4779 bonam
1133 4731 1206 4779 animi
1220 4731 1324 4779 indolem
1338 4731 1368 4778 ad
1382 4731 1493 4786 uirtutem
1510 4730 1623 4790 praestare
1634 4741 1718 4787 eorpo-

125 4832 250 4876 t‘raetersa
264 4827 447 4888 prepositorum
460 4825 507 4874 alia
519 4837 571 4874 asse
585 4825 647 4872 circa
658 4824 776 4882 mimum,
786 4823 831 4872 alia
840 4823 904 4872 eirea
949 4819 981 4868 ris
992 4818 1064 4868 indoli
1077 4818 1226 4879 eandemque
1237 4811 1379 4867 caeterorum
1398 4829 1451 4865 esse
1462 4813 1586 4863 rationem.
1604 4817 1720 4864 Praeterea

124 4915 290 4975 consumtis
300 4915 323 4962 in
334 4913 405 4963 rebus
414 4911 519 4963 externis
532 4913 627 4960 versari.
660 4911 904 4960 Glreaanimumesse
948 4906 1132 4958 indifferentium
1145 4906 1191 4955 alia
1208 4906 1292 4954 dioout
1310 4905 1442 4967 appetitum
1464 4915 1575 4963 morare,
1588 4903 1633 4950 alia
1655 4903 1718 4950 fasti·
1795 4898 1798 4903 '

125 5000 199 5052 verbi
212 5001 286 5060 gratia
299 5001 435 5062 ingenium,
449 5001 597 5060 profestum,
614 4998 770 5056 memoriam,
787 5010 903 5060 acumen,
949 4997 1030 5055 dium,
1042 4995 1087 5042 alia
1100 5007 1175 5055 neque
1187 4993 1319 5054 appetitum
1341 5004 1418 5053 neque
1434 4989 1562 5038 fastidium.
1583 4989 1718 5052 appetitum

127 5087 282 5138 infellertum
291 5124 299 5150 ,
309 5087 417 5137 habitum
432 5099 481 5147 qrro
495 5087 628 5135 constantes
642 5098 727 5134 sumus
736 5086 760 5134 in
772 5085 856 5134 offrciis
864 5122 872 5146 ,
881 5090 904 5134 et
949 5083 1020 5144 igilur
1034 5085 1143 5142 movent,
1155 5093 1211 5141 quaa
1223 5083 1295 5128 modo
1311 5078 1448 5127 dicebamus
1458 5077 1489 5126 ad
1502 5081 1610 5125 naturam
1622 5089 1718 5145 amom-

125 5175 388 5236 messanensium
398 5176 491 5223 naturae
498 5175 668 5223 convenienter
675 5174 788 5234 agendam
803 5174 855 5235 plus
866 5173 903 5221 af·
950 5171 1046 5220 modata
1060 5183 1111 5220 esse
1126 5186 1132 5218 :
1145 5168 1280 5226 fastidium,
1293 5181 1372 5230 quaen
1385 5172 1470 5216 natura
1481 5167 1625 5216 abhorrent:
1639 5177 1717 5228 neque

127 5265 193 5314 ferre
202 5263 420 5326 possuntmouseati
431 5275 437 5304 ι
447 5262 603 5322 citracorpus
614 5263 693 5311 autem
702 5274 752 5310 esse
760 5260 901 5324 praepositi,
949 5258 1079 5321 appetitum
1093 5271 1169 5319 neque
1181 5255 1376 5318 fastidiumque
1388 5261 1471 5306 neutra
1484 5261 1550 5316 sunt,
1561 5254 1626 5304 rerbi
1639 5266 1720 5314 saura,
