3959 5925
169 321 227 374 238

167 443 271 508 etitem,

220 554 324 610 -Jaror
330 556 400 612 tanea
409 555 503 600 lamina
511 556 593 602 cotors.

166 656 321 707 tdmrentiom
335 669 393 708 sero
407 655 479 707 interl
495 661 567 720 poeta
579 658 610 710 de
623 673 666 723 eo,
679 661 721 725 qni
731 663 782 726 iugi
798 665 855 716 doto
866 667 950 718 oculos

167 744 289 804 amiserat,

223 875 249 884 -
258 863 378 914 moemreqr
392 854 487 899 lumino
501 855 624 912 linquant.

165 962 226 1013 ileon
246 962 311 1023 apud
330 961 470 1014 ciceronem
488 984 494 1014 :
509 970 543 1016 tn
560 966 641 1028 buires
665 975 840 1022 amantisstml
855 973 950 1031 fratris

165 1049 315 1109 steterentin
324 1061 449 1110 murore,
466 1055 493 1102 et
507 1054 634 1116 lucrtmls,
646 1060 848 1111 consenescebat.

196 1138 309 1188 cchxv.
326 1139 423 1188 'transit
437 1138 525 1190 deindo
535 1141 567 1190 ad
576 1142 675 1193 alterins
688 1159 774 1195 sensrrs
788 1148 948 1199 examinatio-

165 1238 231 1275 nem.
264 1224 304 1275 eit
315 1225 398 1275 enim:

196 1317 280 1372 Φωνῆς
292 1330 318 1363 τι
331 1315 360 1373 δὴ
380 1317 420 1364 καὶ
440 1316 512 1375 ἀκοῆς
529 1317 581 1380 πέρι
599 1320 669 1369 πάλιν
685 1323 699 1370 ὁ
719 1323 789 1380 αὐτὸς
807 1324 890 1388 λόγος,
910 1325 948 1375 ἐπὶ

163 1401 238 1450 ταύτὰ
249 1407 296 1449 τῶν
310 1403 387 1450 αὐτῶν
401 1402 470 1452 ἕνεκα
484 1405 549 1468 παρὰ
559 1407 617 1455 θεῶν
628 1408 782 1472 δεδωρῆσθαι.

196 1488 294 1540 Eodem
311 1491 377 1539 oocls
386 1503 489 1553 quoqne
498 1495 524 1542 et
533 1493 644 1544 anclltns
660 1499 791 1558 notescet,
802 1498 837 1548 nd
848 1501 949 1551 eosdem

165 1591 227 1628 usus
240 1581 320 1642 atque
338 1577 494 1641 adplenum
511 1582 573 1632 eltae
593 1582 730 1635 bominum
746 1588 949 1640 instructionem

164 1669 295 1722 datorum·
859 1727 865 1735 .

163 1755 226 1806 Snn't
245 1754 317 1818 igitur
339 1757 485 1821 principales
509 1760 559 1808 duo
584 1774 682 1823 mneos,
698 1765 765 1814 risos
789 1768 814 1816 ot
836 1767 946 1833 auditus,

164 1847 261 1908 utrique
278 1847 456 1910 philosophiam
471 1849 620 1912 adjurantes.
654 1857 764 1912 Quorum
779 1858 838 1908 aller
851 1860 947 1922 quidem

162 1935 306 1996 evidentior,
320 1938 404 1999 utpote
418 1939 459 1999 qui
480 1953 519 1988 ros
533 1941 598 2003 ipsas
611 1943 665 1992 acie
682 1958 726 1993 sua
740 1948 946 2010 comprehendat:

162 2022 223 2073 aller
231 2023 314 2083 latior,
326 2023 381 2073 ideo
392 2024 457 2088 quod
470 2026 545 2076 etiam
554 2027 584 2077 de
598 2028 669 2078 rebus
681 2031 821 2083 absentibus
834 2033 945 2086 instruat.

160 2111 300 2160 blodnlalus
314 2112 435 2175 siquidem
450 2125 492 2162 aer
505 2115 640 2166 articulatre
653 2121 710 2167 roci
720 2120 845 2182 tactusque
863 2134 911 2171 vox
923 2125 948 2172 et

161 2197 317 2260 intelligibilis
332 2200 424 2264 oratio,
442 2203 521 2265 pergit
541 2202 572 2252 ad
593 2204 690 2254 intimos
709 2220 811 2270 sensns,
826 2208 946 2259 audientis

55 2347 58 2364 Ι
159 2287 290 2338 intellectui
306 2289 420 2339 nuntians
438 2291 487 2339 tam
500 2292 626 2356 presentis
640 2307 712 2356 quam
727 2294 843 2346 absentia.
876 2299 944 2348 Idem

158 2375 271 2436 arrdilns,
286 2376 351 2438 qnod
363 2377 510 2427 intellectum
523 2394 619 2443 qnoque
630 2380 737 2442 adjuret,
749 2384 784 2432 sic
797 2385 891 2446 prohat.

189 2462 268 2512 Ὀσον
285 2463 306 2513 τ’
319 2463 350 2512 αὖ
362 2471 476 2526 μουσικῆς
487 2472 564 2530 φωνῆς
579 2468 694 2531 χρήσιμον
706 2471 763 2533 πρὸς
775 2471 862 2536 ἀκοήν,
877 2475 946 2524 ἕνεκα

158 2549 270 2613 ἁρμονίας
283 2552 334 2600 ἐστὶ
351 2553 426 2602 δοθέν.

189 2641 377 2704 Quantumque
385 2643 945 2712 peroocemrrttlttntisccpitnrexmnslcu,

158 2728 243 2776 totana
258 2725 307 2776 isco
327 2730 432 2777 constat
454 2727 592 2778 honstnuns
609 2733 699 2792 penest
713 2736 826 2796 propter
842 2734 945 2784 homno·

158 2816 231 2864 niam
244 2815 397 2864 albatam?
534 2799 538 2804 ’

189 2901 252 2958 Quia
264 2900 335 2963 juxta
358 2903 473 2951 rationem
488 2903 652 2954 harmonicam
668 2906 774 2956 animam
785 2908 810 2957 in
822 2912 946 2973 superiori·

159 2988 206 3038 hoa
218 2987 397 3052 aedificaverat,
412 2991 582 3053 naturalesque
596 2992 648 3053 ojus
666 2999 735 3044 actos
754 2998 874 3059 rhythmis
890 3012 944 3049 mo·

157 3075 244 3139 disque
260 3077 372 3125 constare
383 3076 479 3127 dixerat
497 3079 560 3127 :sod
578 3079 632 3130 linc
643 3083 781 3133 exolescere
791 3086 893 3147 animas,
913 3087 945 3137 oh

158 3162 306 3212 consortium
317 3166 425 3224 corporis
440 3166 577 3215 necessario
589 3167 713 3219 obtinento
735 3171 870 3236 oblivione,
891 3188 944 3237 pro·

158 3253 289 3315 ptcroaquo
302 3251 473 3301 immodulatas
490 3268 544 3305 esse
557 3256 650 3305 animos
662 3258 829 3320 plurimorum.
862 3265 945 3315 biodo-

159 3340 205 3388 lam
221 3339 293 3400 troius
304 3338 357 3388 rltii
375 3338 437 3388 dicit
447 3342 500 3390 esse
516 3342 541 3390 in
554 3344 648 3393 musica
661 3346 763 3407 positam
782 3367 789 3397 ι
804 3362 853 3398 non
864 3350 889 3398 in
903 3365 944 3413 ea,

157 3441 206 3489 qua
223 3428 312 3489 rntgus
323 3427 466 3491 delectatur,
477 3442 580 3493 qoaoqno
592 3432 623 3481 ad
638 3433 784 3497 voluptatem
803 3438 866 3487 tacta
877 3441 945 3492 osci-

158 3519 195 3567 tat
207 3516 268 3566 vilia
282 3531 476 3581 nonnunquam,
492 3520 534 3569 sed
548 3520 572 3568 in
582 3521 623 3570 illa
639 3521 735 3583 divina,
751 3540 806 3589 qoae
819 3541 944 3591 nunquam

157 3617 172 3653 a
188 3605 280 3655 rnlioue
289 3608 361 3669 alque
372 3606 528 3669 intelligentia
540 3612 673 3682 separatur.
705 3615 773 3663 lianc
785 3617 850 3665 onim
862 3625 944 3670 censet

157 3696 320 3747 exorbitantes
332 3698 426 3748 animas
439 3699 503 3748 aria
520 3703 587 3751 recta
598 3715 713 3753 revocare
721 3706 819 3757 domum
831 3709 862 3759 ad
875 3724 943 3773 sym·

158 3786 274 3847 phooiam
286 3791 399 3836 retmem.
414 3789 511 3850 Optima
527 3803 598 3851 porro
608 3794 751 3856 symphonia
760 3797 945 3858 estinmorihus

157 3874 246 3923 nostris
258 3874 370 3935 lustitia,
383 3876 501 3926 virtutum
511 3879 621 3929 omniurn
636 3882 789 3946 principalis,
812 3900 854 3949 per
870 3902 944 3951 quam

157 3963 252 4011 caetere
267 3975 365 4025 quoque
385 3963 488 4014 virtutos
507 3978 578 4015 sunm
592 3980 691 4019 ⁴monus
711 3974 786 4034 alque
803 3988 864 4037 opos
877 3989 944 4026 ense

158 4052 274 4111 quantur.
309 4052 341 4100 Ut
354 4052 417 4101 ratio
431 4053 530 4115 quidem
545 4053 657 4119 deussit,
671 4059 739 4120 rigor
756 4075 814 4111 vero
828 4063 943 4126 intimos,

158 4138 200 4201 qoi
212 4141 250 4188 est
264 4139 397 4189 iracundias
410 4141 512 4203 similis,
528 4144 693 4195 auxiliatorem
716 4148 798 4199 rolens
814 4164 841 4201 ae
858 4153 944 4203 rationi

158 4227 279 4290 praebeat3
296 4242 370 4291 porro
384 4229 437 4279 haec
448 4230 499 4280 sine
511 4232 673 4283 modulatione
687 4239 814 4296 provenire
828 4253 878 4290 non
891 4256 944 4303 pos-

160 4314 223 4374 sint;
236 4315 370 4364 modulatio
388 4316 487 4366 demum
506 4319 559 4369 sine
576 4321 721 4383 symphonia
737 4325 803 4374 nolla
815 4326 855 4376 sit.
888 4330 944 4391 Ipsa

158 4403 302 4466 symphonia
311 4405 420 4465 seqnitur
431 4407 556 4457 musicam.
590 4410 679 4459 Procul
691 4411 765 4461 dubio
774 4414 867 4464 musica
876 4429 944 4466 exor-

156 4494 199 4542 nat
218 4492 340 4553 animam,
362 4494 535 4545 rationabiliter
549 4496 580 4546 ad
601 4500 726 4562 antiquam
741 4505 853 4553 naturam
872 4518 945 4557 roro-

158 4591 232 4638 cans,
243 4581 268 4628 ot
278 4580 386 4631 alliciens
396 4582 469 4632 talem
483 4582 583 4634 demum
596 4586 693 4649 qualem
704 4588 774 4640 initio
785 4594 851 4642 Dens
864 4594 944 4656 opiter

157 4681 210 4718 eam
223 4670 321 4721 iecerat.
353 4674 413 4722 Tota
426 4688 498 4737 porro
509 4676 700 4729 mosleainvoco
710 4682 736 4729 el
746 4681 830 4732 audito
839 4686 864 4734 ot
875 4686 944 4736 sonis

159 4759 237 4819 posita
256 4762 303 4810 ost.
337 4762 409 4812 Utilis
425 4777 482 4829 orgo
499 4766 573 4816 eliam
587 4767 632 4818 iste
645 4781 729 4819 sensns
746 4773 783 4822 est
801 4776 944 4826 assecutioni

157 4845 232 4895 totius
242 4847 401 4912 philosophiae
412 4852 603 4907 adnotationem
618 4858 773 4921 intelligibilis
785 4861 830 4914 rei.

188 4934 226 4981 Τὰ
241 4934 282 4995 μὲν
295 4936 335 4985 οὖν
347 4941 522 5001 παρεληλυθότα
534 4948 581 4993 τῶν
595 4947 736 5010 εἰρημένων,
749 4950 809 5009 πλὴν
823 4952 943 5015 βραχέων,

158 5020 311 5073 ἐπιδέδεικται
327 5026 357 5074 τὰ
370 5028 410 5077 διὰ
421 5035 463 5079 νοῦ
476 5032 705 5099 δεδημιουργημένα·
716 5038 751 5087 δεῖ
771 5038 796 5089 δὲ
811 5041 852 5089 nal
867 5040 898 5090 τὰ
911 5042 941 5090 δι’

159 5106 261 5169 ἀνάγκης
272 5112 398 5174 γιγνόμενοι
405 5122 439 5179 τῷ
449 5116 512 5181 λόγῳ
521 5123 673 5185 παραθέσθαι.

709 320 908 387 CHALCIDII
929 325 1240 396 COMMENTARIUS

1027 465 1153 518 cclxvi.
1171 468 1262 519 mindo
1280 469 1315 520 ait
1337 485 1345 520 r
1366 473 1446 524 Nunc
1465 477 1714 543 praemonstrans,
1732 495 1776 536 ee-

996 554 1075 613 ceptis
1088 554 1228 606 admodum
1237 559 1343 619 pomis,
1352 563 1470 612 exsecuti
1479 575 1586 628 sumus,
1597 580 1654 630 qno
1661 570 1778 631 preosda

996 643 1091 690 neentis
1110 642 1262 696 intellectas
1276 647 1416 700 instltnit:
1435 655 1536 714 oportet
1554 656 1637 706 etium
1656 655 1688 706 de
1704 658 1778 722 tltts,

997 740 1055 791 qua
1065 734 1206 782 nocessltos
1218 732 1330 796 invellit,
1343 735 1436 788 dicere.

1027 817 1111 866 blondi
1130 819 1226 869 sensilis
1240 822 1413 886 explanaturus
1425 839 1522 876 omnem
1535 828 1708 894 substantiam,
1726 834 1779 894 jure

995 909 1169 958 commemorat
1185 921 1260 971 propo
1278 911 1360 960 omnia
1375 925 1402 962 so
1419 917 1595 980 pertractasse,
1606 931 1663 981 quae
1678 921 1779 982 provida

995 1004 1064 1042 mens
1078 995 1123 1044 Doi
1133 997 1279 1060 contulerit,
1290 999 1396 1051 eltrcieus
1410 1014 1466 1052 eom
1480 1003 1510 1052 ed
1525 1004 1663 1068 exemplum
1678 1007 1774 1058 etsimi·

996 1081 1120 1132 titudinem
1136 1083 1403 1150 testimonimum,
1419 1078 1546 1153 otomatis
1560 1093 1682 1143 rosunum
1694 1109 1777 1159 copes

995 1185 1047 1222 esse
1060 1173 1205 1236 tractatum,
1220 1188 1251 1224 en
1263 1189 1313 1239 quo
1328 1191 1373 1238 ea,
1387 1192 1443 1242 qna·
1455 1181 1586 1232 necessitas
1602 1183 1709 1247 invonit,
1721 1200 1777 1237 con·

995 1257 1137 1322 siderentur,
1164 1262 1262 1324 quando
1293 1264 1398 1326 procidis
1422 1270 1611 1332 necessariisque
1646 1272 1779 1324 rationibus

994 1345 1077 1394 mundi
1088 1347 1234 1399 universitas
1244 1354 1354 1402 constare
1363 1351 1481 1405 rideatur.
1514 1357 1778 1423 Necessltntemporro

994 1443 1059 1480 nuno
1077 1435 1181 1496 appellat
1199 1437 1269 1498 lino,
1289 1451 1362 1500 qnam
1377 1453 1422 1489 nos
1442 1439 1517 1492 latim
1533 1445 1629 1494 siloam
1650 1458 1779 1508 possomm

994 1522 1120 1573 nominare
1134 1544 1141 1574 ι
1163 1537 1194 1574 en
1216 1540 1264 1588 qua
1277 1531 1316 1578 est
1329 1542 1409 1579 rorum
1425 1531 1573 1582 universitas
1586 1533 1721 1599 eademque
1733 1549 1777 1600 pa·

993 1607 1067 1659 tibilis
1084 1613 1192 1663 natura:
1216 1615 1306 1678 quippe
1326 1616 1435 1678 subjecta
1449 1622 1545 1683 corpori
1563 1621 1734 1687 principaliter,
1752 1625 1778 1674 in

994 1705 1041 1754 qua
1057 1695 1184 1757 qualitales
1195 1701 1220 1748 et
1233 1702 1379 1762 quantitates
1392 1705 1417 1754 et
1432 1705 1514 1755 omnia
1526 1719 1583 1768 qun.
1592 1707 1706 1758 occidunt
1719 1723 1776 1772 pro·

993 1782 1102 1834 veniunt.
1136 1789 1197 1843 Quae
1209 1801 1264 1838 cum
1276 1802 1291 1838 a
1305 1794 1393 1840 natura
1404 1793 1498 1854 propria
1514 1807 1562 1843 non
1574 1795 1688 1858 recedam
1698 1797 1777 1848 direr-

993 1871 1026 1919 sis
1042 1873 1123 1922 tamen
1136 1876 1161 1924 et
1172 1877 1296 1926 contrariis
1310 1879 1434 1941 speciebus
1446 1893 1544 1943 eorrtm,
1557 1895 1612 1945 qum
1621 1882 1684 1934 iutra
1695 1898 1722 1936 so
1737 1898 1776 1937 re·

993 1959 1065 2021 cipit,
1081 1961 1212 2026 ionnisque
1234 1965 1350 2016 variatur.
1385 1969 1454 2018 lianc
1470 1981 1528 2031 ergo
1545 1971 1681 2033 explanare,
1690 1986 1777 2036 propo

991 2049 1054 2110 suit,
1069 2050 1179 2102 dicturos
1191 2053 1303 2116 deinceps
1314 2055 1447 2119 rationem,
1459 2057 1492 2106 ob
1502 2071 1574 2120 qoam
1585 2071 1683 2110 noemae
1694 2060 1783 2124 luerit,¹

990 2138 1120 2188 tractatum
1130 2137 1196 2190 hono
1211 2137 1309 2192 minime
1322 2145 1449 2205 praeteriri.

1022 2226 1159 2288 Μεμιγμένη
1171 2228 1216 2293 γὰρ
1232 2227 1272 2276 οὖν
1286 2232 1301 2288 ἡ
1313 2231 1381 2279 τοῦδε
1396 2236 1438 2280 τοῦ
1454 2233 1546 2294 κόσμου
1557 2233 1644 2295 γένεσις
1659 2233 1683 2290 ἐξ
1700 2232 1772 2295 ἀνάγ·

990 2327 1033 2369 nn<
1043 2329 1068 2361 τε
1082 2315 1122 2362 καὶ
1137 2319 1177 2362 νοῦ
1194 2313 1331 2373 συστάσεως
1341 2316 1459 2377 ἐγεννήθη.

1023 2403 1159 2452 cccxvii.
1177 2403 1285 2466 Denique
1303 2402 1415 2454 addidit:
1432 2407 1519 2456 Misia
1539 2406 1667 2470 siqnidem
1681 2407 1775 2458 mnndi

990 2488 1098 2539 sensilis
1107 2503 1140 2539 es
1157 2493 1320 2542 nscessttntts
1331 2493 1563 2559 enteltsqonttnqno
1572 2499 1643 2546 coetu
1658 2499 1777 2548 constitit

990 2585 1134 2642 ponesano.

1022 2667 1085 2724 Quia
1098 2651 1172 2730 igilur
1183 2667 1213 2719 do
1224 2669 1308 2719 mundi
1321 2671 1473 2733 generatione
1484 2675 1611 2734 tractator,
1624 2674 1775 2736 perlectoque

990 2755 1016 2804 id
1032 2756 1082 2805 lieri
1098 2758 1224 2818 convenit,
1237 2761 1335 2822 oportet
1353 2757 1384 2808 de
1399 2761 1502 2821 utroque
1516 2772 1602 2822 genere
1619 2758 1702 2810 disseri
1718 2778 1724 2807 :
1741 2772 1772 2809 es

991 2856 1041 2906 quo
1053 2842 1084 2893 do
1097 2850 1183 2892 natura
1193 2845 1262 2894 silrse
1274 2843 1426 2896 necmsnr'ius
1440 2859 1493 2896 esse
1504 2847 1621 2896 tractatus
1632 2844 1772 2896 ostenditur.

993 2933 1107 2981 iliatam
1126 2944 1184 2982 roro
1205 2935 1399 2994 consentionem
1418 2932 1477 2983 dicit
1497 2929 1550 2983 osse
1570 2931 1640 2995 ideo,
1658 2932 1722 2997 qood
1744 2944 1775 2982 on

989 3019 1092 3069 dirersis
1107 3019 1232 3071 elementis
1245 3022 1381 3083 promiscue
1402 3023 1503 3072 constet.
1537 3024 1675 3084 Rectaque,
1689 3034 1719 3071 ex
1736 3033 1776 3070 ne·

990 3108 1101 3158 cessitate
1122 3113 1147 3157 el
1170 3108 1330 3170 providentia.
1362 3111 1417 3158 Non
1436 3110 1499 3159 enirn
1524 3124 1554 3159 ex
1576 3108 1612 3158 his
1633 3109 1723 3159 mixtos
1739 3111 1776 3159 est

990 3196 1116 3254 mundus,
1135 3194 1177 3245 sed
1196 3196 1316 3245 consultis
1340 3196 1446 3258 provideo
1470 3196 1603 3245 montisel
1626 3196 1775 3246 necessitatis

989 3284 1124 3333 rationibus
1153 3283 1274 3343 constitit,
1307 3286 1421 3345 operante
1448 3283 1544 3343 quidem
1574 3282 1723 3343 providentia
1750 3285 1775 3333 ei

990 3372 1094 3434 agente,
1110 3369 1170 3419 silva
1184 3382 1242 3419 roro
1259 3370 1403 3433 perpellente
1424 3370 1620 3430 exornatiooiqoe
1635 3382 1661 3417 se
1678 3368 1772 3417 incitem

989 3459 1122 3522 prebente.
1155 3459 1307 3508 Ponelrotam
1316 3457 1434 3521 siquidem
1444 3470 1497 3507 eam
1509 3470 1683 3520 usquequaque
1691 3456 1773 3506 dirim

989 3562 1058 3597 meus
1071 3548 1157 3597 format
1167 3544 1250 3609 plone,
1260 3560 1309 3596 non
1319 3548 1347 3596 ul
1355 3548 1418 3596 artes
1430 3546 1533 3597 sormam
1544 3546 1676 3597 tribuentes
1685 3546 1710 3595 in
1722 3545 1773 3595 solo

989 3635 1137 3698 superlicio:
1154 3635 1195 3684 scd
1212 3634 1311 3699 periodo
1338 3636 1366 3684 ul
1384 3637 1470 3685 natura
1487 3638 1562 3698 atque
1584 3635 1681 3693 anima,
1696 3632 1774 3683 solida

988 3738 1091 3787 corpora
1105 3725 1268 3785 permeantes,
1282 3724 1396 3774 univorsa
1410 3724 1548 3775 rinilicant.
1648 3716 1652 3723 ’

1021 3814 1174 3863 cccxvttt.
1192 3810 1288 3862 Dehinc
1301 3813 1478 3875 consequenter
1489 3810 1651 3874 intelligentiae
1668 3810 1773 3859 nemesi·

988 3901 1093 3963 talisque
1110 3899 1263 3949 demonstrat
1277 3900 1442 3963 consortium,
1460 3913 1516 3949 com
1538 3900 1573 3949 ito
1586 3898 1662 3948 dicit:
1684 3900 1772 3949 1)οωί-

989 3991 1072 4038 nante
1094 3988 1244 4038 intellectae.
1277 3987 1373 4050 Duplex
1392 4001 1463 4051 porro
1477 3988 1515 4038 est
1532 3986 1679 4049 dominatio;
1698 3984 1773 4037 altera

988 4075 1125 4137 violentior,
1140 4075 1272 4138 tyrannicae
1286 4076 1398 4136 potentino
1415 4076 1517 4126 similis:
1536 4076 1593 4125 item
1606 4076 1652 4125 alia
1660 4111 1668 4141 ,
1688 4076 1774 4127 sancti

988 4164 1047 4213 talis
1062 4162 1233 4225 imperatoriae.
1266 4166 1346 4214 Omne
1359 4178 1430 4227 porro
1446 4150 1578 4215 violentum
1589 4177 1637 4214 non
1652 4164 1693 4214 din
1715 4164 1773 4215 suh·

986 4254 1080 4315 jectum
1097 4254 1239 4312 conservat,
1250 4250 1292 4300 sed
1306 4250 1375 4301 lacilo
1384 4249 1471 4313 perdit.
1506 4255 1595 4313 Omne,
1605 4252 1692 4314 inquit,
1705 4250 1773 4316 qnod

987 4338 1185 4390 rationabiliter
1196 4340 1278 4387 etlam
1288 4340 1358 4400 repit
1367 4341 1392 4388 et
1402 4341 1501 4401 tuetur,
1509 4338 1632 4401 prodest,
1643 4343 1668 4390 et
1677 4340 1769 4390 melias

988 4428 1069 4491 efficit
1088 4426 1156 4491 quod
1184 4428 1259 4489 rapit.
1292 4430 1325 4476 Ul
1348 4426 1421 4487 igitur
1440 4427 1546 4477 mundos
1571 4430 1677 4478 aternus
1695 4429 1772 4489 esset,

988 4514 1096 4579 oportuit
1114 4515 1200 4563 sileam
1220 4514 1242 4564 ei
1263 4515 1406 4578 morigeram
1429 4518 1602 4579 parentemque
1620 4514 1706 4576 subdi,
1726 4527 1772 4565 nec

988 4604 1117 4655 advorsum
1139 4602 1318 4654 exornationem
1342 4616 1410 4653 suam
1431 4604 1604 4655 resistentem:
1628 4602 1670 4653 sed
1686 4602 1718 4652 ita
1733 4601 1770 4649 ri·

989 4696 1068 4755 ctam,
1083 4695 1110 4742 ut
1129 4692 1247 4754 majestati
1261 4692 1353 4756 opiticis
1376 4691 1454 4741 libens
1470 4692 1555 4755 cedat,
1574 4694 1706 4755 pereatque
1718 4690 1772 4752 eius

987 4782 1118 4845 sapientias.
1153 4782 1280 4844 Propterea
1291 4780 1351 4831 dixit
1363 4796 1370 4831 s

1019 4872 1061 4932 Τῷ
1074 4868 1160 4919 πείθειν
1177 4868 1250 4926 αὐτὴν
1263 4873 1310 4917 τῶν
1325 4870 1468 4931 γιγνομὲνων
1483 4870 1512 4919 τὰ
1524 4871 1623 4920 πλεῖστοι
1631 4869 1669 4917 ἐπὶ
1678 4868 1706 4917 τὸ
1722 4865 1772 4929 att·

987 4972 1067 5005 τιοτον
1080 4956 1160 5019 ἄγειν,
1179 4956 1251 5019 παύση
1265 4958 1327 5015 κατὰ
1341 4958 1451 5007 ταῦτάτε
1471 4957 1501 5007 δι’
1521 4958 1624 5019 ἀνάγκης
1637 4958 1771 5018 ἡττωμένης

987 5045 1035 5094 ὑπὸ
1059 5046 1154 5101 πειθοῦς
1177 5044 1302 5109 ἔμφρονος,
1327 5048 1390 5097 οὕτω
1412 5046 1464 5096 κατ’
1491 5046 1564 5111 ἀρχὰς
1584 5046 1704 5104 Ευνὶοτατο
1718 5046 1772 5096 τόδε

989 5132 1073 5181 obsito.
