3959 5925
165 398 223 450 236

159 523 276 576 apparere
292 510 458 560 simulacrum.
491 511 522 560 At
540 524 597 561 vero
615 513 697 576 Plato,
718 529 762 578 pro
776 518 864 580 ingenii
884 534 942 583 pru-

159 598 434 662 dentiasqucdiviniiate,
444 597 645 650 duumiuminum
654 605 754 665 coeiunr,
766 605 941 658 mattaratium

161 687 185 735 in
198 689 286 736 lerssm
299 683 390 748 speculi
401 687 427 734 st
441 684 544 734 solidam
555 692 651 751 cutem,
666 689 690 738 id
707 693 758 752 est,
773 693 854 742 diurni
866 695 940 744 trrnri·

160 775 197 824 nis
208 777 233 824 et
248 773 339 833 intimi,
355 772 422 836 quod
436 786 479 836 per
496 775 583 826 ocutos
594 776 661 838 riuti,
679 780 798 831 trabeatis
812 795 894 832 ιιιοιιι
911 785 941 835 de

160 861 228 910 vultu
240 863 377 910 manantem
387 858 492 910 colorem
502 861 526 909 in
534 864 634 924 specula
643 868 770 928 corporati,
780 869 942 934 coloratisque

159 948 242 997 vatins
255 945 414 1006 lineamentis,
425 948 451 997 et
464 947 568 998 tormato
582 964 612 1000 ac
623 951 743 1003 delineata
754 956 848 1016 colore,
862 959 936 1007 simu·

159 1033 250 1083 lacrum
259 1033 376 1084 amulum
394 1035 476 1083 vallus
486 1035 633 1089 adumbrari.
666 1040 802 1106 sicquippe
814 1045 939 1106 loquitur:

190 1121 224 1169 Tb
242 1119 267 1167 dl
284 1120 336 1182 περὶ
350 1121 391 1178 τὴν
405 1126 453 1170 τῶν
468 1122 607 1186 κατόπτρων
625 1126 790 1177 ιίδωλιποιΐοιν
809 1132 849 1178 καὶ
865 1131 941 1181 πάντα

159 1204 205 1253 ὅσα
219 1204 309 1268 ἐμφανῆ
321 1205 362 1253 καὶ
376 1205 427 1253 λεῖα
442 1207 543 1256 κατιδεῖν
562 1209 628 1258 οὐδὲν
646 1211 679 1260 ἔτι
693 1214 804 1274 χαλεπόν.
839 1215 941 1278 Ἐκ,γι“ιρ

160 1298 202 1350 τῆς
217 1291 282 1347 ἐντὸς
297 1290 363 1348 ἐκτός
374 1308 400 1340 τι
411 1297 453 1341 τοῦ
465 1293 537 1358 πυρὸς
555 1296 666 1359 ἐκατέρου
682 1298 805 1355 κοινωνίας
821 1300 941 1364 siluisse,

160 1378 210 1435 ἑνός
223 1395 249 1428 τι
263 1377 293 1427 αὖ
305 1380 355 1444 περὶ
368 1381 410 1438 τὴν
428 1380 538 1440 λειότητα
551 1382 665 1434 ἑκάστοτε
683 1387 808 1448 γενομένου
828 1388 867 1436 καὶ
885 1390 942 1438 rmi-

159 1474 220 1533 >app
237 1468 486 1532 μιτορῥυθμιοθέντος,
496 1471 574 1520 πάντα
586 1473 724 1523 τὰτοιαῦτα
736 1475 878 1536 ἐμφαίνεται.

188 1557 258 1613 Διξιὰ
271 1557 297 1605 δὲ
306 1557 441 1618 φαντάζεται
455 1559 485 1606 τὰ
496 1559 613 1622 ἀριστερά.

188 1647 222 1694 si
231 1653 291 1694 uero
299 1644 508 1694 simulacrorum
518 1681 526 1707 ,
538 1659 596 1709 quse
610 1649 638 1695 in
648 1646 762 1710 speculis
774 1648 939 1711 oboriuntur,

152 1731 248 1792 jacitis
260 1735 389 1782 assecutio
405 1735 454 1782 esi.
487 1733 621 1795 Siquidem
636 1736 773 1798 utriusque
783 1738 867 1800 ianm,
886 1741 942 1788 tom

158 1821 246 1889 intimi
258 1832 338 1883 quom
349 1822 429 1869 extra
442 1822 533 1883 positi,
545 1833 674 1871 concursu
687 1822 764 1873 intimi
775 1824 866 1876 scilicet
876 1827 941 1876 caio-

158 1910 190 1958 ιιι
198 1912 223 1959 et
236 1908 379 1972 extraposiii
390 1909 488 1960 luminis
496 1947 504 1970 ,
512 1911 653 1962 incidentis
666 1915 693 1964 in
707 1917 805 1965 tersum
822 1917 942 1980 aliquam

158 1997 296 2060 laremque
311 1999 466 2058 materiam,
479 1999 525 2048 troc
537 2001 575 2050 est
584 2001 719 2064 specuium,
734 2003 895 2068 sornratique
911 2008 940 2054 in

157 2084 292 2136 multaret
302 2085 503 2148 vonmppurnr
513 2124 520 2148 ,
530 2101 586 2150 qurs
599 2088 629 2138 ad
643 2102 670 2139 ιι
680 2091 783 2140 tormata
792 2093 890 2153 specula
902 2094 940 2142 di-

159 2184 241 2221 rersas
261 2172 646 2238 eduntimagines,simuiocra,
664 2177 754 2240 inquit,
771 2191 806 2229 ec
827 2181 941 2244 lanianti

159 2262 276 2323 corporis
288 2263 426 2323 corispectu
441 2263 582 2314 resultant.

189 2350 295 2398 cccvi.
314 2351 420 2399 Dextra
440 2361 520 2412 porro
534 2354 640 2414 parier,
659 2364 716 2417 qun
737 2358 801 2406 sunt
816 2357 941 2420 sinistra,

158 2434 291 2486 uidentur.
855 2450 858 2454 “

187 2524 244 2586 Agit
254 2535 321 2573 nnnc
332 2507 368 2573 de'
375 2524 546 2575 immutatione
560 2526 643 2585 visas,
655 2529 680 2577 et
694 2529 752 2590 qnia
765 2531 865 2592 specula
877 2546 942 2594 qaas·

156 2610 213 2661 dem
230 2610 293 2660 iscis
308 2612 366 2661 sani
380 2612 411 2660 sd
426 2611 606 2663 similitudinem
623 2613 756 2666 dimittam
768 2617 871 2680 sphaeras
882 2633 941 2668 con·

115 2729 142 2742 --
157 2714 231 2762 casa,
242 2701 263 2750 si
279 2700 310 2750 ad
321 2714 375 2752 carn
389 2704 498 2765 partem,
515 2717 570 2766 quea
589 2705 705 2755 umbonis
719 2706 792 2756 babet
805 2709 939 2770 tumorem,

156 2788 327 2850 contemptatio
339 2788 466 2852 dirigatur,
484 2789 591 2841 dexterae
606 2797 687 2854 partes
702 2793 807 2846 sinistrae
822 2796 940 2847 videbun·

158 2876 214 2934 iar,
237 2879 370 2936 contraque
393 2875 450 2924 item
475 2876 538 2926 ocuti
568 2877 648 2928 dextri
676 2880 848 2943 contemplatio
869 2884 941 2933 laevas

158 2958 281 3009 simulacri
289 2963 382 3023 partes,
390 2959 531 3025 sinistrique
540 2962 598 3013 item
606 2964 671 3014 acies
684 2966 782 3017 derbes
792 2970 891 3029 tangent
903 2970 939 3020 in·

156 3045 228 3095 solito
252 3059 328 3095 more.
345 3047 443 3097 lteriio.
479 3050 542 3097 cum
561 3049 626 3098 enim
645 3050 672 3099 in
693 3051 811 3102 directum
832 3056 935 3117 rigorem

153 3133 285 3195 utriusqus
298 3131 362 3181 oculi
376 3134 446 3183 visus
458 3134 576 3197 terantur,
589 3140 642 3185 mat
652 3148 803 3200 consequens
820 3140 940 3193 donbric-

157 3219 190 3269 ris
201 3219 269 3268 visus
283 3218 414 3273 directione
426 3223 507 3284 paries
521 3222 633 3272 dexteras
645 3225 711 3287 mugi
718 3262 725 3287 ‚
735 3226 873 3291 sinistdqae
882 3231 939 3280 item

157 3309 274 3360 sinistras.
295 3312 366 3360 Nunc
379 3308 407 3359 tii
417 3313 517 3372 conus,
528 3311 595 3361 reiut
604 3311 772 3376 circumactis,
782 3319 807 3365 ei
819 3330 833 3366 s
845 3316 941 3369 diverso

158 3400 358 3464 concisionibus,
372 3401 527 3465 imaginibus.

188 3487 257 3545 Διξιά
270 3489 295 3537 ai
304 3488 335 3537 τὰ
346 3488 424 3550 δεξιά,
435 3491 487 3538 κτλ.

188 3569 303 3619 ccbvlt.
321 3570 356 3619 tt
367 3580 427 3619 uero
444 3569 546 3620 dentre
560 3574 651 3634 partes
667 3575 782 3636 corporis
795 3573 904 3626 dentre.
930 3586 936 3599 ·

189 3658 228 3705 its
243 3660 271 3705 ut
284 3658 343 3705 sunt
354 3657 379 3707 in
392 3658 496 3720 opsoniis
514 3670 618 3720 qnoque.
652 3658 806 3723 Persequitur
817 3662 883 3711 atiud
895 3663 940 3713 du-

158 3743 227 3807 plicis
243 3742 421 3807 imaginationis
438 3757 528 3807 genus,
541 3745 606 3807 quod
618 3748 718 3809 apparet
734 3746 758 3795 in
776 3748 806 3796 iis
823 3748 940 3812 speculis,

156 3844 213 3896 quse
226 3831 289 3881 iacis
300 3835 361 3881 sunt
373 3831 405 3881 ad
419 3831 521 3883 termam
536 3833 656 3896 cylindri,
669 3835 745 3895 οινιι,
757 3834 809 3885 ιίιι
822 3836 939 3889 imbricis.

59 3981 67 3998 .
159 3920 269 3968 Rursum
284 3916 363 3980 enim,
376 3930 433 3968 cum
444 3919 472 3967 in
482 3918 603 3968 directam
615 3919 719 3984 rigorem
737 3921 862 3985 utrimque
877 3924 941 3974 ocuti

159 4006 227 4054 visus
248 4005 365 4067 terantur,
385 4005 472 4056 denter
488 4007 573 4070 visus,
585 4007 697 4058 dextrum
713 4009 776 4060 latas
789 4010 899 4062 eminens
916 4015 940 4062 ei

157 4092 298 4155 obliquum,
313 4092 410 4145 ιιιιιιιιι
429 4094 501 4144 etiam
515 4094 637 4145 sinistrum
658 4096 706 4146 iaie
722 4097 785 4147 laius
801 4099 939 4161 incurrant,

157 4193 255 4231 ιιιιιιιι
269 4181 315 4230 ιιι.
347 4182 442 4251 Forma
461 4181 521 4230 iunc
536 4181 561 4229 ia
580 4181 698 4232 trieribus
718 4183 821 4245 geminis
840 4186 940 4247 songia-

158 4266 236 4328 baire,
248 4267 281 4317 ob
295 4268 387 4317 lessam
396 4302 403 4326 ,
413 4271 439 4316 et
453 4265 606 4327 inclinatam,
619 4270 795 4333 propioresque
805 4272 939 4338 lubricam,

159 4354 286 4419 utriusqus
304 4356 388 4407 lateris
399 4354 566 4419 superficiem,
581 4355 696 4407 labuntur
708 4358 733 4408 tn
746 4358 820 4410 latera
834 4360 939 4426 diversa,

157 4459 213 4509 quar
226 4446 325 4510 quidem
340 4444 372 4497 ad
385 4445 498 4497 dextram
506 4446 562 4497 visu
579 4448 686 4498 nascitur
694 4448 720 4497 in
730 4447 855 4500 sinistrum
866 4449 937 4514 istus,

156 4546 213 4596 quse
230 4546 288 4584 rero
308 4534 433 4585 asinistro
446 4534 557 4585 similiter
568 4535 592 4584 in
604 4535 727 4587 dextrum.
760 4540 822 4596 Quas
839 4538 937 4601 quiajn

156 4618 253 4669 diversa
273 4620 348 4669 intera
361 4619 491 4670 transitum
505 4620 613 4683 ιιιιιιοι,
627 4622 651 4671 ιι
668 4621 741 4672 simut
760 4623 885 4675 ediverso
903 4625 937 4675 vi-

155 4702 244 4754 dentur
262 4704 410 4768 consistere,
422 4705 520 4757 derbes
540 4706 725 4757 simulacrorum
747 4711 827 4771 partes
843 4709 936 4761 destris

155 4790 261 4856 ιιιιιιίι,
272 4791 382 4842 sinistras
392 4792 450 4844 item
462 4794 565 4846 sinistris
575 4795 660 4845 obrias
672 4796 796 4847 eriribent.
828 4800 936 4849 ceteros

154 4889 247 4927 errores
260 4879 359 4931 ridendi
376 4882 408 4932 ab
424 4882 471 4933 boc
479 4884 588 4946 iuniores
598 4884 734 4948 philosophi
747 4887 851 4936 mutuati
864 4899 937 4949 erpo·

154 4968 270 5029 sumant,
291 4969 325 5019 iis
346 4974 462 5034 utsupra
475 4973 674 5037 comprehensam
690 4978 736 5027 esi.
775 4972 868 5025 Deinde
884 4986 937 5038 pm·

154 5050 281 5113 sequitur:

186 5138 260 5189 Ταῦτ’
269 5138 310 5189 οὖν
322 5140 388 5191 πάντ’
400 5143 450 5195 loss
467 5149 514 5196 τῶν
530 5148 651 5203 lavantur
660 5148 719 5205 oieb
732 5149 782 5206 bric
796 5150 937 5213 ὑπηρετοῦσι

714 394 913 457 cantetur!
934 398 1242 460 commentarius

986 528 1070 586 χρῆται
1078 541 1091 583 ,·
1099 523 1140 582 τὴν
1153 527 1194 572 τοῦ
1209 523 1306 586 ἀρίστου
1319 523 1381 572 κατὰ
1401 523 1428 572 sd
1446 523 1543 572 δυνατὸν
1558 523 1621 588 idion
1638 521 1768 573 ἀποτελῶν.

1018 613 1144 662 cclviii.
1163 614 1213 670 Qui
1233 610 1338 675 quidem
1361 623 1451 662 sensus
1466 610 1649 675 ¹somniantur
1668 611 1769 662 actibus

985 700 1083 764 opificis
1097 703 1159 760 Dei,
1173 712 1303 752 summam
1316 703 1530 765 optimamquect
1542 702 1704 763 primariam
1714 713 1771 764 rpe-

986 791 1052 838 cr'em
1065 789 1206 838 molientis.

1000 921 1004 930 ,
1019 873 1087 930 Quia
1098 887 1155 923 cum
1174 873 1204 923 dc
1215 874 1266 924 visu
1279 874 1427 936 toqueretur,
1436 875 1478 936 qui
1491 876 1529 924 ιιι
1541 873 1648 936 optimus
1659 874 1771 926 omnium

986 973 1118 1023 sensuum,
1131 962 1252 1023 corporeis
1270 975 1327 1010 eum
1341 961 1479 1011 nominibus
1492 960 1655 1024 appellaverat
1672 977 1680 1012 ι
1698 962 1772 1011 niodo

986 1049 1081 1111 ignem,
1094 1051 1166 1099 modo
1179 1051 1271 1111 lumen,
1283 1049 1404 1099 interdum
1418 1049 1540 1099 ilammam
1552 1050 1771 1111 cognominamus

986 1134 1042 1197 quis
1059 1134 1152 1196 putaret
1172 1146 1199 1184 ιι
1212 1134 1246 1182 iia
1264 1133 1416 1192 existimare,
1435 1133 1504 1194 qussi
1523 1133 1646 1196 corporcis
1669 1134 1770 1198 opiirciis

986 1232 1072 1270 sensus
1085 1219 1283 1270 administrentur
1299 1220 1352 1269 sine
1365 1219 1472 1268 melioris
1485 1219 1636 1282 incorporem
1658 1220 1772 1283 potentiss
1847 1239 1850 1244 ·

986 1306 1110 1356 consortio
1126 1324 1132 1354 :
1143 1304 1203 1354 dicit
1215 1305 1259 1354 iios
1270 1306 1337 1367 ipsos
1348 1317 1434 1355 sensus
1447 1304 1557 1355 inmutari
1568 1305 1657 1354 divinis
1666 1306 1770 1369 actibus,

987 1395 1086 1456 perinde
1109 1399 1137 1444 nt
1158 1393 1239 1456 opifici
1260 1393 1407 1443 temulentus
1422 1405 1522 1456 organa.
1556 1396 1631 1443 Porro
1650 1395 1772 1456 optimum

988 1482 1030 1530 Dei
1043 1493 1104 1543 opus
1119 1481 1157 1529 ιιι
1176 1478 1198 1526 id
1215 1476 1282 1540 quod
1299 1476 1419 1540 inteiligit.
1453 1476 1501 1526 Sed
1516 1478 1622 1538 opinari
1634 1476 1771 1540 plerosque
1800 1505 1804 1518 ·

986 1569 1061 1628 dicit,
1075 1581 1116 1617 eos
1129 1565 1254 1626 videlicet,
1270 1565 1312 1628 qul
1324 1565 1479 1626 existiment,
1495 1563 1554 1612 nitrii
1568 1576 1637 1624 esse,
1651 1563 1717 1626 qnod
1732 1577 1771 1612 ca-

988 1669 1042 1707 rens
1054 1669 1155 1717 corpore
1168 1654 1300 1717 quidquam
1317 1653 1428 1716 patiatur,
1448 1655 1491 1702 aut
1511 1652 1595 1715 tacist;
1616 1651 1677 1702 nibil
1699 1652 1772 1702 etiam

987 1746 1160 1806 incorporeum
1176 1753 1244 1803 esse,
1263 1740 1303 1790 cui
1322 1747 1404 1803 pareat
1424 1738 1605 1802 famulatusque
1627 1751 1729 1810 corpus,
1744 1743 1774 1788 ut

987 1832 1045 1896 puta
1057 1828 1144 1878 mentis
1159 1827 1290 1878 intellectui
1309 1825 1396 1876 animae
1416 1828 1525 1886 natura3
1544 1826 1586 1875 sed
1605 1825 1658 1888 ipsa
1671 1837 1773 1888 corpora

987 1911 1146 1976 qualitatibus
1164 1911 1269 1975 propriis
1292 1925 1373 1961 rerum
1389 1923 1470 1961 creare
1484 1910 1650 1961 diversitatem
1669 1930 1675 1959 :
1698 1911 1773 1973 trigas

987 1999 1086 2063 quidem
1099 2000 1188 2047 terram
1203 1999 1228 2046 ct
1247 2010 1353 2060 aquam,
1365 1997 1478 2047 calorem
1494 2009 1552 2047 vcro
1567 1997 1646 2058 ignem
1663 1999 1688 2044 ei
1701 2009 1767 2046 aera.

986 2091 1094 2138 Rursum
1113 2089 1292 2136 astrictionem
1304 2083 1403 2148 quidem
1428 2086 1453 2135 et
1472 2085 1614 2145 duritiam,
1637 2070 1732 2134 terram
1747 2086 1772 2134 ιι

987 2176 1081 2237 ignem
1104 2173 1313 2230 relaxationem,
1334 2185 1393 2221 voro
1421 2173 1446 2222 ct
1465 2171 1635 2231 effusionem,
1655 2183 1724 2232 sera,
1746 2172 1772 2220 et

987 2275 1086 2324 aquam.
1123 2262 1269 2322 igneamque
1282 2259 1332 2308 vim
1344 2259 1467 2308 centraria
1479 2259 1618 2308 molientem
1630 2271 1673 2322 pro
1685 2271 1770 2322 carpo·

988 2361 1045 2397 rum
1062 2347 1220 2409 diversitate,
1235 2344 1308 2396 modo
1322 2345 1495 2408 astringentem
1514 2345 1588 2396 mods
1606 2347 1767 2406 relaxantem,

988 2438 1016 2482 nt
1027 2447 1083 2484 cnm
1097 2446 1146 2483 rino
1159 2435 1184 2482 st
1194 2433 1280 2482 coriam
1294 2431 1374 2482 calore
1386 2431 1459 2482 timus
1473 2431 1570 2496 quidem
1582 2432 1704 2492 durescit,
1717 2446 1772 2482 cera

988 2533 1047 2570 vero
1063 2519 1180 2582 liquescit.
1270 2573 1272 2578 ,
1311 2513 1316 2522 '

1019 2607 1097 2668 Λόγον
1107 2607 1132 2656 di
1148 2605 1231 2655 οὐδένα
1244 2606 1298 2670 aces
1307 2609 1360 2654 voirs
1370 2607 1403 2660 εις
1417 2605 1483 2655 οὐδὲν
1494 2605 1581 2654 δυνατὰ
1594 2604 1655 2668 ἔχειν
1665 2605 1724 2655 ἔστι.

1018 2699 1072 2744 Τῶν
1084 2695 1129 2759 γὰρ
1144 2695 1218 2744 ὄντων
1231 2695 1252 2758 ᾧ
1264 2699 1318 2744 νοῦν
1329 2693 1396 2758 μόνῳ
1413 2694 1513 2742 κτᾶσθαι
1531 2674 1662 2756 προσήκει,
1678 2694 1770 2742 λεκτέον

987 2784 1074 2848 ψυχήν.
1107 2787 1184 2833 Τοῦτο
1200 2783 1226 2832 si
1241 2783 1349 2846 ἀόρατον.
1381 2784 1434 2844 Πῦρ
1448 2782 1472 2831 δὲ
1488 2783 1529 2829 uui
1542 2781 1606 2843 ὕδωρ
1620 2781 1659 2830 nai
1673 2779 1716 2843 ἀὴρ
1730 2781 1770 2829 καὶ
1843 2827 1847 2833 ,

986 2877 1017 2933 γῆ
1031 2871 1133 2932 σώματα
1145 2869 1223 2918 πάντα
1237 2869 1310 2932 ὁρατὰ
1322 2869 1411 2932 γέγονε.

1018 2961 1120 3010 οΟιΙΧ.
1140 2962 1202 3009 Hac
1214 2971 1293 3022 porro
1309 2961 1396 3008 omma
1402 2994 1409 3021 ,
1424 2957 1519 3019 inquit,
1542 2968 1627 3021 neque
1640 2958 1770 3019 sentiunt,

988 3060 1033 3097 nec
1045 3050 1173 3097 rationem
1187 3047 1400 3110 intellectumque
1411 3048 1438 3095 in
1451 3044 1529 3095 rebus
1544 3048 1648 3095 ratione
1660 3046 1772 3109 pruden-

987 3139 1077 3201 tiaque
1088 3135 1197 3200 apendir
1210 3136 1309 3186 emunt.
1345 3135 1471 3185 Proeciare.

1020 3223 1151 3289 siquidem
1166 3225 1322 3274 ratiocinari
1333 3225 1382 3271 out
1401 3222 1549 3284 iniciiipers
1566 3234 1618 3271 non
1636 3226 1770 3286 corporis,

985 3310 1032 3362 sed
1055 3314 1150 3361 omme
1171 3311 1317 3373 proprium.
1353 3312 1414 3357 iisse
1435 3320 1515 3369 porro
1533 3310 1698 3371 incorporea,
1717 3320 1769 3357 non

986 3402 1056 3451 sirim
1070 3398 1187 3461 videtum
1206 3408 1266 3447 cum
1285 3408 1360 3445 omne
1375 3407 1469 3457 corpus
1483 3398 1519 3445 sii
1538 3392 1637 3445 aalide
1656 3408 1688 3444 oc
1709 3407 1768 3444 sen·

986 3490 1102 3635 Μῐιιῖἶιιιι
1115 3582 1170 3619 cum
1188 3568 1294 3619 discreta
1312 3568 1360 3617 sint
1373 3580 1461 3631 corpus
1474 3570 1499 3617 ιι
1515 3568 1609 3627 anima,
1625 3566 1769 3629 diversique

985 3671 1070 3707 comm
1084 3659 1171 3707 natura
1182 3656 1227 3719 sit;
1241 3655 1345 3718 dignitas
1354 3667 1452 3717 quoque
1464 3655 1489 3704 ei
1499 3654 1558 3703 ordo
1570 3652 1679 3703 diversus
1693 3657 1737 3703 esi.

1018 3746 1064 3795 Τὸν
1074 3745 1099 3794 δὲ
1114 3747 1156 3793 νοῦ
1171 3744 1211 3793 καὶ
1221 3744 1350 3806 ἐπιστήμης
1363 3742 1462 3805 ipsos-bv
1472 3742 1564 3804 ἀνάγκη
1577 3740 1617 3801 τὰς
1628 3745 1668 3799 τῆς
1684 3739 1769 3804 ἔμφρο-

986 3846 1024 3887 νος
1042 3828 1133 3893 φύσεώς
1147 3828 1224 3886 αἰτίας
1234 3828 1329 3893 πρώτας
1342 3828 1503 3891 μεταδιώκειν.

1018 3921 1117 3975 Quoius
1135 3922 1248 3982 quisque
1262 3920 1345 3977 icitur
1357 3918 1459 3967 amator
1477 3919 1521 3967 est
1532 3917 1681 3979 sapientia,
1696 3914 1769 3966 dabit

986 4020 1107 4071 operam,
1122 4010 1154 4057 ut
1165 4006 1308 4070 prudentis
1321 4010 1426 4057 nctstrrc
1442 4018 1535 4056 causas
1546 4008 1626 4069 prius
1635 4018 1715 4069 quarn
1724 4018 1769 4055 cor·

986 4098 1058 4146 ieros
1070 4098 1236 4158 assequatur.

1017 4183 1079 4231 Sunt
1095 4193 1168 4243 porro
1188 4180 1235 4242 irae,
1251 4178 1407 4229 deliberativa
1423 4182 1448 4229 st
1461 4180 1518 4231 item
1530 4180 1664 4243 intelligens
1682 4180 1768 4230 animae

986 4268 1109 4333 potentia,
1123 4266 1211 4329 quibus
1226 4266 1357 4328 deliberat,
1372 4268 1535 4331 ratiocinatur,
1547 4268 1663 4332 inteiligit.

1015 4354 1090 4403 Ὀοιιι
1104 4352 1129 4402 cl
1142 4352 1183 4401 ὑπ’
1197 4351 1273 4401 ἄλλων
1287 4352 1328 4415 μιν
1346 4355 1502 4416 κινουμένων,
1516 4355 1582 4419 lrspa
1595 4352 1616 4404 δ’
1627 4354 1650 4411 lt
1666 4355 1767 4418 ἀνάγκης

984 4440 1110 4489 κινούντων
1121 4438 1252 4503 γίγνονται,
1260 4439 1374 4503 decripsit.

1016 4528 1085 4579 titas
1095 4541 1170 4588 uero,
1187 4527 1274 4592 inquit,
1286 4540 1343 4592 quar
1355 4526 1388 4578 ab
1397 4526 1463 4579 aliis
1477 4532 1554 4580 moire
1567 4532 1671 4581 mouent
1687 4530 1766 4591 alias,

983 4619 1112 4670 secundos
1127 4618 1345 4670 existimandum.

1018 4708 1145 4770 Perspicua
1164 4706 1285 4770 patibilem
1307 4710 1400 4769 partem
1419 4706 1566 4758 rationabilis
1585 4708 1672 4757 animas
1694 4706 1766 4757 viiio-

984 4808 1086 4859 samqus
1110 4794 1243 4857 significat,
1265 4794 1290 4844 in
1303 4808 1351 4857 qna
1373 4784 1410 4845 est
1428 4794 1518 4859 quippe
1528 4796 1641 4860 impetus.
1674 4796 1766 4845 Princi-

982 4884 1078 4947 pstiter.
1089 4882 1186 4944 quidem
1210 4882 1240 4932 ab
1255 4896 1284 4932 ea
1300 4886 1368 4947 parts
1389 4884 1477 4935 animas
1489 4886 1609 4944 movetur,
1624 4896 1680 4947 qnae
1698 4885 1765 4933 motu

983 4972 1086 5036 intimo,
1099 4973 1266 5037 genuinoque,
1279 4984 1310 5021 ιιι
1328 4972 1457 5035 semetipsa
1471 4975 1591 5034 movetur,
1605 4983 1636 5021 er
1649 4969 1765 5021 accidenti
1827 4972 1829 4976 '

982 5072 1041 5110 vero
1060 5059 1132 5109 eiiam
1145 5059 1271 5109 desideriis
1293 5059 1457 5110 moventibus.
1489 5062 1546 5123 lpse
1562 5062 1643 5111 autem
1661 5059 1765 5122 impetus

982 5149 1064 5200 movet
1075 5160 1174 5213 corpus.
1229 5141 1231 5145 ⁴
