3959 5925
753 400 996 462 FRAGMENTA
1016 402 1147 461 vetita.
1462 406 1465 413 '
1714 414 1752 465 or

53 567 57 575 ·
160 527 294 608 ραιίμειιον,
309 529 366 603 δδὴ
384 543 430 589 καί
447 530 648 592 ἀντακολουθίαν
663 530 718 611 ἔχει
734 530 783 604 ²⁶⁷,
798 532 866 603 πλὴν
888 534 936 611 οὐχ
979 534 1045 605 κῆς,
1060 530 1108 603 τὴν
1129 530 1222 611 φύσιν,
1242 534 1287 602 τῆς
1311 530 1338 589 δὲ
1353 530 1454 601 ξενικῆς
1466 530 1517 602 τλν
1531 531 1638 611 χρείαν,
1659 536 1707 603 τῆς
1728 532 1754 592 δί

158 616 270 693 ὁμοίως,
283 617 370 689 άλλή
381 617 427 695 μὲν
440 618 561 700 φρόνησις
571 623 627 688 ταῖς
636 623 737 691 ἠθικαῖς
749 620 817 679 κατθ
827 618 935 693 τδίθιον,
978 621 1105 697 ἐρωτικῆς
1115 619 1145 678 τθ
1155 620 1251 691 πάθος,
1261 622 1309 690 τῆς
1327 619 1355 677 δὲ
1370 620 1533 697 εὖεργετικῆς
1543 619 1591 691 τὴν
1606 620 1698 699 χάριν,
1710 626 1757 692 τῆς

159 696 237 763 αὗται
252 707 274 764 δ’
290 704 375 785 ἐκείνῃ
392 705 460 765 κατθι
474 706 652 783 συμὸεὸηκός.
685 705 750 768 Ὅτι
768 707 815 784 μίν
829 707 880 787 γθρ
894 707 936 767 δί-
979 706 1261 783 δίθαυμαστικῆςτὴν
1276 705 1395 780 δύναμιν.
1449 708 1548 765 Πασῶν
1563 707 1591 765 δὲ
1607 705 1756 777 συλλήὸθην

158 794 232 861 καιός
243 796 299 853 ἐστι
313 793 358 853 καί
373 796 507 876 φρόνιμος,
522 794 598 875 ὁγθρ
609 795 708 855 τοιόσδε
718 794 795 854 αὐτὸν
811 794 884 872 λάγος
899 798 937 854 εἰ·
978 784 1045 853 εἰναι
1055 793 1117 865 τέλη
1127 794 1201 872 τρία,
1213 794 1243 852 τὸ
1255 792 1344 869 καλόν,
1356 793 1386 852 τὸ
1396 792 1538 873 συμφέρον,
1549 793 1579 851 τὸ
1588 794 1647 866 ἡδύ.
1662 794 1757 854 Πάντα

159 880 272 952 ionersi,
289 883 318 939 οὗ
328 879 381 959 μὴν
396 878 436 940 θτι
448 883 568 962 φρόνιμος
578 881 623 940 καί
633 881 729 949 δίκαιος
742 880 811 940 κατθ
824 881 935 956 τὀἷδιον,
977 880 1030 961 γθρ
1042 880 1086 939 τὸν
1100 884 1220 939 ὁπωσοῦν
1233 879 1297 959 πρὸς
1311 880 1399 960 φιλίαν
1416 879 1490 939 ἰόντα
1498 922 1507 952 ,
1523 880 1567 938 διά
1586 904 1612 940 τι
1631 880 1758 951 τούτωνῆ

159 968 220 1025 ἀλλ’
233 966 273 1025 ὅτι
287 971 338 1026 τῶν
353 972 440 1028 καλῶν
455 972 576 1048 κάγαθῶν
591 973 681 1036 κοινῶς
697 966 856 1047 πρακτικάς,
870 967 937 1048 φαά·
979 966 1022 1025 δεδι
1033 969 1119 1027 πάντα
1131 968 1179 1038 τὴν
1192 967 1279 1048 φιλίαν
1289 970 1429 1047 αἱρεῖσθαι.
1470 966 1643 1045 Πρῶτηνμὲν
1658 958 1758 1041 odisti<

158 1056 205 1112 λου
220 1056 244 1113 δ’
260 1055 371 1123 οὐδενός.
978 1056 1094 1136 προέφην
1104 1099 1114 1132 ,
1125 1045 1190 1115 εἰναι
1207 1055 1255 1127 τὴν
1270 1054 1335 1135 πρὸς
1347 1054 1439 1113 ἑαυτὸν
1451 1054 1555 1133 φιλίαν,
1573 1054 1695 1135 δευτέραν
1711 1055 1757 1125 δέ,

198 1144 223 1201 Τ
224 1145 259 1201 ῶν
275 1142 301 1202 δὲ
315 1146 406 1202 παθῶν
421 1143 466 1203 καί
481 1147 569 1223 θρμῶν
584 1142 618 1202 τθ
635 1142 682 1219 μὲν
701 1132 766 1203 εἰναι
780 1144 890 1216 ἀστεῖα,
903 1141 936 1201 ιθ
978 1141 1026 1215 τὴν
1039 1141 1104 1221 πρὸς
1116 1142 1174 1210 τοὺς
1195 1142 1369 1222 γειναμένους·
1390 1140 1480 1221 ἐφεξῆς
1500 1141 1544 1219 δέ,
1559 1140 1606 1210 τάς
1620 1141 1684 1221 πρὸς
1701 1142 1758 1208 τοὺς

159 1230 186 1290 δὲ
202 1229 349 1309 φαῦλα,τθ
366 1232 393 1290 it
408 1231 486 1308 μίσα.
528 1230 631 1290 Ἀστεῖα
648 1230 711 1307 μίν,
726 1228 831 1309 φιλίαν,
845 1229 935 1309 χάριν,
979 1229 1072 1296 ἄλλους
1086 1230 1194 1296 οἰκείους
1212 1231 1257 1290 καί
1271 1230 1394 1297 ὀθνείους·
1408 1227 1526 1287 δι’θκαί
1541 1228 1627 1305 ἐνμίν
1647 1228 1759 1308 τῇπρὸς

157 1318 272 1395 νέμεσιν,
291 1319 371 1394 αἰδῶ,
383 1320 491 1399 θάρσος,
505 1316 586 1377 έλεον·
597 1319 685 1399 φαῦλα
699 1316 746 1395 δί,
760 1315 862 1395 φθάνον,
880 1320 937 1375 irrr-
979 1316 1070 1377 έαυτθν
1084 1316 1251 1377 εθλαθεῑσθαι
1264 1318 1303 1375 δεῖ
1315 1316 1363 1389 τλν
1376 1316 1534 1395 ὑπερθολήν,
1547 1320 1573 1375 ἐν
1584 1315 1611 1376 δὲ
1625 1324 1682 1383 ταῖς
1695 1316 1758 1397 πρὸς

160 1406 354 1485 χαιρεκακίαν,
370 1405 456 1484 ίὸριν·
473 1404 542 1483 μέσα
558 1404 600 1479 δέ,
616 1403 717 1477 λύπην,
732 1403 822 1485 φάθον,
838 1405 935 1482 ὀργάν,
979 1404 1038 1470 τοὺς
1051 1406 1158 1477 ἄλλους,
1177 1404 1224 1477 τὴν
1241 1404 1364 1485 ἔλλειψιν·
1380 1404 1410 1463 td
1426 1403 1473 1480 μὲν
1486 1404 1538 1484 γθιρ
1558 1407 1712 1486 φιλαυτίας,
1729 1406 1759 1466 τθ

158 1492 271 1570 ἡδονήν,
290 1494 438 1571 ἐπιθυμίαν.
482 1491 590 1554 Totius
608 1492 635 1551 δὲ
646 1492 681 1552 τά
698 1491 745 1567 μίν
757 1491 872 1570 αἱρετέον
886 1514 938 1550 κα·
976 1490 1008 1565 δὲ
1020 1492 1157 1569 φειδωλίας
1167 1492 1223 1569 ἔχει
1238 1490 1371 1562 διαθολήν.

159 1579 262 1654 θάπαξ,
281 1581 315 1639 τθ
329 1580 357 1640 δὲ
370 1580 496 1661 ὁριστέον.
552 1582 612 1639 Πᾶν
626 1579 652 1637 δί
673 1581 754 1646 πάθος
769 1578 830 1657 περί
843 1579 937 1651 ἡδονὴν
1019 1578 1104 1657 Χάριν
1123 1575 1165 1615 ²⁶⁸
1181 1577 1344 1657 altipassus
1364 1581 1479 1658 τριχῶς,
1489 1579 1537 1651 τὴν
1557 1579 1605 1653 μὲν
1620 1580 1759 1659 ὑπουργίαν

157 1670 328 1745 συνίστασθαι
351 1670 397 1727 καί
421 1667 523 1741 λύπην,
548 1669 580 1726 δι’
595 1666 610 1726 θ
630 1666 675 1726 καί
698 1666 759 1745 περὶ
782 1664 938 1732 ταύταςτὰς
979 1666 1112 1745 ὠφελίμου
1127 1668 1207 1725 αὐτοῦ
1218 1666 1317 1725 ἰκείνου
1331 1665 1426 1744 ἕνεκα,
1441 1667 1489 1738 τλν
1508 1668 1530 1725 δ’
1545 1668 1653 1750 ἄμειψιν
1665 1670 1760 1749 ῶφελί·

157 1754 250 1825 ἠθικθς
265 1754 358 1833 άρετθς
379 1755 515 1835 ὑπάρχειν.
569 1754 751 1834 Φιλαργυρίαν
768 1752 813 1825 δι’,
831 1754 876 1811 καί
893 1776 938 1834 φι-
981 1753 1111 1829 μου,τ·λν
1123 1755 1151 1812 δὲ
1163 1754 1271 1832 μνήμην
1282 1753 1423 1833 ὑπουργίας
1436 1755 1570 1827 τοιαύτης.
1610 1755 1663 1814 nti
1682 1762 1760 1815 τοῦτο

157 1843 298 1921 ληθονίαν,
321 1842 367 1901 καί
391 1844 586 1921 ἐρωτομανίαν,
610 1842 655 1901 καὶ
679 1841 713 1901 τθ
734 1845 860 1912 τοιαῦτα,
875 1838 938 1909 ίξεις
980 1840 1009 1899 δὲ
1025 1842 1070 1900 καί
1084 1843 1163 1902 τάσδι
1178 1844 1258 1920 μόνας
1270 1851 1338 1921 τρεῖς
1353 1845 1367 1899 θ
1383 1841 1437 1919 βίος
1446 1841 1652 1920 κατηυφήμησε.
1708 1843 1761 1904 Αέ·

158 1920 224 1989 εἶναι
239 1930 344 1996 ἀλλοίας
360 1928 432 2010 παρά
442 1933 489 1998 τὰς
500 1931 603 1999 κακίας.
656 1928 767 2009 Ἔρωτα
782 1928 804 1987 δ’
818 1918 885 1988 εἰναι
894 1928 938 1987 τθν
980 1933 1072 2006 γεσθαι
1092 1929 1119 1987 δὲ
1133 1929 1211 2011 χάριν
1230 1929 1275 1988 καί
1288 1928 1337 2001 τλν
1351 1932 1377 1987 ἐν
1391 1929 1451 2009 θψει
1468 1928 1486 2000 ἢ
1504 1932 1530 1988 ἐν
1540 1930 1641 2007 λόγοις,
1656 1935 1716 1989 καθ’
1730 1933 1762 2004 ἣν

158 2017 206 2095 μίν
219 2019 320 2096 φιλίας,
335 2019 377 2077 τὸν
393 2017 421 2077 tl
437 2019 585 2089 συνουσίας,
600 2019 644 2077 τθν
655 2017 683 2077 δί
696 2020 802 2098 ἀμφοῖν·
818 2020 851 2077 δι’
864 2016 879 2077 θ
893 2016 939 2077 καὶ
980 2015 1025 2075 τθν
1041 2014 1088 2091 μὲν
1103 2016 1209 2096 εθχαριν
1226 2016 1412 2092 ὀνομάζεσθαι,
1428 2017 1473 2075 τὸν
1490 2016 1512 2074 θ’
1528 2016 1662 2096 ἐπίχαριν.
1700 2018 1761 2078 Βίαν

157 2104 201 2163 τὸν
217 2106 263 2180 μὲν
279 2107 430 2176 σπουδαῖον,
444 2105 487 2164 τὸν
503 2103 530 2165 δὲ
540 2104 708 2185 potiamini
726 2105 753 2163 it
768 2104 857 2183 μέσον.
981 2104 1004 2161 θ’
1020 2103 1174 2183 αἱρήσεσθαι
1196 2105 1238 2164 τὸν
1254 2104 1394 2163 σπουδαῖον
1406 2104 1450 2162 τὸν
1467 2105 1524 2180 μετ’
1536 2106 1646 2185 ἀρετῆς,
1661 2105 1708 2164 εἰτ’
1720 2109 1761 2182 tp·

198 2196 253 2265 Τῆς
266 2192 353 2274 φιλίας
372 2192 394 2251 θ’
411 2183 477 2252 εἰναι
494 2194 616 2273 διαφοράς
632 2190 775 2272 τέσσαρας,
788 2192 938 2272 έταιρικιίν,
981 2190 1122 2269 ἡγεμονίας
1135 2189 1198 2251 ποτὲ
1212 2191 1320 2269 γένοιτο,
1333 2195 1385 2249 τῶν
1397 2197 1494 2273 καιρῶν
1512 2192 1587 2251 αιἰτθν
1600 2193 1762 2271 προαγαγόν-

159 2284 320 2359 συγγενικήν,
333 2280 616 2361 ξενικήν,ἐρωτικήν·εἰ
626 2278 653 2340 δὲ
660 2282 706 2340 καί
717 2280 880 2361 εὖεργετικὴν
895 2280 939 2340 καί
980 2304 1043 2353 των,
1066 2278 1118 2339 ιίτε
1133 2283 1236 2358 βασιλεῖ
1250 2280 1303 2341 iter
1322 2280 1448 2359 συμθιοῶν
1463 2278 1515 2354 ²⁶⁰,
1532 2282 1582 2340 εἴτε
1596 2281 1643 2340 καί
1656 2288 1762 2359 νομοθε-

158 2367 338 2444 θαυμαστικὴν
353 2368 625 2447 συγκαταριθμητέον,
639 2366 717 2445 λόγου
734 2369 782 2427 δεῖ.
801 2368 896 2447 Ἀρχὴν
911 2368 939 2426 δὲ
981 2368 1076 2443 caini
1093 2369 1179 2430 άλλως
1191 2368 1382 2430 πολιτεύεσθαι.
1436 2367 1544 2430 Τούτων
1556 2368 1584 2426 it
1600 2365 1638 2444 μὴ
1657 2369 1758 2447 τυγχά-

19 2536 22 2545 Ι
121 2459 204 2527 met<
212 2455 258 2532 μὲν
273 2458 404 2535 ἑταιρικῆς
416 2446 482 2515 εἶναι
495 2455 542 2526 τὴν
552 2456 699 2533 συνήθειαν,
714 2458 761 2527 τῆς
777 2454 805 2514 δὲ
820 2478 940 2537 συγγινι-
981 2479 1074 2531 νοντα,
1087 2458 1149 2538 πρθς
1162 2457 1345 2535 τθθημοτικθν
1364 2455 1545 2536 τραπησεσθαι
1559 2458 1651 2535 σχῆμα
1666 2456 1762 2531 διαγω-

159 2650 471 2713 miumnequequipamm,
482 2648 677 2713 sedqnirequam
685 2648 937 2712 parrensiuttntuat,
981 2649 1110 2710 amicitiae,
1126 2649 1199 2700 alium
1217 2649 1412 2712 consuetudinis,
1427 2649 1501 2698 alium
1523 2647 1667 2711 utriusque,
1688 2662 1763 2711 quare

81 2780 88 2793 ,
161 2737 233 2800 idque
243 2750 286 2800 pro
297 2738 416 2800 portione,
426 2751 474 2788 non
482 2751 524 2801 pro
537 2750 652 2799 rainnero,
660 2737 756 2801 insuper
767 2736 888 2787 liberalem
897 2750 939 2788 ne·
983 2750 1059 2787 unum
1068 2750 1121 2788 esse
1131 2737 1236 2798 bonum,
1251 2736 1325 2787 alium
1336 2737 1442 2799 maium,
1455 2738 1553 2787 tertium
1568 2736 1683 2786 medium.

159 2838 207 2888 que
217 2825 259 2888 qui
270 2830 359 2875 temera
371 2827 498 2889 μεουιιίαιιι
510 2825 651 2889 profundat,
664 2825 789 2889 nequequi
801 2824 860 2874 nilaii
869 2838 939 2888 pecn-
1013 2826 1131 2876 Amicitiae
1146 2838 1204 2876 raro
1219 2828 1334 2888 quattuor
1348 2837 1398 2875 esse
1410 2824 1518 2887 species,
1529 2824 1657 2885 sodalium,
1670 2837 1759 2886 cogna-

159 2912 206 2964 οἱα
222 2914 311 2975 eroget,
324 2910 367 2962 aad
378 2912 419 2974 qui
431 2910 489 2961 nihil
498 2909 772 2974 lnoonsulleexpendst3
784 2911 815 2962 ad
824 2912 876 2963 trac
887 2924 939 2961 rna·
983 2919 1076 2977 torum,
1090 2914 1229 2978 trospitnm,
1243 2914 1389 2976 ammtium;
1408 2912 1497 2977 qulbus
1519 2926 1579 2964 num
1598 2912 1760 2964 hereticorum

159 3001 298 3065 gnanimum
308 3001 435 3064 nequaqul
449 3013 475 3050 so
484 3000 563 3064 ipsum
576 2999 687 3051 omnibus
702 3001 849 3051 ornamentis
860 3015 939 3064 neque
982 3016 1079 3067 quoque
1097 3005 1122 3053 et
1139 3002 1310 3052 admirantium
1322 2989 1501 3052 annumeranda
1518 3002 1559 3064 sil,
1572 3001 1702 3053 videndum
1718 3007 1761 3051 mi.

159 3087 415 3152 quinulloredignum
422 3088 621 3152 putet,aedquia
632 3088 837 3151 singullsdebitos
843 3089 939 3140 siblio-
983 3092 1104 3154 originem
1121 3093 1202 3141 antem
1213 3090 1302 3140 ducere
1321 3089 1439 3140 sodalium
1456 3090 1585 3140 amicitum
1599 3104 1614 3140 a
1633 3094 1762 3142 constratu·

160 3188 231 3225 noras
238 3187 281 3237 pro
287 3175 377 3224 naerltis
383 3174 464 3225 haberi
470 3176 582 3239 palleatum
591 3174 852 3238 deniqnemagoillourn
858 3189 935 3239 neque
983 3181 1052 3241 dine,
1070 3186 1225 3243 cognatorum
1238 3193 1253 3228 a
1268 3181 1368 3240 natura,
1382 3179 1504 3256 trospitum
1516 3179 1547 3229 ab
1562 3191 1619 3242 nso,
1631 3181 1763 3231 amantium

159 3263 201 3327 qui
212 3267 327 3327 perpetuo
335 3301 343 3326 ,
352 3265 424 3314 ellam
434 3278 509 3329 quum
517 3277 566 3314 non
577 3264 662 3326 decet,
674 3277 753 3328 nequa
761 3266 803 3327 qui
816 3278 938 3329 nunquam
983 3268 1015 3318 ab
1026 3268 1113 3318 ellectu
1122 3305 1129 3330 ,
1139 3267 1299 3318 benedoomm
1313 3266 1426 3329 agretia,
1439 3266 1608 3317 admirantium
1616 3280 1631 3316 a
1640 3267 1762 3318 laenitate.

160 3352 276 3415 nulloque
288 3352 341 3407 loco
352 3352 491 3415 splendidus
503 3352 548 3414 sit,
570 3352 612 3403 sed
629 3352 671 3415 qni
686 3355 823 3415 opportuno
832 3357 940 3417 tompore
983 3360 1076 3407 Verum
1096 3355 1205 3406 omnium
1223 3354 1248 3403 in
1262 3354 1400 3404 universnm
1418 3358 1466 3404 tres
1476 3367 1530 3405 essa
1543 3355 1614 3416 linas,
1625 3355 1762 3414 honestum,

160 3439 312 3490 sitllberalis.
345 3441 403 3490 rato
422 3441 493 3503 igitur
511 3453 563 3491 asse
583 3441 700 3493 virtulum
716 3443 845 3493 moralium
865 3457 941 3506 genus
985 3442 1214 3506 utiie,iucnndum.
1248 3445 1340 3492 ornnes
1359 3442 1422 3491 enirn
1442 3441 1482 3504 qui
1495 3441 1623 3491 amicitiam
1642 3443 1763 3503 utcunque

160 3527 379 3590 perturbationibus
385 3528 517 3578 obnoxium
526 3531 790 3592 atqneemediocritals
798 3534 939 3594 spectatum,
983 3533 1097 3596 expetant
1107 3531 1146 3580 rel
1156 3535 1252 3593 propter
1262 3541 1334 3578 unam
1346 3541 1377 3578 en
1392 3529 1429 3578 lais
1443 3529 1513 3578 rebus
1525 3529 1563 3577 rel
1575 3529 1672 3590 propter
1681 3527 1763 3576 omnin

160 3614 313 3677 quodetiam
327 3618 413 3666 mutuo
425 3617 539 3666 comitatu
555 3622 649 3680 septum
661 3618 707 3680 sit,
723 3632 770 3669 non
781 3621 862 3670 ἰιιιιοιι
872 3619 939 3669 simi·
983 3619 1030 3669 isla
1039 3618 1084 3669 sibi
1096 3617 1225 3681 adiungere
1239 3616 1339 3665 ειιιίαιο.
1357 3615 1461 3664 Primam
1472 3615 1552 3677 igitur,
1567 3616 1678 3675 utsupra
1693 3612 1760 3675 dlxi,

161 3700 225 3762 ilter,
237 3714 312 3763 quum
322 3702 447 3764 prudentia
464 3704 591 3754 virtutibus
603 3704 734 3755 moralibus
745 3718 789 3755 sua
801 3708 888 3756 natura
897 3719 935 3757 co·
984 3720 1037 3758 asae
1045 3706 1175 3756 amicitiam
1186 3714 1241 3765 erga
1258 3715 1283 3752 se
1297 3703 1389 3764 ipsum,
1402 3702 1502 3752 alteram
1513 3705 1594 3750 antem
1605 3712 1661 3761 erga
1677 3711 1762 3762 paren·

161 3799 213 3838 mss
226 3787 361 3850 adhaereat,
381 3791 419 3840 lrre
431 3803 489 3841 raro
498 3791 572 3858 illam³
581 3794 671 3842 lomere
685 3795 710 3843 et
719 3805 774 3844 casn
785 3795 938 3845 comitantur.
984 3799 1039 3858 tes;
1053 3794 1140 3844 deinde
1150 3806 1206 3854 erga
1218 3789 1322 3856 reliquos
1334 3790 1444 3852 deinceps
1454 3792 1507 3840 tum
1516 3787 1645 3836 lamiliaras
1656 3789 1710 3838 tum
1719 3801 1762 3837 cr·

162 3876 210 3934 Qui
223 3878 286 3926 enim
304 3878 383 3940 justus
397 3879 444 3942 stt,
457 3879 559 3930 eundem
575 3893 627 3931 osae
643 3880 802 3944 prudentem,
822 3880 940 3943 siquidem
985 3885 1080 3944 tenear
1097 3879 1197 3942 ideoque
1214 3879 1237 3928 in
1253 3877 1357 3928 amicitia
1376 3888 1431 3938 erpa
1451 3889 1477 3926 re
1491 3876 1569 3938 ipsum
1589 3874 1760 3925 abundantiam

161 3963 215 4014 hmo
232 3965 284 4026 eius
301 3965 385 4018 turmas
403 3968 528 4030 rational,
550 3971 692 4019 nontamen
712 3969 753 4031 qui
771 3969 875 4032 prudens
894 3970 941 4030 sit,
984 3966 1085 4028 amoris,
1098 3965 1228 4027 lnraliquis
1240 3963 1343 4014 colendis
1354 3962 1474 4013 detortum
1485 3960 1764 4024 northmanmam

160 4051 264 4101 eundem
277 4064 320 4101 sua
335 4057 421 4104 natura
436 4067 487 4105 esse
497 4055 605 4116 iustum,
617 4067 703 4106 rernm
717 4055 777 4118 iusti
791 4057 889 4108 nomine
901 4068 941 4106 vo·
985 4053 1061 4103 attera
1075 4065 1113 4104 res
1132 4066 1148 4102 a
1167 4049 1369 4102 calumniantibus
1390 4059 1434 4110 pro
1446 4058 1511 4097 casco
1528 4046 1566 4095 sul
1577 4058 1675 4107 amore,
1689 4045 1764 4095 altera

160 4139 209 4190 cari
226 4139 268 4202 qui
279 4142 303 4190 tn
314 4154 443 4192 commune
457 4142 518 4193 bene
533 4145 558 4193 rt
568 4143 669 4194 honeste
685 4149 748 4206 agat,
761 4143 803 4194 sed
817 4145 883 4194 omni
898 4144 941 4195 de·
985 4155 1028 4204 pro
1042 4140 1185 4205 parsimonia
1196 4139 1322 4189 haheatrrr.

161 4228 311 4278 decumanae
322 4229 448 4280 ιθείίοεεί.
1016 4229 1124 4281 Gratiam
1136 4231 1217 4280 autam
1228 4227 1275 4277 dici
1291 4225 1368 4274 tritius
1374 4223 1454 4273 modis
1466 4222 1506 4273 rel
1514 4219 1658 4272 mustum
1668 4219 1765 4270 alterim

191 4317 328 4368 Allectuum
344 4333 416 4383 porro
434 4321 460 4371 el
472 4323 621 4384 appetituum
640 4323 700 4373 alios
718 4335 771 4374 esse
791 4323 901 4374 Ιιουεείοε
918 4325 942 4373 et
984 4319 1083 4381 jurandi
1098 4331 1171 4368 mnas
1183 4318 1276 4379 datum,
1296 4315 1335 4364 rel
1349 4312 1522 4364 benevolentia
1540 4310 1765 4372 remunerationem,

162 4408 252 4469 rectos,
270 4407 329 4457 alios
352 4420 438 4470 prasos
458 4410 483 4459 et
494 4411 590 4472 turpes,
609 4409 669 4459 alios
681 4409 781 4460 medios.
825 4413 943 4462 lionealns
985 4409 1023 4458 rel
1039 4405 1244 4470 acoeplihenelicli
1258 4403 1406 4454 marronam.
1438 4399 1590 4461 01¹⁸in
1608 4399 1763 4448 [mimum

161 4493 276 4555 onmem,
294 4495 439 4557 amicitiam,
454 4495 568 4559 gratiam:
592 4496 793 4559 indignatinnam,
817 4497 941 4559 pudorem,
985 4492 1080 4544 Gratias
1093 4493 1206 4542 nrortates
1216 4490 1287 4554 vulgo
1296 4489 1423 4540 celebrant
1448 4485 1566 4548 Distingui
1577 4497 1648 4548 porro
1660 4483 1761 4546 padam

162 4581 345 4645 confidentiam,
361 4583 547 4635 misericordiam
557 4601 565 4646 ς
576 4590 658 4648 turpes
668 4592 764 4646 antem,
777 4585 942 4647 invidentiam,
986 4581 1025 4631 vel
1038 4583 1121 4631 forme
1133 4580 1171 4629 tel
1185 4579 1317 4638 wimiis
1332 4589 1380 4640 (1¹¹⁸
1388 4573 1431 4637 (lt¹¹
1442 4573 1562 4622 ⁰¹0⁰¹¹¹¹⁰⁸
1572 4571 1610 4621 '⁰¹
1620 4571 1715 4621 'mum
1724 4571 1762 4619 '⁰¹

163 4669 366 4734 malevolentiam,
376 4671 527 4735 superbiam
537 4673 629 4723 medios
639 4673 741 4736 donique
754 4672 883 4734 tristitiam,
894 4685 943 4724 nra·
985 4669 1082 4732 mallosi
1098 4667 1254 4730 appellantur.
1269 4668 1305 4714 tie
1316 4664 1409 4727 redono
1420 4663 1522 4726 protrom
1536 4659 1613 4708 virum
1630 4659 1706 4708 νίιειιι
1720 4656 1766 4706 iro·

163 4758 224 4818 tum,
237 4758 308 4818 iram,
320 4759 478 4824 voluptatem,
492 4759 655 4823 cupiditatem.
679 4763 715 4810 tta
726 4760 764 4810 tris
775 4761 856 4810 aulem
868 4773 943 4823 quos·
986 4757 1078 4806 uastam
1094 4755 1255 4818 mgramururn
1271 4765 1332 4815 esse,
1342 4754 1511 4814 airatettrpore
1521 4749 1554 4798 sd
1565 4749 1666 4797 litim
1678 4758 1765 4810 imit·

163 4842 219 4893 dam
231 4846 608 4910 omninossseeligendos,alios
618 4847 774 4898 deliniendos.
823 4849 942 4898 caeterum
986 4849 1039 4894 ctus
1048 4844 1213 4906 magistratum
1223 4838 1563 4904 aliquandogeratsirecnm
1576 4835 1765 4898 repensuru-

162 4943 261 4982 omnem
271 4932 384 4984 affectum
397 4933 422 4984 in
430 4935 555 4998 voluptate
569 4947 598 4984 ac
609 4934 690 4986 dolore
699 4935 838 4996 consistere,
852 4937 876 4984 el
886 4935 941 4986 ideo
986 4931 1088 4983 sandnnr
1099 4932 1140 4993 sit,
1149 4931 1201 4980 alre
1211 4931 1276 4992 lepos
1287 4927 1434 4986 sumenda,
1446 4928 1489 4976 aut
1502 4926 1548 4976 alia
1559 4923 1697 4986 reipublicae
1709 4934 1765 4985 pars

163 5017 228 5068 clrca
242 5017 285 5068 tras
296 5032 391 5083 quoquo
402 5022 491 5072 versari
502 5021 604 5073 virtutes
615 5022 726 5071 morales.
755 5020 902 5092 dtpeounla
919 5023 944 5070 et
986 5017 1175 5070 administranda
1189 5019 1230 5067 sit.
1271 5020 1342 5075 Quos
1354 5012 1475 5077 θίςαίθεθε
1488 5012 1575 5076 gradus
1586 5012 1606 5062 si
1618 5024 1665 5060 non
1679 5022 1764 5060 eonse-

164 5103 316 5168 rquplaium
329 5107 493 5170 cupiditatem,
507 5109 565 5160 item
577 5109 688 5159 insanum
699 5120 807 5158 amorem
817 5110 842 5158 et
857 5107 943 5158 similia
986 5110 1086 5171 quatur,
1104 5117 1160 5157 ειιιιι
1171 5106 1210 5156 rel
1230 5105 1344 5168 populare
1358 5100 1630 5165 relcoutempiatirnm,
1646 5099 1686 5151 rel
1700 5098 1765 5162 (ηυοθ

164 5191 261 5243 trabitur
272 5207 323 5244 esse
333 5194 440 5246 diversos
452 5210 467 5246 a
480 5196 551 5248 uitiis.
585 5201 696 5248 amorem
714 5198 794 5247 sutem
805 5209 859 5247 esse
869 5195 942 5246 alium
987 5195 1093 5246 medinm
1103 5195 1166 5246 inter
1182 5197 1314 5255 utrumque
1330 5195 1366 5243 aa
1380 5190 1548 5254 protmsorium
1561 5189 1618 5240 rltre
1630 5201 1705 5252 panna
1716 5186 1764 5238 sle·

272 5290 363 5330 sarnus.
379 5291 452 5331 aus.
465 5293 489 5330 ιι.
1681 5275 1696 5319 t
