3959 5925
550 394 720 467 EJUSQUE
739 346 958 477 ntsctnlttts
979 395 1028 458 tit
1046 399 1360 481 successoribus
1711 428 1750 469 tv

146 544 206 603 que
219 524 398 600 agitarentur
411 523 490 601 (rial
507 545 514 581 :
534 524 639 603 hpollo
654 525 730 603 apud
742 526 930 587 Plutarchum
975 550 1040 587 cum
1066 531 1241 592 lectionibus
1262 531 1342 603 Ἄτας
1365 548 1394 591 et
1414 533 1501 595 Ἄτου.
1524 538 1632 597 Contra
1650 540 1753 601 lleere·

145 616 256 674 dicitur
270 623 360 672 πᾶσαν
381 612 467 692 ἀρχὴν
484 613 529 671 καί
540 616 613 683 τέλος
628 614 778 675 συλλαόεῖν.
797 620 932 695 Superest
975 617 1053 687 nius,
1070 618 1118 678 cui
1139 619 1334 697 astipulantur
1352 621 1527 682 Gaissordus
1540 638 1569 682 et
1582 624 1754 702 lleinelrius,

148 717 182 763 ut
196 703 270 762 illud
287 702 422 762 breviter
436 705 610 779 attingamus
633 704 835 781 fragmentum,
851 705 930 782 quod
975 705 1076 781 priore
1102 707 1167 764 loco
1193 707 1306 773 Ὀνάτας
1333 712 1466 789 scripsit,
1495 715 1657 791 posteriore
1685 737 1751 776 curn

149 794 289 869 quoniam
303 811 319 849 e
332 788 414 848 libro
424 790 461 848 de
473 811 570 851 rerum
592 805 695 850 natura
708 794 830 870 petitum
845 804 931 870 atque
974 793 1099 852 Cantero
1124 793 1236 854 Ὀνότου
1256 798 1397 873 vulgavit.
1417 799 1515 875 Neque
1537 821 1607 860 vero
1632 804 1754 863 dubium

150 884 296 940 aStnbaeo
326 879 383 939 sub
404 878 537 957 Scythini
558 881 677 939 nomine
704 882 853 957 vulgatum
875 894 929 953 est,
975 882 1049 957 quin
1077 886 1215 941 usitatum
1234 883 1345 944 Graecis
1367 907 1473 946 nomen
1498 890 1536 947 sit
1564 888 1678 961 Ὀνήτης
1704 894 1751 951 vel
1784 920 1795 943 ε

152 970 231 1029 inira
258 988 366 1047 ponere
393 988 452 1027 non
480 969 691 1030 dubitabimus.
713 967 776 1027 dam
802 969 929 1047 primurn
976 967 1089 1036 Ὀνάτας
1119 971 1211 1050 (148).
1232 974 1280 1031 -ht
1310 974 1382 1033 mibi
1407 979 1503 1053 potior
1535 980 1651 1038 videtur
1678 980 1755 1039 lam·

151 1060 284 1118 omnium
306 1058 374 1117 satis
388 1070 500 1116 constat
520 1058 622 1135 paucis
643 1058 708 1115 istis
722 1057 822 1116 verbis
846 1070 931 1115 certas
976 1056 1067 1116 blicbi
1090 1079 1178 1136 quam
1202 1060 1310 1119 Stobaei
1335 1066 1567 1123 membranarum
1588 1069 1753 1129 auctoritas.

150 1147 276 1223 alicujus
298 1160 380 1206 sectae
400 1146 610 1225 philosophum
639 1164 697 1204 non
717 1146 809 1222 argui.
833 1146 931 1204 Placet
975 1144 1077 1223 ltaque
1095 1148 1301 1227 philosophum
1322 1152 1409 1209 istum
1428 1154 1553 1212 Onatum
1570 1156 1754 1217 vocarive·

148 1236 227 1293 enim
243 1235 393 1313 sapientiae
409 1234 522 1293 doctori
535 1248 648 1312 tempus
663 1254 722 1292 non
736 1253 799 1292 esse
811 1234 929 1312 triplex,
975 1253 1040 1290 rum
1062 1233 1168 1293 abhoc
1190 1257 1256 1293 cum
1278 1237 1426 1315 plerisque
1446 1241 1520 1299 viris
1541 1241 1635 1301 doctis
1649 1244 1755 1303 distin-

146 1323 342 1398 preteritum,
370 1340 496 1399 praesens
530 1322 726 1391 etluturum,
764 1320 813 1378 sed
838 1342 929 1397 unum
974 1323 1120 1395 guendum
1133 1337 1203 1402 puto
1218 1327 1457 1385 Arnazonicorum
1469 1330 1653 1408 scriptorem,
1669 1352 1754 1408 quem

145 1411 272 1487 ideoque
287 1409 455 1467 aternitatis
480 1408 599 1466 nomine
621 1408 824 1479 alliciendum,
842 1430 928 1486 (ynam
960 1408 1093 1469 Graecus
1109 1410 1260 1470 Theocriti
1282 1414 1424 1491 interpres
1446 1416 1525 1496 (149)
1541 1418 1681 1492 Onatum,
1705 1420 1755 1479 sed

146 1499 228 1558 nulla
242 1513 403 1576 temporum
419 1499 663 1576 ¹circumscriptio
687 1498 832 1556 metiatur.
849 1498 929 1558 Con·
975 1498 1125 1574 Apollonii
1145 1498 1250 1559 llhodii
1273 1516 1422 1562 enarrator
1448 1505 1528 1583 (150)
1550 1508 1677 1567 Onasum
1704 1529 1755 1569 no-

145 1591 231 1647 venit
249 1588 365 1665 quidem
380 1587 446 1645 talis
460 1587 605 1645 sententia
624 1586 656 1643 in
677 1584 854 1643 lleracliturn
881 1586 929 1646 cui
974 1587 1076 1646 minat.

145 1697 243 1735 aevum
262 1688 304 1735 est
322 1677 398 1751 (11.3)
421 1696 494 1750 puer
513 1682 615 1745 jocans
637 1677 806 1748 calculisque
831 1677 930 1731 ludens
1014 1678 1158 1732 Alcmoeon
1174 1675 1267 1752 (τόν),
1283 1674 1482 1751 Crotoniates,
1499 1679 1608 1739 Pirithi
1631 1682 1720 1756 lilius,
1738 1704 1755 1742 a

145 1765 360 1841 earundemque
375 1782 473 1821 rerum
487 1776 515 1821 et
536 1762 670 1820 conditor
684 1775 712 1819 et
725 1780 852 1819 eversor.
872 1762 928 1820 Sed
974 1782 1034 1843 quo
1053 1763 1234 1821 adolescente
1253 1764 1446 1841 Pythagoram
1469 1768 1657 1842 grandaevum
1673 1772 1756 1830 audi·

146 1854 224 1911 idem
247 1853 306 1911 sere
325 1852 414 1910 sentit
433 1852 552 1909 llermes
579 1850 655 1928 apud
678 1849 824 1908 Stobaeum
845 1851 925 1927 (rii)
974 1862 1036 1907 tum
1067 1870 1131 1910 esse
1150 1861 1289 1923 narrant,
1319 1855 1485 1931 composuit
1508 1854 1630 1927 librum,
1648 1858 1685 1915 de
1711 1878 1756 1918 re·

146 1942 245 2018 Eclog.
262 1939 316 2000 lib.
332 1939 345 1997 l
361 1961 423 2018 cap.
437 1962 456 2017 9
471 1961 501 2019 p.
515 1940 572 1997 256
588 1940 634 1997 ed.
652 1940 751 2011 Heer·.,
765 1959 801 1997 ne
817 1939 929 1999 dealiis
973 1958 1039 1995 rum
1056 1952 1160 1997 natura
1175 1940 1210 1998 ad
1227 1940 1413 2016 Brontinum,
1433 1941 1571 2001 leontern
1593 1955 1621 2001 et
1639 1945 1756 2022 Bathyl-

145 2045 256 2090 naturae
287 2030 497 2108 interpretibus
522 2030 627 2105 loquar
651 2047 724 2105 quos
749 2030 868 2103 longum
886 2040 929 2087 est
973 2026 1189 2103 1υυι(ι5α).1υ
1210 2028 1266 2085 hoc
1285 2048 1349 2085 curn
1373 2048 1407 2086 ea
1425 2028 1541 2106 quibus'
1553 2044 1663 2090 naturae
1678 2033 1753 2091 ratio

144 2137 327 2178 enumerare.
342 2116 537 2188 Quamobrem
553 2134 648 2193 neque
671 2134 788 2172 carmen
810 2112 860 2172 hic
879 2135 927 2173 re·
973 2116 1139 2175 continetur
1152 2117 1258 2192 attigit,
1273 2130 1335 2175 tum
1355 2117 1391 2175 de
1412 2119 1558 2177 medicina
1578 2134 1711 2179 accurate
1725 2136 1754 2180 et

91 2272 96 2280 ¹
144 2207 232 2283 quiro
240 2227 296 2285 pro
304 2206 431 2285 pedestri
440 2223 585 2274 sermone,
598 2202 737 2280 qnoniam
754 2201 927 2279 Scythinum
973 2206 1092 2283 copiose
1105 2206 1279 2284 disputavit.
1295 2206 1398 2265 fertur
1422 2221 1517 2265 autem
1540 2209 1653 2286 primus
1666 2210 1755 2269 fnisse

147 2295 296 2353 historiam
321 2313 410 2373 prosa
423 2292 556 2351 oratione
579 2292 779 2369 composuisse
800 2292 926 2364 scimus,
973 2294 1024 2368 qui
1049 2293 1086 2351 de
1105 2294 1156 2351 tali
1178 2306 1350 2373 argumento
1369 2310 1577 2355 commentatus
1596 2298 1633 2355 sit
1659 2297 1752 2375 (153).

145 2402 240 2461 neque
249 2384 342 2449 audeo
353 2402 417 2440 cum
432 2381 574 2439 lleerenio
584 2380 619 2439 de
633 2379 704 2437 font.
718 2379 816 2455 Eclog.
831 2382 927 2457 path
973 2380 1092 2440 Morbos
1116 2384 1197 2439 nasci
1216 2382 1257 2439 ait
1280 2382 1387 2459 partim
1412 2383 1519 2443 caloris
1543 2398 1593 2443 aut
1615 2386 1754 2444 siccitatis

147 2474 243 2530 locum
259 2473 413 2530 alibrariis
425 2482 594 2547 corruptum
606 2466 741 2526 versibus
751 2469 926 2542 exprimere,
973 2468 1166 2542 abundantia,
1183 2470 1291 2548 partim
1309 2470 1440 2529 alimenti
1463 2474 1548 2549 copia
1564 2487 1622 2531 aut·
1634 2475 1752 2553 inopia,

144 2563 278 2637 quamvis
292 2580 327 2619 ea
341 2580 386 2618 res
402 2559 546 2617 facillima
558 2558 595 2615 sit
612 2556 705 2633 (145),
725 2574 819 2632 neque
836 2556 929 2631 magis
973 2559 1020 2618 vel
1033 2559 1118 2635 aquis
1133 2571 1212 2616 certo
1224 2559 1350 2635 quodam
1364 2561 1451 2617 modo
1468 2560 1594 2633 allectis,
1612 2563 1751 2637 regione,

143 2650 262 2729 Ephesii
275 2649 405 2708 hominis
419 2668 505 2725 quarn
521 2647 595 2705 alius
614 2645 763 2723 sapientiae
779 2645 927 2722 professo·
973 2647 1160 2719 lassitudine,
1184 2646 1354 2705 necessitate
1379 2648 1426 2705 vel
1448 2648 1513 2706 aliis
1542 2650 1636 2708 causis
1651 2649 1754 2707 harum

143 2740 185 2798 ris
198 2740 328 2815 vestigiis
339 2736 456 2814 ingredi
475 2736 646 2813 Scythinum
662 2734 813 2793 contendo.
973 2733 1132 2794 similibus.
1150 2735 1206 2792 Eos
1217 2754 1288 2793 vero
1307 2734 1386 2809 (ι54)
1399 2755 1458 2793 non
1466 2756 1580 2813 semper
1590 2751 1681 2796 totum
1691 2760 1754 2798 cor·

185 2830 270 2883 Orati
293 2824 493 2885 Crotoniensis
520 2843 606 2901 quern
632 2824 709 2880 inter
728 2821 927 2898 Pythagoreos
972 2841 1028 2899 pus
1041 2840 1199 2898 occupare,
1224 2820 1275 2878 sed
1298 2821 1443 2880 interdum
1468 2824 1499 2881 in
1521 2824 1656 2901 partibus
1677 2826 1753 2904 ejus,

144 2914 245 2972 retulit
261 2913 438 2972 lamblichus
467 2912 559 2990 (τόδ),
586 2910 718 2969 meminit
744 2908 927 2987 Porphyrius
973 2910 1096 2968 velutin
1111 2909 1310 2986 sanguinevel
1327 2910 1460 2970 medulla
1477 2913 1523 2971 vel
1544 2913 1664 2973 cerebro
1683 2915 1754 2974 insi·

146 3001 225 3080 apud
240 3000 385 3060 Stobaeum
403 3002 484 3082 (147)
500 2999 686 3076 Eclogarum·
698 2997 750 3056 lib.
769 2996 845 3055 lhis
861 3017 926 3056 ver·
971 3000 1041 3057 dere
1055 2999 1136 3057 dicit.
1150 2985 1472 3058 Contra'valetudinem
1491 3002 1571 3076 (155)
1593 3004 1750 3062 sustentari

146 3089 194 3148 bis
211 3090 327 3166 τόμοίως
345 3086 455 3157 Ὀνατος
474 3094 488 3148 ό
512 3087 691 3167 Πυθαγόρειος
713 3085 864 3162 ἐπεμνήσθη
881 3090 927 3144 τοῦ
971 3100 1054 3164 putat
1066 3086 1203 3164 aequabili
1223 3087 1254 3144 vi
1276 3087 1425 3160 humoris,
1442 3089 1595 3160 siccitatis,
1620 3091 1753 3166 frigoris,

144 3201 173 3235 τε
189 3179 349 3257 δημιουργοῦ
366 3177 476 3237 καὶτῶν
492 3177 625 3256 ἑπομένων
641 3174 725 3256 τούτῳ
741 3180 824 3240 θεῶν,
840 3174 924 3252 λέγων
971 3176 1089 3247 caloris,
1097 3176 1310 3248 amaritudinis,
1318 3177 1515 3237 dulcediniset
1523 3179 1754 3257 aliarumhujus·
1781 3168 1787 3180 ⁶

141 3265 235 3334 οὕτως·
256 3267 326 3325 ιτοί
343 3269 366 3326 θ’
380 3267 454 3325 ἄλλοι
474 3265 526 3326 θεοί
546 3265 607 3326 ποτὶ
623 3263 666 3322 τόν
692 3273 789 3342 πρᾶτον
807 3261 863 3320 θεόν
882 3262 927 3320 καλ
972 3263 1170 3336 modirerum,
1181 3284 1303 3341 quarum
1316 3285 1374 3323 una
1387 3267 1413 3324 si
1426 3266 1603 3342 dominetur,
1619 3267 1752 3327 morbum

142 3356 235 3414 νοατόν
251 3353 332 3422 οότως
348 3357 449 3436 ἔρανοι,
462 3353 552 3435 ὥσπερ
563 3352 688 3432 χορευταί
699 3353 761 3410 ποτὶ
773 3355 924 3430 κορυφαῖον,
973 3353 1066 3412 lacere
1075 3355 1176 3414 soleat.
1186 3353 1279 3413 Porro
1290 3354 1389 3412 videre
1400 3355 1480 3431 (156)
1490 3376 1544 3414 nos
1557 3357 1750 3433 perceptisre·

143 3444 189 3502 καὶ
205 3447 365 3522 στρατιῶται
375 3443 435 3502 coel
450 3441 609 3522 στραταγόν.
623 3469 634 3493 ν
649 3441 728 3499 ldem
745 3440 853 3498 dictum
873 3461 923 3498 oc·
971 3441 1024 3501 bus
1039 3442 1193 3520 pellucidis
1204 3444 1312 3502 statuit.
1329 3442 1470 3502 Praeterea
1491 3443 1567 3523 (157)
1583 3445 1614 3501 in
1632 3443 1754 3505 cerebro

145 3535 238 3591 currit
260 3533 292 3590 in
310 3533 445 3608 longiore
466 3531 643 3610 Pythagorei
663 3530 744 3586 illius
765 3527 925 3602 fragmento
971 3532 1060 3589 animi
1084 3532 1283 3609 principatum
1302 3531 1401 3608 posuit
1426 3530 1576 3608 hujusque
1591 3529 1752 3604 beneficis,

145 3619 225 3696 quod
244 3618 374 3678 Stobaeus
399 3619 496 3694 Eclog.
514 3619 567 3677 lib.
592 3616 606 3675 I
629 3616 730 3694 cap.,3
754 3637 784 3693 p.
814 3635 852 3690 9²
875 3616 920 3675 ed.

144 3707 269 3764 nmen·
282 3707 373 3765 affert·
388 3707 517 3782 &them
529 3719 615 3784 capul
627 3703 697 3762 libri
707 3706 806 3805 dedeo
817 3724 851 3758 ⁰⁶
860 3706 925 3759 ‘1⁸⁰'
970 3741 1034 3800 (118)
1048 3737 1182 3788 Herodotus
1194 3737 1235 3786 tib.
1246 3736 1432 3797 vtt,att:ten
1446 3736 1559 3798 θέέτερος
1575 3735 1750 3798 λεγόμενοςλό-
1835 3753 1839 3758 ’

144 3817 205 3852 rum
217 3804 329 3854 numine
342 3797 418 3876 (περὶ
430 3799 488 3852 θεοῦ
496 3793 541 3852 καί
553 3793 638 3870 θείου)
649 3791 727 3870 ιγυοό
741 3792 817 3849 infra
828 3811 924 3850 corre·
969 3827 1026 3870 γης,
1048 3812 1079 3865 ὡς
1101 3809 1198 3865 Ὀνήτης
1215 3825 1240 3856 τε
1258 3810 1271 3856 a
1289 3806 1446 3870 φαναγόρςω,
1471 3808 1528 3869 ἀνὴρ
1545 3807 1675 3869 Καρύστιος
1701 3809 1753 3857 κτλ.

143 3897 221 3942 ctum
251 3870 477 3963 interpretabor.
505 3887 645 3942 Caeterum
669 3899 764 3958 neque
786 3879 822 3937 de
843 3892 925 3937 aetate
970 3876 1207 3936 assentietur,
1229 3881 1293 3936 ²728
1312 3875 1472 3926 ='0t⁰'¹t²vll
1495 3876 1534 3925 riv
1559 3878 1682 3938 θίγινὴτην
1703 3878 1753 3926 κτλ

92 4017 100 4026 .
141 3972 229 4030 Onati
251 3986 362 4032 constat
378 3991 472 4049 neque
487 3970 523 4028 de
537 3969 664 4029 nomine'.
686 3967 798 4026 Etenim
812 3965 924 4044 primus
969 3949 1044 4067 (Μ’,
1058 3949 1179 3996 '‘ems‘'
1206 3946 1349 4008 ¹¹⁰⁸pl¹³¹⁰⁰¹
1382 3944 1497 3995 mmm
1526 3945 1681 4027 mmmm
1709 3959 1753 3995 ’θ’

981 4032 1012 4079 aq.
1030 4019 1075 4066 hit.
1091 4017 1115 4064 et
1130 4020 1179 4064 art.
1197 4018 1258 4064 tom.
1276 4015 1297 4067 V
1318 4031 1341 4074 n.
1368 4017 1446 4076 tsqq.
1467 4017 1601 4076 (Gottingae
1622 4014 1700 4076 1789).
1722 4043 1753 4056 -

140 4059 283 4118 Canterus
304 4059 495 4118 lamblichum
523 4072 638 4116 secutus
663 4057 694 4113 in
718 4053 824 4112 Stobaei
847 4066 924 4153 textu
970 4089 1036 4148 (tin)
1051 4086 1131 4137 smol·
1145 4087 1266 4136 Thomu·
1281 4085 1312 4132 ad
1325 4083 1392 4148 ,dyst
1404 4087 1472 4144 xm.
1489 4089 1528 4134 ,θ’
1546 4115 1574 4125 -
1588 4085 1652 4146 (¹50)
1668 4084 1750 4135 Sem·

141 4148 302 4226 utrobique
323 4149 416 4206 edidit
429 4145 544 4212 ’θνατοτ
570 4159 598 4204 et
622 4143 735 4204 Ὀνᾶτου
760 4163 814 4221 pro
840 4141 921 4199 codr-
968 4160 1047 4221 apert.
1062 4162 1082 4219 r,
1095 4161 1167 4208 1207.
1184 4161 1284 4206 nan-
1297 4155 1694 4218 (1⁵1)ntogenestaernusvttn
1707 4158 1753 4204 ns:

431 4261 433 4266 ·
970 4231 1101 4295 Ἀλκμαίων
1113 4228 1287 4293 Κροτωνιάτης,
1299 4229 1339 4276 καί
1348 4228 1414 4284 οὗτος
1430 4226 1567 4288 Πυθαγόρου
1583 4227 1691 4281 διήκουσε
1702 4227 1752 4273 τιτλ.

968 4300 1229 4361 Ατίε101οΙεε’Μεθορίι.
1251 4303 1299 4356 1.5
1314 4301 1368 4348 :aci
1384 4299 1429 4361 γὰρ
1446 4299 1536 4358 ἐγένετο
1547 4299 1588 4354 τὴν
1605 4295 1697 4353 ἡλικίαν
1708 4294 1754 4345 Ἀλ-

139 4375 242 4438 doneus
258 4374 365 4437 κόσμον,
377 4374 488 4435 decemp
502 4371 571 4434 λύρης
589 4371 628 4419 καὶ
642 4371 718 4425 τόξον.
737 4397 769 4410 ·-
783 4367 847 4431 (111)
858 4367 923 4416 Ptrit.
968 4373 1062 4433 ιμαίων
1077 4373 1114 4421 ἐπὶ
1122 4372 1210 4433 γέροντι
1223 4369 1357 4433 Πυθαγόρᾳ.
1370 4397 1401 4406 -
1411 4370 1476 4428 (ist)
1489 4368 1606 4427 Diogenes
1619 4366 1725 4414 Laenius
1735 4367 1751 4416 t.

139 4447 223 4496 Gtoee.
236 4447 330 4505 Fragm.
345 4445 393 4492 vol.
404 4446 415 4493 l
427 4457 454 4506 p.
467 4441 625 4502 sta-(tis)
637 4443 730 4502 Fragm.
743 4443 782 4500 ti,
799 4451 849 4500 part.
864 4444 922 4487 ³20:
944 4424 946 4483 l
968 4457 989 4491 c.
1001 4462 1006 4490 ι
1018 4442 1046 4501 ἦν
1055 4443 1080 4491 di
1095 4441 1203 4504 Πειρίθου
1216 4439 1275 4501 υίός,
1293 4443 1325 4496 ὡς
1338 4440 1404 4492 αὐτὸς
1419 4439 1568 4502 ἐναρχόμενος
1582 4441 1624 4484 τοῦ
1634 4437 1751 4498 συγγραμ·

140 4518 203 4564 211111
218 4520 273 4572 παῖς
286 4517 336 4564 ὶστῑ
353 4513 456 4573 Militi,
475 4513 601 4562 πεῖτεῦωθ·
623 4507 868 4572 carminantem,
883 4507 923 4556 11111
969 4513 1040 4576 perd:
1058 4525 1136 4572 φησιν·
1151 4512 1281 4571 Ἀλκμαίων
1298 4509 1460 4573 Κροτωνιάτης
1478 4508 1533 4557 τάδε
1547 4509 1620 4565 ἔλεξε,
1639 4508 1749 4570 Πειρίθου

140 4586 193 4634 vid.
209 4584 265 4634 adn.
281 4587 384 4648 -(t-it)
404 4587 504 4634 Hermes
518 4586 533 4633 l.
546 4597 568 4632 e.
580 4603 587 4632 ι
601 4583 625 4638 te
638 4583 683 4645 γὰρ
699 4581 744 4642 οὐχ
758 4582 841 4636 ἔστητε
851 4579 924 4640 ῥοπὴν
944 4578 946 4617 ¹
967 4584 1027 4640 υίός,
1046 4583 1157 4644 Προπίνω
1172 4585 1211 4630 καὶ
1227 4583 1308 4631 Λέοντι
1324 4583 1364 4629 καὶ
1380 4582 1488 4642 Βαθύλλῳ
1504 4582 1553 4628 κτλ.
1570 4605 1601 4614 -
1617 4579 1680 4639 (153)
1694 4579 1751 4626 Din-
1815 4582 1818 4588 '

140 4657 206 4720 ἔχων
221 4658 273 4706 ab&
282 4658 377 4721 κέντρου
391 4658 463 4718 μονὴν
475 4654 570 4719 χρόνος,
589 4659 639 4709 πῶς
650 4653 749 4708 ἐνεστὼς
764 4651 822 4699 εἶναι
836 4649 924 4708 λέγεται
944 4646 946 4747 )
967 4665 1040 4715 genes
1052 4653 1157 4702 Laertius
1167 4653 1182 4701 Ι.
1193 4666 1229 4700 c.:
1240 4653 1279 4699 καὶ
1291 4651 1319 4698 τὰ
1326 4651 1423 4702 πλεῖστά
1430 4664 1455 4709 γε
1462 4649 1553 4711 ἰατρικὰ
1561 4650 1622 4709 λέγει
1631 4685 1637 4706 ,
1647 4649 1711 4708 ὅμως
1723 4648 1749 4696 ὀί

139 4731 155 4776 ὅ
171 4729 230 4790 itali
241 4727 335 4783 ἑστάναι
352 4727 490 4789 δννᾶμεοοῆ
503 4726 542 4774 καί
562 4723 658 4774 πάλ116
674 4721 835 4784 παρεληλυθὼς
849 4719 920 4767 1111νᾶ-
969 4726 1010 4773 ιιαὶ
1025 4724 1157 4784 φυσιολογεῖ
1168 4722 1249 4770 ἐνίοτε.
1266 4726 1337 4770 Δοκεῖ
1354 4720 1378 4769 δὲ
1392 4725 1482 4782 πρῶτος
1498 4721 1594 4781 ρυστκὸν
1607 4720 1677 4773 λόγον
1691 4737 1749 4780 συγ-

138 4815 209 4848 πτων
223 4805 256 4862 τῷ
271 4790 380 4848 ἐνεστῶτι
399 4799 466 4846 καὶό
484 4798 584 4852 ἐνεστὼς
602 4801 636 4858 τῷ
651 4797 754 4858 μέλλοντι
776 4793 807 4847 είς
827 4791 922 4853 γίνεται·
944 4780 946 4799 ¹
969 4795 1120 4856 γεγραφέναι,
1141 4791 1202 4841 κριθαί
1223 4790 1473 4852 pacientissime
1491 4791 1627 4852 παντοδαπῇ
1650 4789 1750 4853 1στορίᾳ.

138 4869 171 4918 οὐ
185 4870 229 4930 γὰρ
240 4871 309 4932 χωρὶς
317 4871 395 4918 αὐτῶν
407 4871 453 4918 eici
467 4874 495 4931 τῆ
505 4869 628 4925 ταυτότητι
644 4869 684 4915 καὶ
700 4872 730 4928 τῇ
739 4864 827 4920 ἑνότητι
839 4864 879 4910 καὶ
894 4867 923 4924 τῇ
969 4865 1080 4913 Clemens
1094 4862 1271 4912 Alexandrinus
1286 4862 1376 4909 strom.
1387 4862 1398 4908 1
1411 4874 1434 4920 ρ.
1451 4862 1530 4909 θοοῦ
1539 4879 1545 4907 ι
1555 4855 1684 4921 Ἀλκρίαίων
1696 4863 1752 4920 γοῦν

136 4941 261 5004 συνεχείᾳ.
272 4941 341 4990 Οὕτω
354 4941 393 4988 καὶ
405 4939 503 5001 συνεχὴς
512 4940 553 4986 καί
568 4939 663 4993 διεστὼς
672 4937 758 4998 γίνεται
769 4934 801 4990 τίς
810 4935 843 4981 ὢν
856 4933 924 4981 καλό
968 4935 1078 4997 Πειρίθου
1107 4931 1268 4993 Κροτωνιάτης
1288 4935 1378 4993 πρῶτος
1402 4931 1500 4993 ρυσιιθν
1524 4931 1593 4991 λόγον
1620 4930 1748 4985 συνέταξεν.

134 5013 213 5067 αὐτὸς
224 5011 314 5074 χρόνος.
330 5013 436 5071 -(115)
454 5007 540 5071 Χρόνος
553 5009 597 5071 γὰρ
612 5007 705 5056 πάντων
718 5010 808 5069 πρῶτον
819 5003 920 5053 ὕστατόν
967 5005 1130 5055 ‘theodoretus
1145 5003 1221 5049 Serm.
1231 5003 1257 5050 1:
1269 4999 1368 5061 Ἀλκμὰν
1385 5001 1399 5048 ό
1410 5001 1517 5062 Πειρίθου
1529 4999 1704 5064 Κροτωνιάτης,
1724 4998 1751 5046 θν

133 5088 161 5138 θ’
175 5089 225 5148 ἅμα
236 5089 287 5136 ης),
967 5075 1059 5138 πρῶτόν
1073 5073 1129 5135 φασί
1143 5072 1193 5133 περὶ
1220 5071 1311 5130 φύσεως
1330 5069 1461 5132 συγγράψαι
1473 5071 1551 5133 λόγον.
1568 5097 1599 5107 -
1610 5071 1675 5134 (151)
1693 5068 1750 5118 Vid.

175 5159 240 5218 (tte)
258 5155 403 5206 lamblichus
426 5156 469 5204 rit.
487 5147 587 5217 Pyilrag.
601 5161 639 5205 ³6.
655 5179 686 5190 —
696 5153 760 5214 (117)
776 5149 923 5212 Porphyrius
943 5208 945 5217 Ι
968 5147 1056 5207 fragm.
1076 5143 1202 5202 1.-(155)
1212 5141 1268 5190 vid.
1281 5140 1364 5202 fragm.
1378 5145 1434 5190 1.-
1444 5141 1513 5205 (ise)
1528 5143 1583 5190 vid.
1596 5143 1681 5202 fragm.
1693 5143 1749 5189 3.-

135 5229 207 5292 ιιρυι]
222 5229 347 5278 stnbaenm
361 5229 440 5290 Eolog.
454 5226 515 5277 tint
529 5239 581 5289 cap.
598 5231 612 5276 t
627 5239 649 5288 ρ.
665 5231 694 5274 50
707 5224 746 5273 ed.
768 5223 869 5272 llecren.
892 5246 924 5310 -ι
942 5220 945 5263 1
968 5219 1035 5281 (157)
1048 5215 1232 5276 vid.iragm.t.
