3959 5925
659 407 699 467 tn
719 404 891 490 rmnuu
912 404 1112 466 ruarouts.
1633 415 1690 468 oro

95 539 180 604 quippe
200 538 277 588 turma
297 537 333 586 est
347 537 487 599 corporibus
500 537 632 587 accidenst
649 536 771 586 utceuset
786 535 869 596 Plato,
914 535 1035 598 iubetque
1045 549 1101 586 curu
1111 534 1220 584 numeris
1231 535 1404 598 cognationem.
1438 537 1690 592 Quaeeuuetaesseu-

96 640 164 690 quam
179 626 218 675 hic
234 625 362 688 specialem
374 624 503 675 essentiam
522 626 668 687 nuncupato
694 627 773 687 etesi
792 624 871 685 imago
913 626 1065 688 tiaeqoidem
1076 627 1212 675 nunaunt:
1228 625 1270 676 sed
1283 625 1353 686 juxta
1366 638 1407 686 ea,
1420 627 1544 687 qumsunl
1558 625 1693 690 habentque

96 718 179 781 speciei
199 728 266 780 purae
284 721 431 778 s'corpore,
445 714 650 776 etintettigibilis,
663 726 736 776 penos
750 726 823 776 quam
835 713 872 762 esi
913 709 1056 775 essentiam,
1078 715 1213 762 versantur.
1246 712 1271 762 si
1291 712 1362 774 igitur
1384 713 1507 775 proprium
1526 719 1563 762 est
1584 715 1694 764 somnitus

96 805 197 867 dignitas
207 801 358 865 exemplaris.
390 802 621 864 lgllurjuxtalrauc
635 801 872 862 turmam,quator·
914 800 1019 850 ricisslm
1031 801 1362 862 contrariasuslinere,idem
1376 803 1456 850 aulem
1470 801 1694 854 troeetlamautmre

97 893 192 941 mantnt
204 902 319 952 corpora,
328 890 427 939 nomios
438 872 491 940 esse
503 889 615 951 imposita
631 889 703 939 rebus
717 901 802 938 rerum
812 889 849 936 est
863 901 870 934 :
914 871 1042 937 smmum
1057 891 1095 937 est
1115 907 1121 938 r
1137 888 1220 950 procul
1234 887 1310 936 dubio
1330 887 1388 936 ullnl
1402 889 1438 937 est
1451 886 1515 936 uliud
1528 888 1610 937 anima
1621 901 1694 950 quam

96 977 199 1027 animam
208 978 290 1024 tamen
298 974 503 1024 cssetormalilem
515 975 577 1024 banc
586 975 699 1037 speciem,
707 974 809 1023 nemost
819 985 872 1021 cou-
915 976 1025 1025 muntia.
1056 977 1127 1025 Certe
1140 975 1284 1038 ridiculum,
1298 973 1321 1023 id
1333 974 1397 1037 quod
1408 978 1491 1038 paret,
1503 977 1576 1037 atque
1584 974 1695 1038 obsequi·

97 1066 166 1116 cedit.
199 1067 251 1114 ltoc
262 1063 351 1125 quippe
366 1063 483 1114 lormatlle
497 1063 540 1122 ur,
555 1065 580 1113 et
594 1063 755 1125 corrumpitur
766 1061 872 1124 corpori·
917 1068 965 1123 tor,
980 1063 1108 1113 esuntiam
1121 1074 1175 1112 esse
1188 1061 1332 1122 concedere,
1342 1062 1433 1112 scilicet
1445 1075 1533 1125 corpus
1546 1081 1552 1112 :
1563 1061 1629 1124 quod
1639 1074 1696 1112 nero

99 1154 143 1201 bus
156 1151 248 1202 mutu
281 1149 559 1200 Auimsveroomuiest
574 1147 816 1210 commententur,
829 1145 873 1195 lu·
918 1150 1064 1211 dominatur,
1080 1152 1103 1200 et
1117 1151 1187 1211 repit,
1205 1163 1291 1212 negare
1302 1151 1327 1199 lu
1343 1151 1478 1200 substantia
1494 1149 1619 1213 positum:
1636 1162 1695 1212 quo·

98 1241 155 1290 bens
169 1239 244 1297 olim,
256 1238 281 1287 et
294 1237 350 1286 ante
370 1235 561 1297 conjugationem
576 1221 698 1298 corporis,
714 1233 873 1284 substantiam
916 1238 983 1287 niam
1006 1237 1075 1287 Plato
1097 1241 1146 1287 lam
1167 1237 1295 1298 dignitate,
1310 1251 1382 1300 quom
1403 1239 1518 1288 uirtutum
1546 1237 1695 1301 prostantis,

98 1319 872 1389 propriam:exstinctisqueanimalibussepsratursiueperpetui·
918 1325 1077 1375 venerabilem
1096 1325 1154 1375 dicit
1172 1339 1225 1376 esse
1244 1325 1366 1385 animam,
1389 1329 1415 1375 el
1439 1325 1508 1388 plane
1529 1326 1637 1388 corporis
1650 1325 1696 1374 do·

98 1407 874 1472 talisincommodorutqusmconstetinaeternosssemotu,quia
918 1415 1017 1463 minam.
1467 1401 1469 1408 ’

98 1500 168 1549 hibe!
181 1499 315 1559 intimum,
331 1494 596 1568 5¹⁰mffl1501¹mtl⁰02⁶l
610 1499 696 1547 mim
709 1509 752 1545 Μ
770 1493 877 1544 motum?
949 1502 1076 1550 ccxxtv.
1093 1502 1124 1549 Et
1133 1500 1262 1550 essentiam
1274 1499 1371 1563 quidem
1385 1513 1436 1550 usse
1447 1501 1552 1550 animam
1565 1500 1601 1550 sic
1612 1500 1698 1564 proba·

98 1586 168 1638 aliud
183 1589 221 1637 est
234 1586 308 1648 igitur
324 1585 420 1656 anima,
433 1589 458 1636 et
478 1585 537 1636 item
553 1584 617 1634 aliud
636 1583 745 1647 specialis
764 1583 875 1634 essentia.
920 1591 968 1646 tur,
980 1584 1128 1646 eandemque
1144 1585 1368 1649 antiquloremesse
1381 1597 1496 1646 corpore,
1507 1597 1551 1634 nec
1563 1587 1590 1634 ut
1605 1585 1696 1634 entele-

97 1673 271 1736 ltcmquebmc
289 1673 428 1741 lintelecbis
441 1673 467 1722 in
483 1673 555 1722 rebus
574 1686 670 1735 quoque
688 1673 802 1733 cernitur,
819 1682 875 1733 quae
917 1673 995 1722 clrism
1027 1685 1133 1724 crescere
1165 1685 1222 1722 cum
1260 1672 1383 1734 conceptis
1414 1672 1562 1730 seminibus,
1591 1683 1697 1736 cumque

98 1763 154 1811 sunt
177 1761 231 1811 siue
248 1761 337 1810 anima.
369 1761 394 1810 si
414 1760 479 1810 enim
501 1762 537 1810 est
553 1760 623 1823 plena
643 1760 760 1823 cuiusque
777 1761 875 1810 seminis
919 1760 1005 1810 iisdem
1025 1759 1231 1822 maturari,etad
1243 1759 1411 1822 perlectionem
1425 1758 1516 1808 venire.
1530 1757 1577 1808 ssd
1589 1758 1645 1821 quia
1655 1758 1698 1808 du·

99 1851 274 1911 conceptusque
283 1847 405 1908 periectlo,
416 1847 457 1909 qui
468 1848 545 1909 magis
559 1847 684 1909 animalia,
695 1861 769 1909 quam
778 1849 873 1912 stirpes,
918 1848 972 1910 pter
984 1849 1088 1899 esseutia
1102 1850 1153 1911 est,
1169 1847 1241 1898 attera
1255 1859 1378 1910 corporee,
1390 1845 1464 1895 altera
1484 1857 1569 1895 carens
1581 1858 1697 1909 corpore,

99 1939 122 1986 el
139 1936 250 1996 arbores,
267 1933 372 1996 legitimo
386 1923 494 1995 tempore
507 1933 628 1996 accipiunt
646 1935 832 1997 perfectionem?
846 1938 876 1986 tt
918 1938 1093 1998 consequenter
1110 1935 1260 1995 docebimus,
1271 1934 1337 1999 quod
1351 1935 1382 1983 sit
1395 1934 1473 1982 anima
1491 1932 1595 1983 essamia
1613 1945 1698 1983 carens

99 2036 156 2073 rero
169 2020 354 2071 animainsolis
369 2020 519 2070 animalibus.
554 2020 645 2070 Deinde
661 2023 773 2084 perfectio
790 2022 876 2072 adultis
920 2037 1028 2087 corpore.
1043 2022 1162 2086 Principio
1175 2023 1240 2085 quod
1251 2035 1323 2072 omno
1333 2034 1420 2083 corpus
1432 2023 1539 2084 penetret
1549 2021 1622 2084 idque
1637 2019 1699 2070 riri-

96 2111 163 2171 jam,
174 2123 230 2171 qum
245 2109 272 2157 iu
290 2113 409 2170 conceptu
426 2111 500 2170 sunt,
518 2108 654 2171 adhibetur,
679 2111 704 2159 et
720 2123 776 2159 cum
791 2110 874 2160 iisdem
921 2111 982 2162 dcet.
995 2111 1123 2174 Proprium
1140 2124 1197 2160 reno
1214 2113 1250 2159 cst
1265 2111 1312 2158 boo
1328 2109 1380 2169 ejus
1400 2111 1506 2171 naturre,
1516 2121 1574 2174 quae
1589 2110 1628 2158 est
1645 2107 1698 2159 sine

99 2197 192 2247 crescb.
223 2199 327 2246 Atuero
342 2196 423 2244 anima
438 2195 491 2245 siue
506 2198 613 2258 ortu,et
627 2197 814 2258 coaeternitate,
827 2210 875 2247 uon
919 2202 1069 2263 corpore,ut
1078 2197 1292 2260 dulcedinis,qnne
1304 2196 1412 2260 pervadit
1427 2195 1538 2260 melleum
1551 2209 1654 2260 corpus;
1670 2198 1698 2245 nt

101 2284 151 2334 siue
168 2286 235 2332 motu
252 2275 480 2345 :quemadmodum
501 2284 642 2347 ἐντελέχειαν
667 2284 806 2334 aristoteles
826 2285 876 2334 tore
919 2287 1062 2348 tuumque
1074 2295 1269 2348 corpusaereum
1282 2287 1397 2348 penetrat.
1429 2283 1522 2334 tiamsi
1535 2284 1586 2333 lrmc
1599 2296 1700 2345 corpora

101 2371 226 2422 contimtur
237 2391 243 2421 r
255 2369 298 2420 scd
310 2371 334 2420 in
348 2372 415 2420 motu
428 2373 553 2433 perpetuo,
566 2357 649 2433 utpote
659 2371 728 2432 cuius
738 2372 876 2421 naturaliter
920 2377 1013 2439 essem,
1027 2377 1056 2424 ut
1069 2374 1181 2437 applicita
1195 2372 1307 2434 corpori,
1320 2371 1358 2422 rel
1376 2370 1467 2433 mixta,
1484 2371 1522 2420 rel
1540 2373 1650 2422 concreta
1660 2371 1699 2420 iu·

99 2462 237 2511 monrsru
256 2462 296 2510 sit
327 2461 505 2522 Proptereaqoe
518 2458 633 2508 diuiditur
645 2459 755 2522 primitus
774 2459 800 2508 in
816 2459 876 2509 durs
922 2463 1065 2512 renireulnr.
1098 2460 1145 2510 sed
1158 2459 1270 2521 applicita
1284 2459 1481 2521 nousuutlnec,
1494 2470 1540 2513 uec
1554 2458 1700 2508 animacor·

99 2549 192 2611 species
211 2564 218 2596 :
236 2546 418 2609 rationabilem,
431 2548 456 2596 et
471 2559 540 2608 earn,
558 2559 589 2596 ex
607 2558 656 2609 qua
675 2549 733 2596 sont
748 2548 875 2610 appetitru.
921 2551 982 2613 pori.
1015 2548 1142 2599 tiecsnirn
1156 2561 1187 2597 es
1201 2545 1357 2610 applicatione
1372 2545 1485 2607 eiusrlta
1498 2544 1593 2607 corpori
1613 2557 1699 2607 provo-

98 2635 190 2685 lteiuds
205 2633 368 2685 subdividitur
388 2635 413 2682 ld
435 2633 589 2697 opinionem,
609 2633 803 2696 intellectumque
824 2649 831 2682 ι
852 2637 877 2684 et
919 2636 970 2696 uit;
985 2636 1028 2686 sed
1043 2636 1099 2698 quia
1116 2635 1197 2685 anima
1220 2647 1261 2697 per
1275 2645 1360 2683 omnen
1372 2645 1398 2683 se
1416 2631 1528 2682 ditinudit
1544 2633 1618 2682 artus.
1650 2633 1700 2682 lieo

99 2719 196 2769 demum
209 2719 232 2769 iu
248 2718 410 2781 iracundiam,
423 2717 622 2781 etcopiditstem.
654 2719 824 2780 alquemsex
837 2719 874 2769 di·
920 2734 979 2772 veru
999 2735 1029 2773 ex
1053 2720 1226 2784 perminimum
1250 2721 1380 2770 nonenim
1401 2722 1465 2769 esset
1482 2732 1558 2768 uuum
1575 2719 1698 2782 quiddam

99 2808 190 2857 vicione
200 2806 326 2870 speciebus
338 2806 438 2869 siugulis
451 2809 507 2870 apia
519 2806 626 2856 membra
634 2841 642 2867 ,
650 2809 764 2870 tauquam
773 2819 875 2870 organa,
919 2811 1012 2871 anima,
1021 2811 1062 2860 sed
1075 2809 1150 2859 mulia
1159 2808 1299 2857 commixta.
1313 2807 1358 2857 sed
1369 2820 1414 2858 nec
1423 2820 1453 2857 ex
1461 2807 1621 2858 concretione.
1639 2809 1699 2858 ttul-

99 2897 157 2944 sunt
172 2895 308 2945 distribuis.
920 2897 970 2948 lum
980 2899 1069 2963 quippe
1078 2911 1166 2962 corpus
1178 2896 1241 2946 aliud
1254 2898 1379 2956 penetrare
1391 2907 1480 2954 coruus
1490 2894 1553 2944 valet
1562 2907 1700 2958 usquequa·

130 2959 261 3034 ccxxlsl.
278 2982 326 3032 Sed
344 2994 376 3032 ne
398 2994 565 3043 praecurrere,
579 2985 604 3030 et
618 2981 737 3044 delibare,
753 2982 878 3031 videamur
921 3001 978 3049 que.
1011 2991 1063 3038 b'on
1077 3000 1133 3049 ergo
1149 2984 1228 3035 anima
1239 2997 1326 3046 corpus
1337 2984 1390 3046 esi,
1401 2982 1438 3032 rel
1448 2996 1589 3045 corporeum
1599 2983 1698 3046 ailquid,

99 3070 229 3133 quianam
251 3082 281 3119 ex
304 3068 410 3119 Platonis
426 3070 560 3132 sententia,
581 3082 699 3132 uouemus
712 3069 803 3133 ipsam,
822 3084 877 3131 nuso
922 3078 949 3125 ut
961 3074 1060 3138 quidam
1075 3075 1183 3137 putauit
1203 3073 1255 3122 siue
1275 3084 1375 3135 corpore
1393 3071 1473 3133 igitur.
1506 3070 1614 3129 Deinde,
1629 3083 1701 3125 omne

98 3155 229 3231 illustrabit
244 3157 346 3219 cuncta,
359 3170 415 3219 quse
434 3157 460 3206 io
479 3156 560 3218 aliqru
580 3157 727 3209 obscuritate
742 3161 876 3225 ¹versantur.
920 3159 1057 3222 corpusrel
1068 3159 1151 3211 intimo
1162 3157 1383 3208 releatcrnomoiu
1396 3160 1700 3221 movetur3qumcxterno,

99 3246 144 3294 est
158 3245 230 3308 igitur
247 3248 349 3307 outmu,
364 3243 432 3305 juxta
452 3244 592 3307 Platonem,
611 3244 763 3295 substantia
785 3258 878 3294 curcua
921 3249 1067 3299 siueanima
1084 3248 1156 3307 sunt,
1176 3259 1232 3310 quoe
1247 3246 1352 3307 interno,
1367 3259 1422 3296 euru
1439 3246 1528 3295 anima.
1561 3248 1661 3310 ltaque,
1680 3247 1700 3295 si

99 3334 406 3395 corporeamque
425 3344 544 3394 morsus,
567 3332 742 3383 rationabilis.
775 3334 805 3382 Et
826 3344 879 3381 caso
922 3350 1010 3400 corpus
1020 3339 1098 3400 osset,
1111 3336 1148 3385 rel
1165 3334 1245 3385 anima
1258 3333 1354 3384 aliunde
1366 3337 1462 3398 sumpla
1474 3336 1591 3396 uteretur,
1601 3334 1640 3385 ret
1649 3334 1701 3383 siue

99 3417 204 3467 ffliffliffl
223 3432 274 3469 ¹⁰⁰¹
289 3419 393 3483 aliquam
410 3420 611 3481 ΜΙΙΙΜΜΜΒῙῙ·
644 3420 728 3469 Μθῖθῑ
743 3420 808 3469 essim
824 3432 879 3468 00¹¹·
923 3427 1003 3476 anima
1011 3429 1085 3475 esset.
1118 3424 1236 3474 Neutrum
1249 3422 1419 3486 pronuborum
1436 3420 1701 3473 rationcmltabetrest

101 3518 160 3568 pus,
176 3506 327 3566 praecedente
336 3507 428 3568 impetu
445 3506 549 3567 quodam
562 3505 672 3557 sensibus
686 3506 799 3556 exulato.
831 3505 879 3557 sed
922 3523 978 3573 ergo
991 3508 1162 3571 sinecorpore.

98 3592 156 3655 quia
176 3598 276 3654 cuncta,
293 3605 350 3654 quae
370 3596 442 3655 sunl,
463 3592 605 3642 dividuntur
619 3594 644 3641 iu
666 3594 749 3644 decem
770 3606 878 3657 genero:
955 3600 1069 3649 ccxxv.
1087 3596 1216 3647 Probatum
1229 3593 1358 3659 qnoquein
1369 3591 1620 3657 superioribus,quod
1631 3594 1699 3642 rtrulu

99 3679 166 3741 quod
179 3678 297 3739 cuiusque
310 3679 403 3740 generis
418 3678 534 3738 suscipiet
550 3680 734 3743 proprietatem,
744 3680 823 3731 cidem
838 3694 879 3742 ge·
924 3685 1024 3745 intimo,
1040 3683 1207 3746 geniriooque,
1220 3683 1355 3742 moueatur,
1368 3682 1392 3730 cl
1404 3692 1434 3729 cx
1446 3679 1582 3741 semetipsa.
1615 3678 1701 3742 Sequi·

99 3766 153 3815 ”0¹1
176 3763 314 3815 mihitur·
347 3765 448 3815 ⁰⁰⁰⁸i⁸¹
464 3777 537 3826 ll⁰rro
550 3765 614 3816 inter
625 3778 708 3816 omues
720 3780 751 3816 ex
768 3767 880 3816 omnibus
924 3778 964 3821 tur
974 3784 1048 3835 ergo,
1068 3772 1095 3819 ut
1106 3770 1179 3819 etiam
1200 3766 1341 3819 immortalis
1357 3767 1404 3827 sit,
1421 3768 1446 3817 et
1460 3766 1513 3816 sine
1533 3765 1583 3815 ulla
1602 3779 1701 3830 genera·

100 3852 227 3913 categoriis
247 3851 371 3914 proprium
392 3853 504 3902 omnum
523 3865 592 3915 esse,
610 3852 732 3916 suscipere
749 3854 881 3904 contrarias
923 3858 997 3909 tione.
1030 3856 1135 3919 simplex
1151 3855 1238 3916 ctiam,
1255 3867 1299 3904 nec
1309 3838 1341 3905 ex
1357 3854 1405 3904 ullo
1416 3853 1596 3916 compositione.

99 3940 223 4003 passiones
243 3940 365 4003 vicisslm3
384 3942 408 3989 ct
423 3953 478 3991 esse
490 3940 698 4004 antiquissimam,
714 3943 881 4006 praenoscique
955 3948 1082 3998 ccxxvi.
1099 3947 1151 3995 tloc
1165 3944 1218 3993 loco
1231 3942 1372 3993 calumniari
1384 3942 1462 3993 solent
1474 3942 1599 4003 homines,
1614 3942 1703 4004 quibus

98 4026 226 4089 emerim
243 4026 345 4077 wittis-
376 4029 410 4077 Ul
430 4028 504 4090 igilur
521 4040 624 4099 wurdt,
646 4030 673 4078 ut
692 4032 753 4093 uuit
766 4030 879 4092 hominis,
925 4035 977 4085 reri
990 4032 1118 4098 indagandi
1133 4032 1325 4083 curanullacst.
1358 4032 1448 4082 Dicunt
1459 4031 1528 4080 enim
1540 4029 1663 4080 l’tatcneru
1678 4030 1703 4079 in

99 4113 204 4164 essentia
211 4118 250 4163 est
258 4114 312 4164 sine
319 4114 668 4179 ulladubitatioue5propterea
676 4117 740 4180 quod
751 4119 881 4168 contrarias
926 4123 1028 4175 Plrrertro
1044 4122 1142 4186 quidem
1156 4134 1278 4181 asserere,
1292 4120 1396 4171 animam
1407 4131 1461 4170 esse
1473 4118 1525 4170 sinc
1542 4117 1592 4171 ulla
1605 4130 1704 4180 compo·

98 4201 224 4263 passiones
240 4201 348 4252 vicissbu
365 4203 487 4266 suscipit:
503 4204 760 4269 ntoegritudinsm,et
776 4208 880 4270 sospita·
925 4213 1024 4276 ullone,
1046 4213 1220 4275 proptereaque
1238 4208 1438 4259 indissolubilem.
1470 4210 1498 4257 tn
1516 4206 1702 4256 limnotamen

100 4294 152 4342 tem
165 4292 399 4355 :turpitudinemet
409 4293 466 4344 item
477 4294 612 4347 decentiam
624 4316 631 4346 :
643 4298 678 4347 sic
689 4298 793 4348 animam
803 4312 881 4349 essen
924 4298 1081 4361 compositam
1092 4310 1142 4347 rem
1155 4295 1262 4346 muirterl
1278 4310 1285 4345 :
1299 4294 1417 4357 siquidem
1438 4292 1510 4343 iaciat
1528 4305 1581 4345 eam
1595 4294 1706 4343 constare

99 4379 159 4428 tiam
178 4392 232 4429 esse
243 4381 327 4443 aperte
344 4380 479 4442 probatur:
499 4383 555 4444 quia
571 4384 623 4434 traco
640 4397 736 4448 quoque
747 4386 880 4436 contrarius
924 4400 955 4437 ex
965 4385 1063 4436 diuidua
1073 4384 1243 4447 individuaque
1252 4382 1395 4444 substantia,
1404 4383 1429 4432 et
1439 4382 1497 4431 item
1505 4379 1599 4433 diuersa
1609 4378 1705 4429 eadem

98 4469 224 4527 passiones
236 4468 343 4519 ulcissim
357 4470 468 4533 suscipit,
489 4476 517 4519 ut
533 4472 667 4534 iustitiam,
677 4474 794 4537 competit
809 4488 880 4538 porro
925 4486 982 4537 que,
996 4474 1042 4523 alia
1052 4474 1138 4523 natura
1151 4472 1271 4521 contianle
1284 4483 1353 4532 eam,
1366 4471 1392 4519 ct
1404 4468 1471 4519 uelut
1485 4468 1664 4530 cosgmcnlaute
1674 4466 1705 4516 ab

96 4552 286 4618 hmccorporsso
297 4556 405 4618 sospitati
418 4575 425 4605 :
438 4560 463 4606 cl
474 4557 532 4607 item
546 4558 774 4623 iniquitatemque
782 4559 880 4610 demum
924 4560 1011 4624 opldco
1030 4563 1091 4610 Deo.
1118 4558 1197 4621 itale,
1213 4572 1242 4608 ac
1257 4557 1437 4618 miserabilium
1454 4555 1590 4609 norrenses
1603 4568 1705 4618 compo·

35 4711 38 4715 Δ
99 4642 216 4705 competit
231 4643 352 4706 corporeis
372 4641 465 4692 morbis
486 4643 571 4693 :ucat
588 4644 760 4707 pulchritudini
783 4647 880 4708 quidem
925 4650 1001 4699 situm
1014 4648 1193 4710 idesso,quod
1207 4660 1238 4697 ex
1252 4646 1334 4709 aliquo
1347 4643 1541 4706 luitiotcmporis
1554 4643 1704 4695 iactnmsltr

98 4730 273 4791 temperantis,
290 4730 432 4793 turpitudini
449 4730 610 4791 interamnem
629 4732 761 4783 tortitudini
782 4734 879 4796 quidem
924 4738 952 4786 ut
965 4736 1063 4797 navim,
1079 4736 1104 4785 et
1121 4734 1220 4784 domum
1236 4753 1244 4785 ι
1259 4732 1372 4797 quiddam
1386 4744 1458 4793 vero,
1470 4730 1534 4793 quod
1546 4732 1705 4793 composllum

96 4816 298 4880 magnanimitas,
318 4818 477 4869 imbecillitati
497 4832 572 4883 porro
592 4819 722 4881 timiditas,
735 4823 761 4871 cl
778 4821 879 4883 ignaris.
925 4823 1023 4886 quidem
1033 4836 1081 4873 non
1089 4804 1131 4884 sit,
1139 4822 1226 4872 lrabeat
1234 4823 1314 4872 tamm
1322 4820 1440 4869 rationem
1449 4818 1639 4881 compositionis,
1647 4820 1674 4868 ul
1681 4817 1705 4867 in

97 4905 132 4953 st
152 4903 253 4954 omuino
269 4904 334 4955 bona
352 4906 452 4969 quidem
472 4907 581 4970 corporis
594 4906 708 4958 valetudo
728 4912 882 4973 comparatur
926 4910 1018 4961 musica
1030 4909 1188 4973 symphonia,
1204 4908 1313 4970 quaeror&
1324 4906 1445 4968 τεσσάρων
1464 4907 1582 4957 vocatur:
1604 4908 1628 4956 et
1646 4906 1705 4958 item

99 4991 191 5043 enimse
203 4991 275 5042 bonae
288 4992 431 5057 ualetudini,
444 4995 588 5057 qurertrtus
601 4998 645 5046 est.
680 4997 743 5047 tiata
761 5009 881 5048 rerocor-
924 5000 1070 5061 geometrica
1083 4997 1241 5048 theoremata.
1283 4994 1396 5046 Similiter
1408 4995 1480 5045 etiam
1493 4996 1631 5057 generatum
1649 4994 1704 5056 qni·
1794 4996 1801 5004 '

94 5081 168 5143 ports
185 5081 298 5133 ualetudo
317 5082 450 5134 vitiositati.
481 5084 572 5136 Modo
585 5085 681 5147 anima,
694 5086 759 5136 sicut
771 5087 797 5136 iu
810 5100 882 5151 supe·
926 5086 997 5149 dem,
1010 5084 1076 5148 qnod
1089 5097 1119 5135 ex
1132 5084 1213 5148 aliquo
1225 5082 1340 5147 temporis
1354 5081 1422 5132 initio
1433 5085 1516 5132 nalum
1530 5081 1651 5131 tadumve
1664 5079 1704 5142 sit,

76 5167 203 5246 ¹rioribus
220 5169 336 5233 comittit,
346 5170 468 5221 modulata
485 5174 536 5236 est,
549 5174 674 5236 positaque
693 5174 718 5225 in
737 5178 805 5227 mdo
824 5188 882 5239 suo,
925 5178 953 5227 ut
967 5177 1081 5227 statuam.
1114 5173 1267 5226 Porroaliud
1280 5171 1704 5249 esse,longequedirsrsum,quod
