3959 5925
781 383 820 444 IN
841 384 1012 444 TIMAEUM
1034 384 1233 446 PLthlNlS.
1278 375 1280 380 ⁸
1747 407 1805 458 2³7

172 513 176 520 ’
236 525 326 573 chll.
340 524 422 582 ltaque
429 517 563 581 principalis
574 518 661 566 animae
670 518 749 565 motus
758 514 984 578 definitur,aeterno
1030 517 1117 566 tionem
1131 517 1264 566 divinarum
1277 533 1355 568 rerum
1369 523 1393 570 et
1402 520 1573 572 immortalium
1586 525 1715 578 noniinata.
1728 529 1807 578 Actus

203 607 535 670 ur'tssontta,senertpaan
551 617 663 653 moreris.
698 603 745 653 llic
758 616 815 653 vero
834 605 983 664 communis,
1030 616 1103 666 nero,
1116 605 1156 666 qni
1166 605 1237 666 justu
1251 607 1397 657 rationabilis
1408 609 1495 658 animae
1506 609 1702 664 deliberationem
1713 629 1807 679 progre-

135 731 140 740 ·
204 707 247 765 qul
261 702 502 761 commotnsmcrst,
516 699 622 761 operatio
638 696 761 746 moventis
776 702 813 741 est
832 694 857 741 in
876 691 982 754 eoquod
1029 687 1094 738 ditur
1107 691 1130 739 in
1142 691 1238 740 tuendis
1250 693 1467 757 conservandisque
1478 695 1550 745 rebus
1561 698 1711 750 mortalibus.
1746 704 1808 753 Utri-

204 793 326 848 mosetur,
339 792 368 838 nt
388 787 462 836 sectio
479 787 587 849 operatio
605 784 706 834 secantis
718 783 743 833 in
755 796 784 833 eo
798 782 863 844 qnod
880 782 982 841 secatur.
1029 781 1174 839 quenulam
1196 779 1328 830 ciliciorum
1348 783 1427 844 generi
1447 783 1514 833 risus
1535 787 1572 835 est
1592 789 1756 851 necessarius,
1779 803 1809 840 ac

98 899 105 924 ,
203 877 278 938 cujus
293 875 391 938 quidem
405 876 485 924 motus
502 873 595 936 aliquot
606 871 757 920 diversitates
778 872 921 932 sunt,quas
938 867 981 916 de·
1029 864 1133 926 primum
1145 867 1339 918 considerationi.
1373 868 1493 918 Dividitur
1511 873 1646 932 porrolnec
1661 873 1808 925 trifariamin

202 963 349 1014 monstrarit
360 963 384 1011 in
396 961 509 1023 Legibus,
521 965 577 1010 octo
590 959 706 1022 corporis,
720 957 807 1007 animas
819 955 887 1005 duas.
921 958 982 1005 Cor·
1029 953 1179 1016 theologiam,
1196 958 1221 1005 ct
1234 955 1290 1006 item
1303 959 1395 1007 naturae
1407 957 1605 1022 sciscitationem,
1618 963 1809 1026 praestanquue

202 1065 303 1116 porenm
317 1053 427 1112 motrrm,
443 1050 572 1100 locutorem
583 1061 691 1105 vocans,
708 1046 778 1107 cujus
791 1045 846 1093 dnae
860 1043 915 1093 sunt
926 1055 981 1104 spe·

201 1142 250 1192 cies
272 1139 432 1200 :translatio,
458 1140 484 1187 et
514 1135 671 1187 circumlatio.
705 1137 764 1184 item
794 1132 884 1191 alium,
909 1143 980 1193 quem

202 1228 304 1291 appellat
316 1226 470 1289 qualitatem,
485 1229 559 1285 atque
578 1224 602 1272 in
615 1222 705 1285 duplici
720 1220 815 1283 specie,
830 1218 982 1268 concretione

201 1318 225 1365 ct
244 1314 394 1363 discretione.
428 1312 551 1370 Tertium,
576 1323 647 1372 qoem
677 1309 782 1370 positum
805 1320 859 1355 esse
879 1306 938 1355 dicit
956 1305 980 1353 in

200 1404 349 1468 quantitate,
366 1401 493 1454 liabeutem
507 1399 568 1449 duas
581 1399 673 1461 species
684 1398 875 1458 incrementum,
889 1395 981 1446 etitem

200 1492 397 1542 deminutionem.
430 1491 547 1549 Quartum
570 1489 638 1548 insta
658 1486 802 1555 essentiam,
824 1487 894 1546 culus
912 1496 981 1546 reque

177 1627 185 1650 x
200 1565 257 1630 dnae
269 1579 362 1640 species
375 1576 548 1638 intelliguntur,
559 1589 607 1624 nna
621 1575 756 1637 genoratio,
769 1573 844 1623 altera
855 1571 976 1622 interitus.

201 1666 294 1716 Animas
310 1664 368 1714 item
380 1662 467 1725 duplex
482 1664 579 1722 motus,
592 1674 656 1710 unns
671 1660 715 1722 qui
726 1659 771 1708 alia
790 1659 885 1718 motet,
898 1658 949 1720 ipse
965 1670 980 1706 a

200 1754 267 1803 nullo
279 1755 399 1813 moretur,
411 1750 453 1799 sed
465 1749 562 1812 pmprio
574 1749 725 1810 genuinoque
734 1751 811 1796 motu.
844 1746 925 1807 Alius,
938 1744 980 1808 qui

200 1840 246 1890 alia
259 1851 359 1890 movens
372 1836 403 1887 ab
420 1837 467 1885 alio
493 1837 612 1896 moretur,
635 1835 675 1897 qni
696 1837 734 1884 est
757 1832 861 1894 patibilis
883 1832 980 1882 babitus

200 1927 299 1987 aninam,
315 1926 341 1976 et
352 1924 492 1986 egritudine
503 1936 639 1986 oppressus.

230 2016 332 2064 chltl.
349 2015 424 2062 ltecte
438 2012 510 2073 igitur
527 2011 703 2060 iaciat·amator
718 2008 857 2072 sapientiam
876 2008 907 2070 si,
924 2021 979 2058 cnm

198 2101 229 2152 de
241 2102 277 2150 bis
291 2100 363 2151 rebus
375 2099 525 2149 tractandum
538 2098 598 2158 erit,
614 2097 747 2148 naturalem
762 2097 870 2146 ordinem
883 2098 978 2154 servet,

198 2201 227 2238 sc
241 2188 349 2251 principe
360 2188 416 2236 loco
429 2185 460 2237 de
472 2186 553 2235 anima
564 2185 681 2247 disserat,
698 2187 753 2248 post
765 2185 863 2234 demum
881 2183 911 2234 de
923 2198 976 2233 mr·

198 2289 264 2340 pore
297 2275 405 2336 Deinde,
427 2287 483 2325 cum
503 2275 534 2323 de
556 2275 636 2322 anima
657 2272 781 2331 tractabit,
802 2272 832 2322 de
848 2273 889 2321 illa
911 2273 978 2334 prins

198 2363 314 2425 disserat,
326 2377 383 2426 quaa
396 2368 446 2413 tam
467 2362 620 2424 semetipsam
643 2363 724 2411 moret
743 2370 817 2423 qnam
836 2363 935 2418 caetera,
953 2360 978 2409 in

197 2464 245 2512 qua
255 2455 293 2501 est
305 2450 343 2500 ris
356 2449 516 2509 deliberandi,
529 2451 554 2499 el
565 2447 710 2511 intelligendi
719 2485 726 2511 ,
735 2434 793 2498 tnnc
805 2435 978 2510 consequenter

201 2540 266 2590 illam
282 2553 378 2603 qnoque
390 2539 508 2600 tractabit,
522 2552 576 2602 quse
588 2539 619 2588 ab
630 2538 675 2588 alia
687 2551 713 2586 re
725 2536 813 2600 potiore
829 2539 894 2584 moto
908 2547 976 2597 qnan-

197 2630 253 2679 dam
262 2630 351 2679 moret.
388 2627 417 2678 ld
429 2642 501 2692 porro
513 2635 593 2676 motus
607 2640 697 2692 genus,

224 2717 300 2767 ,Ὅσαι
312 2717 371 2779 μετὰ
383 2721 425 2765 νοῦ
438 2717 516 2764 καλῶν
531 2715 641 2775 κάγαθῶν
653 2711 804 2775 δημιουργοί,
814 2711 854 2759 καὶ
866 2710 921 2759 ὅσαι
930 2725 974 2772 για-

133 2853 140 2865 ,
198 2805 306 2852 sudrinas
317 2803 448 2866 φρονήσεως
459 2802 487 2850 τὸ
498 2801 569 2862 τυχὸν
578 2800 678 2848 ἄτακτον
690 2800 801 2848 ἑκάστοτε
810 2798 974 2861 ἐξεργάζονται.

228 2892 275 2939 Καὶ
289 2892 317 2950 δὴ
330 2890 392 2940 κατὰ
404 2894 479 2938 ταῦτα
489 2890 530 2937 καὶ
544 2892 601 2950 ἡμῖν
611 2889 692 2936 λεκτέα
704 2889 745 2950 μὲν
760 2887 878 2950 ἀμφότερα
886 2886 916 2933 τὰ
925 2890 972 2933 τῶν

196 2979 277 3026 αἰτιῶν
286 2978 350 3038 γένη.

227 3066 254 3112 si
270 3062 375 3126 quidem
390 3063 485 3125 parent
501 3060 664 3119 intellectui,
683 3062 734 3109 erit
747 3058 917 3121 atiquatenus
933 3072 974 3108 or-

195 3151 325 3201 dinatum.
358 3152 497 3209 siminus,
513 3152 624 3210 temere,
636 3148 758 3210 inquitet
769 3151 802 3197 ut
817 3146 878 3197 libet
887 3160 915 3196 se
930 3160 973 3197 ex·

194 3249 296 3299 sucus,
314 3236 425 3299 consessa
444 3240 472 3288 et
490 3236 664 3297 inordinato,
683 3248 740 3299 qum
760 3238 816 3297 nqit
834 3235 971 3298 relinquit.

193 3329 224 3378 et
237 3327 326 3378 addit:
603 3379 605 3382 ,

222 3418 300 3468 ltodis
320 3429 423 3483 quoque
436 3419 518 3479 icitur
528 3418 556 3467 in
571 3414 680 3466 culidem
690 3413 796 3465 modurn
805 3413 972 3476 jaciendum,

192 3516 220 3553 ac
234 3506 301 3567 prius
315 3503 346 3553 dc
362 3517 390 3553 ea
406 3502 553 3565 loquendum
565 3509 665 3562 natura,
679 3515 735 3564 qum
746 3514 791 3565 suo
803 3503 869 3551 motu
887 3515 972 3551 rnore-

192 3592 247 3641 tm:
258 3592 311 3640 lraec
323 3591 418 3653 quidem
429 3591 540 3652 praecedit
550 3590 633 3640 ordine
642 3604 650 3638 s
659 3603 701 3651 per
712 3603 785 3652 qnam
797 3590 971 3651 intelliguntur,

1028 1040 1100 1090 etiam
1116 1041 1215 1091 rationis
1231 1043 1364 1094 scientiam.
1397 1048 1479 1108 Neque
1500 1045 1563 1096 enim
1584 1047 1711 1110 quisquam
1732 1053 1808 1100 Deum

1028 1133 1160 1192 quaereret,
1173 1137 1214 1180 aut
1230 1131 1260 1180 sd
1273 1133 1385 1194 pietatem
1399 1134 1529 1197 aspiraret,
1542 1135 1606 1197 qnod
1623 1139 1660 1186 est
1675 1136 1809 1201 theotoniae

1029 1219 1169 1279 proprium:
1186 1232 1230 1268 uec
1245 1219 1339 1270 veroid
1352 1221 1446 1283 ipsum,
1460 1223 1524 1284 quod
1538 1235 1602 1272 nnnc
1619 1224 1724 1286 agimus,
1737 1239 1808 1287 agen·
1819 1283 1830 1302 ‘

1027 1304 1085 1354 dum
1100 1309 1208 1368 putaret,
1223 1306 1268 1356 nisi
1278 1308 1345 1370 prius
1356 1308 1418 1358 cralo
1430 1308 1599 1372 sideribusque
1613 1311 1680 1374 risis,
1692 1317 1716 1363 et
1728 1327 1809 1365 amore

1026 1392 1117 1442 nutrito
1133 1395 1223 1443 sciendi
1239 1408 1319 1444 rerum
1336 1409 1435 1457 causas,
1456 1411 1540 1446 eorrrm
1561 1398 1649 1461 etiam,
1660 1413 1715 1462 quas
1729 1405 1808 1452 ortum

1028 1480 1116 1531 liabent
1133 1483 1318 1546 temporarium,
1334 1483 1440 1534 exordia.
1473 1488 1533 1535 ltaec
1551 1486 1642 1549 quippe
1659 1488 1756 1539 demum
1778 1491 1807 1540 ad

1027 1569 1160 1618 naturalem
1175 1570 1293 1632 pertinent
1307 1573 1473 1632 quoestionem.
1507 1557 1665 1637 Quidt'quod
1678 1575 1770 1626 dierum
1784 1581 1809 1628 et

1025 1656 1132 1705 noctium
1147 1657 1200 1706 rice
1218 1658 1369 1708 considerata
1390 1671 1503 1724 menses,
1525 1664 1549 1711 et
1562 1663 1635 1723 anni,
1653 1666 1677 1714 et
1695 1664 1808 1716 liorsmm

1025 1744 1161 1807 curricula,
1175 1744 1323 1795 dinumerata
1334 1749 1406 1809 sunt;
1418 1748 1560 1811 numerique
1570 1752 1652 1812 ortus,
1665 1753 1689 1801 ct
1700 1755 1808 1814 genitura

1024 1830 1196 1896 dimensionis,
1207 1833 1363 1884 introducta?
1375 1835 1446 1891 Quod
1460 1836 1491 1885 ad
1504 1840 1610 1888 tertium
1625 1845 1715 1902 partem
1730 1841 1806 1903 pliito·

1026 1919 1116 1981 sophiae
1131 1920 1248 1982 pertinere
1264 1921 1416 1983 perspicuum
1435 1925 1480 1974 est.

1056 2008 1183 2058 cccxlii.
1201 2011 1231 2058 nt
1247 2023 1303 2058 rero
1314 2012 1420 2060 actuosae
1438 2010 1596 2074 philosophias
1609 2013 1677 2062 risus
1689 2016 1807 2077 quatenns

1024 2095 1055 2144 sit
1067 2095 1131 2145 utilis
1144 2101 1168 2145 et
1179 2097 1326 2146 necessarios
1335 2133 1342 2158 ‚
1352 2097 1424 2147 docet
1437 2099 1469 2148 ita
1483 2098 1565 2148 dicens
1578 2118 1584 2148 :

1056 2185 1212 2246 Δωρὴσασθαι
1231 2185 1285 2248 ὄψιν
1294 2223 1302 2247 ,
1312 2187 1351 2234 ἵνα
1364 2186 1405 2242 τὰς
1419 2187 1442 2236 ἐν
1457 2187 1548 2250 οὐρανῷ
1560 2193 1602 2237 τοῦ
1616 2193 1656 2237 νοῦ
1673 2188 1805 2244 κατιδόντες

1024 2269 1156 2332 περιόδους,
1171 2271 1317 2334 χρησαίμεθα
1330 2272 1367 2320 ἐπὶ
1381 2273 1423 2329 τὰς
1437 2274 1559 2338 περιφορὰς
1573 2274 1614 2330 τὰς
1623 2280 1664 2334 τῆς
1678 2273 1732 2338 παρ’
1746 2278 1803 2336 ἡμῖν

1024 2357 1178 2418 διαναήσεως,
1201 2363 1318 2420 συγγενεῖς
1339 2359 1437 2417 ἐκείναις
1453 2361 1537 2424 οὔσας,
1553 2361 1690 2424 ἀναιμάκτοις
1713 2379 1806 2426 resupn-

1024 2446 1118 2506 γγιένας.

1056 2537 1138 2582 Dotem
1152 2535 1241 2583 ocrrtos
1255 2534 1404 2584 bominibus
1421 2535 1519 2586 ideirco
1535 2535 1650 2597 dedisse,
1660 2542 1691 2588 ut
1712 2543 1805 2588 mentis

1021 2623 1243 2686 providentiaque
1254 2626 1397 2685 circuitus,
1408 2627 1452 2688 qut
1463 2623 1532 2685 fiunt
1546 2628 1572 2675 in
1588 2627 1664 2688 creto,
1675 2631 1803 2690 notantes,

1021 2723 1111 2761 corum
1121 2711 1218 2761 similes
1231 2693 1420 2762 constituerent
1431 2715 1459 2762 in
1476 2716 1531 2762 suis
1549 2714 1693 2775 mentibus,
1704 2715 1752 2765 loe
1766 2719 1804 2766 est

1021 2800 1106 2846 motus
1124 2800 1223 2860 antini,
1239 2800 1287 2860 qut
1300 2797 1502 2850 deliberationes
1516 2803 1653 2860 vocantur,
1669 2814 1750 2866 quom
1767 2805 1804 2852 st·

1020 2885 1148 2934 mittimus
1166 2887 1335 2936 instituerent
1348 2885 1442 2936 diuino
1453 2891 1546 2938 meritis
1560 2887 1675 2949 providis
1692 2890 1804 2940 motibus

1017 2971 1134 3035 placidis
1149 2972 1367 3037 tranquillisque,
1376 2974 1545 3035 pertentatus
1562 2973 1631 3025 ticet.

1020 3060 1091 3117 Quod
1110 3062 1147 3109 est
1163 3073 1259 3110 morum
1274 3062 1380 3123 vitaeque
1392 3062 1523 3123 correctio,
1539 3076 1594 3125 quae
1609 3063 1703 3125 publice
1720 3064 1803 3125 prirn-

1019 3148 1112 3209 simque
1128 3148 1239 3210 prodest,
1259 3152 1308 3197 taur
1327 3150 1357 3199 ad
1377 3148 1535 3210 domesticas,
1549 3163 1623 3212 quarn
1641 3150 1677 3199 ad
1696 3150 1802 3211 {sublicas

1019 3249 1056 3284 res
1076 3241 1142 3285 recle
1161 3234 1334 3299 salubriterque
1353 3236 1562 3287 administrandas.
1596 3240 1632 3286 lix
1652 3238 1689 3287 lris
1709 3238 1798 3301 quippe
1834 3302 1837 3309 ¹

1017 3326 1110 3372 constat
1122 3323 1223 3373 alterum
1245 3324 1402 3387 plrilosoptiim
1419 3338 1508 3388 genus,
1526 3326 1592 3388 quod
1608 3328 1732 3377 actuosum
1755 3340 1799 3376 νο-

1008 3412 1093 3459 ἀιιινα
1125 3411 1151 3460 ld
1168 3424 1240 3473 porro
1249 3410 1364 3460 dividitur
1378 3412 1506 3473 trifariam,
1520 3414 1543 3461 in
1555 3414 1687 3473 moralem,
1701 3414 1798 3465 domes·

1016 3498 1104 3579 ticam,
1120 3498 1247 3561 publicam.
1281 3498 1373 3556 Quibus
1387 3500 1498 3556 omnibus
1511 3500 1594 3549 officiis
1610 3501 1708 3563 prodest
1720 3504 1800 3551 certus

1012 3576 1076 3635 ‘usus
1091 3587 1200 3636 uidendi.

160 3712 164 3717 a
192 3681 217 3726 et
237 3678 355 3739 sciuntur,
371 3681 461 3726 retem
476 3689 493 3719 τ·
507 3690 563 3739 quae
583 3678 632 3726 sola
659 3689 801 3739 semperque
824 3690 880 3726 rere
900 3678 971 3736 sunt,
1048 3679 1173 3727 chlllV.
1190 3678 1309 3738 ltinoro,
1329 3675 1418 3738 inquit,
1432 3674 1489 3724 otio
1507 3679 1648 3738 pretereo,
1667 3676 1799 3728 scilicetea

192 3767 261 3815 Tunc
272 3764 369 3815 demum
376 3764 416 3814 itta
428 3777 525 3827 qnoque
538 3765 583 3813 alia
596 3765 799 3826 demonstranda,
809 3780 863 3827 qum
875 3765 907 3814 ad
917 3778 971 3814 mc·
1017 3776 1072 3825 quae
1081 3764 1106 3812 in
1119 3762 1192 3811 variis
1205 3762 1296 3813 artibus
1304 3760 1484 3823 disciplinisque
1496 3764 1631 3812 versantur.
1642 3766 1726 3825 Neque
1733 3764 1797 3813 enim

192 3852 299 3903 rendum
310 3850 461 3915 quid‚motn
471 3851 563 3911 indiget
574 3852 665 3900 alieno.
701 3852 802 3913 Utrique
813 3864 883 3914 porro
894 3853 970 3902 motui
1017 3852 1114 3900 navium
1134 3851 1255 3913 regimen,
1270 3862 1348 3911 neque
1366 3847 1449 3897 cultus
1467 3862 1595 3911 agrorum,
1609 3864 1653 3900 nec
1671 3865 1729 3902 sero
1747 3853 1797 3915 pin·

191 3954 276 3991 sensus
294 3939 422 3990 amassarii
438 3941 510 4002 snut,
530 3938 643 4000 quoniam
657 3951 686 3988 es
708 3939 746 3987 iris
763 3941 813 3988 tarn
827 3939 971 4002 cupiditates
1016 3938 1085 4001 gendi
1096 3937 1244 4000 fingendique
1257 3937 1361 3987 sollertia
1371 3938 1435 3987 reete
1446 3938 1499 3986 sine
1510 3938 1562 3987 risu
1572 3940 1694 4001 proprium
1705 3940 1798 3990 elicere

190 4028 325 4078 excitantur
336 4026 466 4090 improbo,
479 4040 553 4090 quam
568 4039 648 4076 rernm
664 4026 807 4089 optimamm
821 4026 969 4088 intellectus,
1015 4039 1075 4089 opus
1096 4027 1191 4087 posset,
1204 4025 1302 4089 solaque
1319 4018 1492 4088 contemplatio
1507 4028 1559 4087 est,
1574 4040 1629 4089 quse
1644 4032 1736 4077 mentes
1753 4028 1798 4079 lio·

190 4118 214 4165 et
224 4116 339 4177 scientia,
353 4116 505 4165 convalescit.
1015 4116 1107 4161 rnlnum
1124 4112 1245 4175 usquead
1267 4112 1321 4162 coeli
1340 4126 1448 4162 convexa
1469 4112 1583 4176 protelat.
1619 4116 1797 4179 Propteresque

220 4201 258 4251 Τὰ
272 4201 313 4263 μὲν
330 4200 371 4250 niis
382 4207 429 4250 τῶν
443 4201 556 4263 ὀμμάτων
571 4198 723 4263 monestere
736 4203 832 4265 αρδςτὸ
845 4209 912 4267 σχεῖν
927 4205 969 4262 τὴν
1015 4209 1169 4266 anaxagoras
1187 4216 1243 4252 crim
1269 4202 1299 4252 ab
1324 4216 1353 4251 eo
1375 4206 1532 4265 quaereretur,
1558 4216 1602 4252 cur
1625 4206 1695 4254 uatus
1717 4208 1796 4267 esset,

190 4288 286 4348 δύναμιν
297 4289 326 4348 ἣν
338 4294 378 4338 νῦν
392 4290 616 4352 anquatenus.
648 4290 717 4339 Τδδὲ
730 4292 838 4352 μέγιστον
848 4295 926 4340 αὐτῶν
936 4294 968 4347 εἰς
1013 4294 1110 4342 ostenso
1123 4291 1526 4355 cmlo,sideribusquemonstratis
1539 4292 1689 4355 respondisse
1702 4294 1795 4345 lertur:

188 4377 301 4439 ὼφιδειαν
321 4376 399 4439 ἔργον,
415 4377 479 4426 διδ
504 4378 553 4433 θεὸς
585 4376 636 4426 αὕθ’
662 4379 718 4440 ἡμῖν
742 4378 885 4443 δεδώρηται,
909 4382 967 4441 μετὰ
1012 4381 1048 4429 Ad
1072 4381 1160 4430 trorum
1189 4380 1298 4429 omnium
1324 4380 1558 4442 contemplationem.
1592 4382 1623 4431 At
1640 4394 1698 4431 nero
1722 4380 1795 4432 Stoici

187 4466 257 4512 τοῦτο
269 4464 360 4526 ῥητέον.
1012 4470 1090 4517 Derim
1105 4470 1184 4517 risum
1197 4470 1327 4529 uocantes,
1339 4467 1404 4530 quod
1416 4467 1535 4531 optimum
1553 4467 1682 4531 putabant;
1695 4468 1718 4518 ld
1730 4470 1794 4522 enim

218 4552 333 4599 cebxll.
350 4551 386 4601 Et
403 4550 436 4599 de
453 4551 590 4601 oculorum
609 4551 717 4615 quidem
744 4554 967 4604 ministeriosotts
1011 4556 1112 4618 pulchro
1125 4557 1168 4605 Dei
1184 4556 1281 4605 nomine
1294 4554 1448 4605 alliciendum
1470 4568 1524 4605 esso
1544 4554 1671 4606 duxerunt
1713 4557 1793 4608 'lireo-

187 4638 346 4689 dictumest.
379 4638 459 4689 llune
468 4637 500 4688 de
507 4642 641 4702 praecipuo
649 4640 733 4703 operis
745 4652 835 4689 eorum
847 4642 966 4692 utilitate
1012 4643 1124 4705 plrrsstns
1146 4643 1212 4692 visus
1237 4642 1439 4705 pulchritudinem
1460 4656 1585 4703 asserens,
1606 4646 1685 4695 rlsnm
1711 4645 1794 4699 tonna

187 4725 332 4777 dicendum.
421 4781 430 4791 ,
1010 4731 1107 4782 nomine
1119 4731 1231 4793 appellat,
1244 4732 1309 4794 quod
1319 4745 1423 4795 qnorum
1435 4732 1552 4783 exstincta
1564 4734 1601 4783 est
1610 4732 1675 4782 scies
1685 4732 1794 4795 ridendi,

217 4817 277 4872 Qun
293 4827 349 4864 cum
362 4816 387 4865 in
403 4816 524 4881 plerisque
543 4816 690 4878 rebus,tnm
702 4817 726 4866 in
742 4816 841 4867 obuntn
859 4818 965 4880 philoso·
1011 4822 1092 4871 mltos
1108 4821 1224 4871 informes
1239 4821 1303 4883 sint,
1320 4821 1457 4871 stratorio
1475 4823 1568 4872 aeterna
1585 4823 1790 4872 consternatione.

187 4899 249 4961 pblae
267 4902 331 4952 clare
352 4904 516 4973 perspicitur:
533 4918 581 4967 qno
603 4904 717 4955 beneficio
740 4909 811 4968 negat
834 4906 965 4969 quidquam
1011 4909 1120 4972 Denique
1129 4923 1160 4959 err
1172 4910 1298 4958 oculorum
1310 4908 1392 4957 habitu
1406 4921 1474 4958 mens
1485 4910 1559 4972 atquc
1568 4909 1664 4959 animus
1675 4908 1793 4960 indicatur

184 4986 264 5049 majus
275 4992 409 5041 successe
419 4992 499 5056 generi
509 4993 614 5041 hnmano
624 4993 749 5043 tributum.
761 4994 853 5056 Duplex
863 5007 966 5058 namque
1011 4997 1173 5057 irascentium,
1191 4996 1351 5057 moerentium,
1365 4994 1508 5046 insanitum.
1519 4997 1675 5048 irascentium
1694 4996 1791 5061 quldem

184 5075 259 5126 totins
268 5076 427 5143 philosophice
435 5080 685 5143 speotstnrolticium;
695 5081 862 5144 consideratio,
871 5084 895 5132 et
906 5082 964 5132 item
1010 5084 1037 5133 nt
1050 5081 1114 5146 apud
1128 5083 1258 5133 liomernm
1271 5083 1398 5131 commotae
1410 5084 1496 5132 urentis
1507 5087 1603 5134 orator:

184 5163 262 5214 actus.
296 5166 476 5219 consideratio
497 5169 609 5232 quidam,
628 5169 661 5219 cb
674 5170 796 5219 assiduam
816 5172 965 5234 contempla·
1064 5178 1317 5225 Stodotucrrbotuens
1330 5178 1594 5237 rirsflsotaurinatense,¹
