3959 5925
851 374 902 435 DE
922 374 1156 436 PYTfltuotts

202 512 278 568 ferro
300 508 430 565 districto
454 502 622 563 incubuisse
637 500 752 577 sibique
772 511 893 560 mortem
908 494 999 555 con·=

202 598 337 665 scivisse,
353 590 442 673 quum
467 594 540 651 sorte
562 591 641 650 bello
664 590 833 649 imminente
850 600 976 650 armatus
995 550 999 639 l

202 686 372 767 concionem
385 683 535 750 intrasset,
552 680 630 757 quod
645 697 734 757 prena
749 678 852 755 capitis
867 696 977 755 propo-

202 774 258 831 sita
285 773 377 828 lacere
412 788 465 847 per
493 768 571 843 leges
605 786 663 824 non
702 764 817 823 licebat.
846 764 977 840 Denique

201 860 332 935 quamvis
346 857 494 913 Diodorus
507 854 616 929 aliique
636 852 817 910 Charondam
834 850 976 909 Thurinis

201 946 278 1020 leges
293 946 407 1003 dedisse
419 943 547 1013 tradant,
564 954 661 999 tamen
677 939 830 1005 Athenaeus
847 936 906 1017 (67)
922 936 978 994 Za-

202 403 276 447 xhtt'

1020 500 1241 559 architectorum
1266 501 1437 579 proprium,
1456 502 1487 559 in
1518 502 1630 561 varias,
1645 503 1794 577 regiones,

1020 587 1053 645 in
1075 590 1218 666 porticus,
1233 588 1309 657 fora,
1332 587 1457 663 templa,
1478 590 1576 665 vicos,
1591 590 1714 647 navalia.
1732 591 1798 660 Quo

1021 674 1126 733 factum
1143 689 1202 752 est,
1219 672 1251 734 ut
1272 677 1365 735 forum
1382 678 1414 734 in
1437 677 1548 735 Piraeeo
1571 677 1659 735 situm
1680 678 1796 756 llippo·

1020 763 1111 822 damii
1132 766 1249 822 nomine
1273 764 1444 822 afficeretur.
1468 765 1601 822 Meminit
1625 763 1714 840 hujus
1739 766 1797 827 fori

1020 850 1227 911 Demosthenes
1242 854 1302 929 (φα)
1317 854 1364 911 vel
1379 855 1546 931 quicunque
1566 854 1726 911 orationem
1746 857 1797 914 ad-

1019 956 1122 997 versus
1136 939 1320 998 Timotheum
1337 941 1454 1018 scripsit
1475 959 1541 1017 pag.
1565 960 1652 1015 1190,
1678 962 1727 1012 27.
1751 942 1795 1000 ef.
1846 962 1853 976 ¹

200 1034 313 1091 leucum
342 1032 539 1093 Thurinorum
567 1026 773 1103 rempublicam
803 1038 976 1102 temperasse
995 1053 998 1096 γ
1020 1025 1181 1103 Andocides
1199 1026 1237 1087 de
1256 1027 1375 1104 Mysten.
1391 1047 1422 1104 p.
1441 1028 1479 1102 98
1494 1026 1540 1083 ed.
1557 1028 1685 1099 Βελίαν,
1701 1027 1797 1087 Xeno-

200 1121 333 1179 affirmat.
348 1118 433 1193 Quod
456 1130 550 1175 autem
578 1113 719 1189 Scymnus
742 1112 832 1169 Chius
846 1113 905 1189 (68)
920 1111 976 1188 Sy·
996 1169 998 1188 ,
1019 1113 1099 1189 phon
1125 1115 1199 1173 llist.
1225 1134 1269 1190 gr.
1293 1136 1322 1191 a,
1341 1122 1367 1180 t.
1387 1114 1447 1183 ‚Sed
1470 1114 1601 1171 omnium
1630 1118 1740 1192 optime
1760 1118 1798 1174 de

108 1212 113 1223 '
200 1206 310 1265 baritas
333 1204 471 1281 neglectis
494 1201 609 1259 Zaleuci
635 1198 748 1273 legibus
769 1200 891 1276 periisse
910 1198 974 1255 ait:
995 1194 998 1280 )
1020 1192 1204 1280 llippodamo
1223 1203 1361 1263 disseruit
1382 1202 1550 1260 Aristoteles
1564 1200 1623 1277 (73)
1645 1202 1796 1267 Politieor.

201 1296 232 1353 id
247 1293 389 1354 credibile
408 1289 556 1349 videbitur
570 1287 733 1365 reputanti,
747 1286 896 1363 Sybaritas
912 1284 973 1364 (69)

200 1396 301 1461 postea
311 1381 459 1439 Thurinos
470 1395 532 1435 esse
547 1375 718 1452 appellatos.
732 1374 806 1431 Sunt
817 1375 901 1432 etiam
914 1372 974 1452 (7⁰)

200 1472 249 1545 qui
272 1470 435 1539 Thurinos,
452 1483 542 1542 quum
564 1461 748 1539 postmodum
772 1460 974 1535 singulas·Za·

201 1557 275 1615 leuci
296 1558 373 1631 leges
394 1553 503 1630 majore
521 1570 591 1609 cura
605 1570 690 1627 quam
713 1548 870 1623 Locrenses
891 1551 998 1664 φατοί(

200 1642 319 1700 elimare
344 1661 377 1699 ac
410 1640 505 1698 denuo
536 1637 660 1695 condere
697 1648 881 1705 conarentur,
909 1635 976 1713 pltts

199 1730 315 1804 quidem
330 1728 431 1803 gloriae
443 1736 612 1783 consecutos
620 1742 695 1795 esse,
704 1722 754 1781 sed
762 1721 973 1803 rempublipam

1019 1365 1097 1411 γαγεν.
1105 1351 1150 1399 Ἦν
1160 1353 1184 1400 δὲ
1191 1352 1317 1410 Ἀθηναίοις
1325 1352 1411 1412 τίμιος,
1419 1351 1459 1399 καὶ
1469 1352 1490 1398 οί
1500 1349 1541 1412 μέν
1551 1350 1620 1399 αὐτόν
1628 1367 1683 1412 φασι
1691 1353 1797 1417 θούριον,

1019 1423 1042 1469 ot
1050 1422 1074 1468 δὲ
1083 1423 1205 1479 Μιλήσιον.
1217 1422 1350 1482 Hesychius
1359 1420 1383 1469 in
1390 1421 1536 1481 Ἱπποδάμου
1543 1421 1637 1483 νέμησις
1648 1421 1701 1470 base
1709 1424 1796 1473 relect:

1019 1491 1059 1538 τὸν
1068 1493 1165 1555 Πειραιᾶ
1178 1491 1318 1551 Ἱππόδαμος
1327 1488 1475 1552 Εὐρυφῶντος
1483 1496 1538 1543 παῖς
1546 1491 1560 1537 d
1568 1492 1609 1538 καί
1619 1493 1797 1556 μετεωρολόγος,

1019 1560 1101 1609 διεῖλεν
1116 1562 1248 1618 Ἀθηναίοις.
1259 1560 1334 1613 Οὗτος
1346 1561 1370 1608 δὲ
1380 1559 1407 1618 ἦν
1419 1560 1459 1607 καί
1472 1561 1486 1607 ό
1497 1560 1637 1621 μετοικήσας
1646 1561 1678 1615 είς
1688 1563 1799 1625 θουρίους

1019 1632 1132 1688 Μιλήσιος
1154 1633 1236 1681 ὡν-
1254 1634 1301 1693 (72)
1320 1630 1493 1681 Demosthenes
1506 1629 1563 1677 adv.
1579 1630 1685 1679 Timoth.
1700 1645 1724 1693 μ.
1740 1639 1799 1685 ιιυο

1020 1703 1055 1764 (p.
1066 1706 1112 1751 413
1121 1702 1158 1751 ed.
1168 1699 1485 1763 Βελλετ.)ιόφικομένουγὰρ
1495 1699 1600 1748 Ἀλκέτου
1609 1702 1648 1747 καί
1658 1701 1761 1759 Ἰάσονος
1767 1707 1799 1761 ὡς

200 1816 373 1873 deteriorem
397 1812 533 1869 habuisse
557 1808 691 1866 reserant.
716 1807 814 1883 Neque
837 1808 915 1865 enim
941 1809 972 1866 in
996 1845 998 1854 ,
1019 1779 1101 1892 ἶαῗοί
1116 1775 1189 1892 ἐὲἶῷ
1207 1769 1814 1901 lffifflgffilfflfflwissffiffiTim⁵

200 1902 313 1978 legibus
323 1914 352 1959 et
366 1900 466 1977 multis
481 1911 509 1955 et
523 1896 671 1955 subtiliter
686 1896 829 1966 inventis,
846 1894 895 1952 sed
908 1897 976 1954 sim·
995 1857 998 1916 l
1020 1860 1282 1975 ἓνηίόνιιςγτοόγίαοτκῑον
1304 1913 1345 1970 τὴν
1361 1878 1387 1959 ’ἐν
1403 1914 1508 1971 Πειραιεῖ
1522 1911 1564 1967 την
1576 1912 1600 1957 ἐν
1615 1888 1644 1971 ’τῇ
1657 1859 1799 1978 ammi„

199 1990 314 2067 pliciter
326 1987 442 2064 scriptis
454 1986 604 2043 civitatum
619 1984 737 2042 salutem
753 1982 806 2039 niti
826 1980 974 2061 plerisque
1020 1986 1118 2047 ίοπέρος
1130 1985 1175 2042 ἠδη
1188 1984 1260 2041 οῠοης
1272 1984 1322 2031 ιιιλ.
1337 1980 1470 2031 Andocides
1478 1980 1510 2029 de
1521 1980 1640 2040 rnystertts
1651 1987 1690 2043 ιο,
1699 1996 1753 2045 μσς.
1768 1992 1799 2036 os

199 2093 367 2152 persuasum
385 2085 438 2132 est,
1019 2054 1058 2103 ed.
1074 2054 1147 2139 Beki.
1163 2052 1362 2139 εόνακαλέσαντερ
1376 2052 1400 2099 δὲ
1416 2050 1469 2135 τοὺς
1485 2050 1626 2152 πφριτηγοὺς
1638 2052 1738 2102 ἀνειπεῖν
1750 2056 1799 2104 ἐκέ

240 2160 330 2218 Venio
345 2180 422 2218 nunc
434 2161 471 2217 ad
482 2160 686 2233 Hippodamum
700 2156 880 2225 Thurinum,
891 2174 976 2231 quem
1019 2127 1107 2257 {m
1119 2122 1425 2249 sslgfflffisslwz
1434 2122 1704 2252 &amam
1712 2124 1745 2241 ἰίότ
1751 2141 1800 2251 θτρν

181 2248 368 2313 ‚Aristoteles
393 2246 544 2305 Politicor.
570 2244 624 2303 lib.
649 2243 677 2300 ll
706 2244 803 2319 capti
830 2241 975 2303 Milesium
1021 2253 1381 2325 0210„p„=,53³3,1·1m,23213
1397 2235 1600 2319 fflmmgoe„
1615 2259 1799 2322 mmm·

200 2349 292 2393 vocat.
305 2336 399 2404 Quum
408 2337 485 2393 enim
497 2334 626 2392 lllilcsius
635 2344 795 2409 esset,·post
805 2331 973 2389 diuturnam
1020 2335 1085 2397 phou
1100 2334 1162 2383 ttist.
1171 2345 1244 2394 grae.
1257 2332 1298 2380 tib.
1313 2333 1334 2380 tt
1347 2343 1401 2392 cap.
1411 2331 1453 2388 tv,
1468 2332 1510 2376 tt:
1525 2331 1549 2376 οῖ
1558 2327 1578 2375 t’
1587 2330 1613 2377 τι
1622 2334 1664 2377 του
1676 2331 1756 2387 ᾰοτεος
1766 2334 1799 2388 εἰς

201 2422 277 2499 apud
304 2422 491 2480 Athenienses
513 2419 784 2494 commorationem,
809 2417 978 2494 dequibus
1020 2406 1062 2461 ‘lt
1076 2404 1239 2496 ‘turcota'pqu
1260 2402 1346 2485 tropus
1366 2400 1576 2485 {tteuaqepuru
1600 2399 1641 2483 ptr
1655 2400 1800 2485 ξυνετάξαντο

201 2508 380 2567 exaedificato
395 2509 441 2566 vel
465 2522 496 2577 ut
515 2507 563 2566 alii
579 2508 683 2564 volunt
706 2507 736 2563 in
760 2518 855 2583 partes
879 2505 975 2565 diviso
1021 2471 1801 2603 3ηὃᾰᾞξὃῗππὲἕαῗζζᾝηζῖζξῖρζτὲξὲζῗτῗΐζίχζῖλομοζ

200 2596 311 2654 Piraeeo
328 2596 401 2653 bene
417 2598 534 2667 meruit,
551 2594 679 2651 Thurios
693 2591 881 2667 demigravit,
900 2593 977 2650 ideo·
1021 2614 1123 2672 mm„
1133 2610 1421 2671 uuutureunupua.
1433 2609 1622 2670 nmmum,
1636 2610 1722 2673 ἀγορά,
1732 2629 1802 2674 Μ,

200 2703 257 2761 que
276 2684 312 2741 ab
330 2684 395 2741 aliis
409 2682 556 2752 Milesius,
579 2680 616 2739 ab
636 2681 702 2739 aliis
717 2667 866 2739 Thurinus
885 2677 978 2737 dictus
1021 2683 1081 2730 εῖναι
1096 2682 1120 2729 ἐν
1139 2685 1244 2743 Πειραιεῖ
1258 2681 1402 2740 καλουμένην
1417 2678 1583 2737 Ἱπποδάμειον
1598 2679 1645 2728 ἀπὸ
1658 2681 1801 2744 Ἱπποδάμου

200 2784 252 2829 est.
268 2772 358 2849 Cujus
379 2772 424 2829 rei
444 2770 530 2848 plura
543 2769 619 2848 apud
640 2782 751 2827 veteres
769 2781 880 2826 exstant
895 2769 978 2825 testi·
1022 2752 1138 2808 Μιλησίου
1154 2751 1313 2814 &ppre'arovoc
1327 2754 1369 2797 τοῦ
1383 2748 1599 2810 otuotoueeape'voo
1614 2756 1662 2806 τοῖς
1678 2754 1802 2811 Ἀθηναίωι

201 2858 298 2917 monia
309 2860 379 2935 (φτ).
395 2856 551 2916 Distribuit
563 2869 656 2914 autem
671 2857 829 2928 Piraeeum,
843 2855 922 2932 quod
936 2868 979 2913 est

199 3033 231 3084 ὡς
242 3031 392 3089 νομοθετήσοι
407 3030 448 3088 μὲν
459 3031 472 3077 ὁ
484 3029 553 3091 θινῆρ,
567 3029 653 3088 μηδένα
665 3032 739 3090 φορεῖν
750 3028 843 3076 buluir
853 3029 979 3087 βουλευτη·

200 3100 256 3163 ρίῳ·
270 3099 319 3146 ἐπεὶ
340 3099 364 3146 δέ
378 3114 434 3146 ποτε
449 3099 550 3158 πολέμου
566 3099 710 3158 ἐπικειμένου
726 3097 820 3153 ἔνοπλος
836 3099 869 3146 ῶν
888 3098 978 3156 εἰσῆλθε

199 3171 250 3221 κατ’
263 3170 366 3230 ἀνάγκην
381 3169 454 3224 οὕτως
465 3169 531 3229 ’έχων
549 3169 580 3222 είς
597 3168 638 3225 τὴν
649 3167 742 3229 βουλήν,
752 3168 881 3229 ὑπέκρουσε
893 3169 934 3230 μέν
945 3184 978 3222 τις

200 3246 232 3298 ὡς
244 3242 288 3298 ἤδη
300 3241 340 3287 τὸν
351 3238 421 3300 νόμον
436 3240 450 3286 d
468 3239 582 3292 Ζοίλευκος
602 3239 703 3286 λέλυκεν.
716 3237 745 3285 '0
756 3237 781 3285 δὲ
792 3237 819 3285 ού
830 3237 907 3285 λύσειν
921 3238 977 3299 ἔφη,

200 3313 259 3360 ἀλλὰ
268 3311 388 3374 κυρώσειν.
400 3309 446 3357 Καί
459 3307 508 3370 όμα
518 3312 552 3369 τῷ
566 3307 621 3368 ξίφει
631 3309 683 3361 δοὺς
693 3307 773 3355 έαυτόν
782 3305 892 3370 ἀπέρρηξε
901 3308 927 3357 τό
939 3313 977 3366 ζῆν

199 3385 256 3446 ὅπερ
273 3381 300 3440 ἦν
318 3380 387 3438 ποινὴ
405 3384 439 3441 τῷ
461 3377 590 3440 παραδόντι
610 3377 648 3424 τὸν
662 3377 739 3438 νόμον.
750 3405 780 3418 -
790 3377 838 3438 (67)
850 3379 979 3429 aureuma

169 3497 175 3510 ,
200 3451 241 3500 lib.
252 3453 285 3500 xl
304 3463 356 3510 pag.
376 3452 420 3498 508
431 3452 451 3497 Α
463 3465 469 3496 ι
486 3450 508 3496 ot
526 3448 551 3496 δὲ
566 3448 707 3502 συντεθέντες
718 3445 757 3494 ὑπ’
769 3448 838 3495 αὐτοῦ
851 3447 925 3508 Νόμοι
938 3450 978 3497 καί

199 3521 286 3570 τούτων
304 3521 337 3568 ἔτι
352 3519 461 3581 πρότερον
478 3521 494 3575 ἡ
514 3515 621 3566 Πολιτεία
638 3517 660 3564 τί
677 3518 843 3578 πεποιήκασιν;
862 3517 937 3566 καίτοι
955 3517 977 3582 γ’

200 3590 258 3649 ἔδει,
275 3589 377 3649 καθάπερ
394 3587 433 3635 τδν
450 3589 584 3648 Λυκοῦργον
603 3585 655 3640 τοὺς
671 3586 866 3646 Λακεδαιμονίους
883 3587 978 3636 καὶτὸν

200 3660 295 3708 Σόλωνα
305 3659 359 3714 τοὺς
368 3657 500 3714 Ἀθηναίους
509 3657 549 3705 καί
565 3656 605 3706 τὸν
618 3657 732 3704 Ζάλευκον
750 3657 802 3711 τοὺς
817 3657 927 3718 θουρίους
939 3660 978 3706 καί

200 3728 279 3788 αὐτόν,
293 3728 356 3792 είπερ
364 3728 424 3788 ἦσαν
434 3731 555 3791 χρήσιμοι,
563 3725 644 3775 πεῖσαί
650 3742 712 3782 τινας
722 3731 768 3774 τῶν
779 3727 893 3784 Ἑλλήνων
902 3727 978 3782 αὐτοῖς

198 3799 340 3860 χρήσασθαι.
360 3797 427 3842 com.
448 3795 530 3842 adnot.
549 3802 588 3857 26,
604 3796 661 3843 λίσαι
679 3800 718 3844 2ο.
739 3823 770 3836 -·
789 3795 840 3857 (68)
859 3798 978 3858 Scymnuc

200 3867 277 3918 chius
288 3879 325 3912 τε.
335 3868 379 3914 346
392 3877 457 3926 seqq.
468 3883 475 3912 ι
486 3865 574 3925 λέγεται
585 3865 628 3928 γὰρ
637 3865 719 3920 αὐτοὺς
731 3867 789 3928 μήτε
798 3869 846 3920 τοῖς
857 3868 934 3929 νόμοις
945 3869 978 3916 ἔτι

199 3940 246 3991 τοῖς
256 3938 297 3982 τοῦ
306 3933 424 3982 Ζαλεύκου
429 3929 560 3980 τάκόλουθα
567 3934 693 3990 συντελεῖν,
701 3935 784 3995 τρυφὴν
794 3933 867 3982 δὲκαὶ
879 3934 978 3996 ῥᾴθυμον

199 4003 319 4068 ἑλομένους
330 4001 380 4065 βίον
389 3999 466 4065 χρόνῳ
479 4002 594 4064 προελθεῖν
604 4002 637 4056 εἰς
647 4001 711 4062 ύόριν
720 4017 746 4048 τε
758 4003 797 4049 καί
807 4001 875 4063 κόρον
889 4005 937 4052 κτλ.
947 4030 978 4038 -

180 4109 183 4121 .
200 4074 249 4136 (69)
265 4073 402 4134 Stephanus
416 4070 563 4131 Byzantius:
577 4071 686 4134 θούριοι,
700 4071 765 4127 πόλις
777 4071 910 4132 ’ίταλία;,ἡ
920 4073 976 4134 πρό-

198 4161 262 4208 τερον
275 4143 386 4204 Σύύαρις,
397 4141 445 4190 ἀπό
457 4141 554 4202 θουρίοις
566 4146 654 4200 πηγῆς·
666 4141 761 4204 ὕστερον
777 4142 802 4190 δὲ
817 4144 924 4190 Κωπιαί·
938 4143 976 4191 λε’-

199 4230 262 4276 γεται
272 4215 311 4262 καὶ
319 4211 407 4275 θουρία
418 4212 458 4260 καλ
470 4211 578 4274 θούριον.
588 4212 621 4260 Τό
632 4211 719 4258 ἐθνικόν
730 4212 859 4275 ὁμωνύμως
870 4213 977 4275 θούριοι,

198 4287 237 4332 καί
255 4281 395 4343 θουριακοί,
405 4281 446 4329 καί
463 4282 571 4342 θουρῖνος
581 4280 656 4338 οἶνος,
679 4283 711 4336 ῶς
731 4279 850 4342 Στρόόων.Ι
861 4280 978 4330 Diodorus

198 4353 405 4402 5(ουιιιι1ῖο.2ῖ]ῖ
422 4365 475 4413 cap.
488 4355 517 4399 10
530 4371 536 4399 ;
552 4352 654 4413 εὑρόντες
667 4352 691 4400 δὲ
704 4351 747 4398 οὐκ
760 4351 845 4401 ἄποθεν
854 4355 893 4409 τῆς
906 4352 978 4400 tosu-

198 4439 255 4484 ρεως
269 4419 353 4486 κρήνην
373 4420 543 4484 ὀνομαζομένην
555 4420 665 4482 θουρίαν,
684 4421 786 4482 ἔχουσαν
797 4421 866 4470 αὐλόν
878 4420 977 4482 χάλκεον

199 4489 224 4541 όν
237 4493 332 4542 ἐκάλουν
346 4495 368 4541 ot
379 4487 488 4555 λγχῶριοι
502 4492 619 4554 μέδιμνον,
627 4491 761 4552 νομίσαντες
775 4491 833 4538 εἶναι
846 4495 926 4538 τοῦτον
938 4493 977 4538 τόν

198 4563 269 4610 τόπον
281 4562 320 4610 τὸν
339 4562 479 4624 δηλούμενον
494 4561 541 4608 imit
555 4566 596 4608 τοῦ
616 4562 668 4608 θεοῦ
684 4560 817 4624 περιίόαλον
833 4564 923 4622 τεῖχος,
936 4561 977 4607 καί

198 4633 316 4687 κτίσαντες
326 4633 394 4681 πόλιν
408 4634 534 4695 ὠνόμασαν
550 4632 597 4681 ἀπὸ
613 4638 653 4690 τῆς
670 4633 753 4694 κρήνης
769 4631 875 4693 θούριον.
886 4657 917 4667 -
927 4635 976 4692 (70)

199 4703 287 4755 Strabo
302 4703 342 4751 lib·
352 4705 387 4752 Vl
398 4716 421 4765 ρ.
436 4711 481 4753 260
490 4718 496 4751 :
508 4702 618 4765 θουρίους
628 4702 647 4751 δ’
654 4703 749 4765 ὕστερον
756 4702 864 4764 ἁκριόοῡν
874 4702 977 4757 θελοντας

167 4823 169 4828 ,
198 4776 258 4837 πέρα
273 4777 320 4822 τῶν
337 4776 435 4836 Λοκρῶν
454 4775 607 4836 ίνδοξοτέρους
627 4775 668 4836 μὲν
686 4772 920 4835 γενέσθαι,χιίρονας
936 4773 961 4820 δι’
970 4786 975 4797 ·

199 4844 342 4902 εὐνομεῖσθαι
355 4842 399 4903 γὰρ
409 4843 435 4891 οὺ
449 4843 500 4899 τοὺς
512 4843 535 4892 έν
548 4847 595 4898 τοῖς
607 4844 685 4906 νόμοις
695 4845 786 4892 ἅπαντα
799 4841 977 4905 φυλαττομένους

199 4914 229 4962 τόι
246 4919 292 4962 τῶν
309 4917 467 4974 συκοφαντῶν,
481 4913 538 4961 ἀλλὰ
555 4912 608 4969 τους
621 4914 759 4975 ἐμμένοντας
771 4919 820 4969 τοῖς
834 4914 911 4970 ἁπλῶς
928 4929 975 4962 κει-

201 4973 285 5044 ptuit.
297 5009 327 5018 -
339 4983 389 5042 (71)
403 4981 545 5031 scholiastes
560 4984 723 5045 Aristophanis
735 4982 766 5032 ad
779 4983 858 5045 liquit.
871 4995 907 5032 νυ.
921 4987 976 5045 327,

200 5053 248 5100 ὁδ’
260 5053 402 5113 Ἱπποδάμου
420 5051 517 5100 λείόεται
534 5053 647 5116 θεώμενος
665 5055 716 5102 luec
736 5056 856 5104 annotat:
876 5054 941 5110 οὗτος
953 5054 977 5102 ἐν

202 5126 305 5187 Πειραιεῖ
322 5124 424 5186 κατῴκει
445 5123 485 5172 καὶ
499 5123 574 5172 οἰκίαν
595 5124 665 5187 εἶχεν,
677 5125 748 5185 ἤνπερ
769 5125 840 5182 ἀνῆκε
860 5125 974 5187 δημοσίαν

200 5194 266 5242 είνοιι.
280 5195 324 5244 Καί
340 5200 429 5256 πρῶτος
440 5193 509 5250 αὐτὸς
520 5193 559 5242 τὸν
572 5196 671 5258 Πειραιᾶ
682 5193 741 5242 κατὰ
756 5193 785 5242 τὰ
798 5195 893 5252 Μηδικὰ
906 5195 976 5252 συνή-

1021 2826 1060 2871 τόν
1074 2825 1182 2883 Πειραιᾶ.
1197 2821 1280 2880 -(73)
1293 2818 1432 2867 Aristoteles
1454 2817 1573 2866 Pottttoor.
1593 2819 1636 2867 lib.
1652 2823 1676 2869 ll
1694 2835 1748 2884 cap.
1766 2829 1799 2873 8:

1021 2893 1161 2952 Ἱππόδαμος
1172 2892 1196 2940 δέ
1206 2892 1355 2953 Εὐρυφῶντος
1369 2888 1495 2945 Μιλήσιος,
1504 2888 1529 2942 ὃς
1544 2888 1584 2936 καί
1597 2890 1640 2947 τὴν
1650 2896 1698 2939 τῶν
1712 2894 1801 2944 πόλεως

1021 2962 1132 3024 διαίρεσιν
1143 2961 1193 3023 εὗρε
1203 2961 1242 3008 καὶ
1251 2961 1290 3008 τόν
1298 2961 1398 3020 Πειραιᾶ
1414 2955 1547 3019 κατέτεμεν,
1560 2956 1681 3020 γενόμενος
1698 2964 1738 3010 καὶ
1751 2966 1802 3027 περ(
1834 2986 1840 3006 ι

1021 3033 1061 3080 τὸν
1074 3032 1142 3079 ἄλλον
1157 3031 1208 3092 βίον
1219 3028 1375 3092 περιττότερος
1382 3027 1419 3075 διὰ
1428 3027 1556 3088 φιλοτιμίαν
1566 3027 1640 3084 οὕτως
1653 3031 1715 3080 ὥστε
1726 3034 1802 3083 δοκεῖν

1022 3102 1088 3158 ἐνίοις
1104 3107 1143 3160 ζῆν
1160 3099 1329 3164 περιεργότερον
1343 3104 1428 3161 τριχῶν
1443 3115 1468 3146 τε
1483 3100 1563 3154 πλήθει
1579 3101 1619 3147 καί
1634 3101 1718 3164 κόσμῳ
1732 3108 1802 3153 πολυ-

1021 3174 1095 3234 τελεῖ,
1109 3173 1141 3220 ἔτι
1152 3171 1176 3220 δὲ
1187 3172 1281 3228 ἐσθῆτος
1290 3170 1393 3223 εὐτελοῦς
1405 3169 1446 3231 μὲν
1457 3169 1558 3227 όλεεινῆς
1571 3170 1597 3218 δέ
1610 3170 1654 3218 οὐκ
1665 3172 1689 3220 έν
1701 3177 1735 3236 τῷ
1752 3191 1802 3236 χει-

1022 3248 1080 3304 μῶνι
1096 3243 1165 3305 μόνον
1183 3241 1240 3289 ἄλλα
1255 3243 1295 3288 καὶ
1309 3241 1360 3303 περὶ
1374 3239 1427 3295 τοὺς
1447 3239 1546 3302 θερινοὺς
1563 3241 1672 3302 χρόνους,
1682 3242 1758 3304 λόγιος
1774 3248 1799 3296 dt

1021 3313 1061 3360 καί
1076 3313 1182 3375 πυρίτην
1198 3311 1254 3367 ὅλην
1275 3309 1342 3370 ρύσιν
1360 3310 1420 3357 εἶναι
1435 3309 1582 3371 βουλόμενος,
1598 3315 1687 3373 πρῶτος
1702 3318 1749 3360 τῶν
1765 3318 1798 3378 μὴ

1020 3383 1203 3445 πολιτευομένων
1222 3379 1353 3442 ἐνεχείρησέ
1367 3395 1389 3426 τι
1404 3379 1456 3440 περί
1472 3380 1586 3435 πολιτείας
1603 3382 1673 3428 εἰπεῖν
1690 3388 1731 3440 τῆς
1747 3377 1799 3445 ίιρί·

1021 3469 1086 3511 στης.
1096 3453 1256 3507 Κατεσκεύαζε
1270 3451 1295 3499 δὲ
1314 3451 1356 3506 τήν
1375 3449 1441 3498 πόλιν
1457 3450 1586 3510 τῷ“πλν’,θει
1600 3452 1641 3511 μὲν
1655 3452 1800 3516 μυρίανδρον,

1021 3524 1053 3577 είς
1063 3521 1117 3585 τρία
1125 3524 1149 3572 δὲ
1163 3523 1220 3584 μέρη
1230 3521 1377 3584 διῃρημένην·
1388 3519 1459 3568 ἐποίει
1468 3519 1513 3581 γὰρ
1522 3520 1545 3567 ἓν
1560 3520 1602 3580 μὲν
1612 3521 1678 3583 μέρος
1686 3523 1799 3587 τεχνίτας,

1021 3593 1046 3641 έν
1055 3593 1080 3640 δέ
1091 3593 1206 3654 γεωργούς
1214 3629 1222 3654 ,
1230 3590 1305 3655 τρίτον
1317 3591 1377 3638 δὲτὸ
1388 3591 1548 3651 προπολεμοῦν
1559 3591 1599 3645 καὶ
1616 3591 1647 3639 τόι
1662 3591 1723 3638 όπλα
1736 3592 1799 3654 ἔχον.

1021 3664 1100 3726 Διῄρει
1113 3664 1133 3711 δ’
1147 3665 1179 3718 είς
1194 3664 1246 3725 τρία
1264 3664 1321 3724 μέρη
1334 3662 1376 3719 τὴν
1389 3662 1478 3724 χώραν,
1487 3661 1530 3719 τήν
1544 3660 1584 3723 μὲν
1595 3660 1666 3724 ἱεράν,
1676 3663 1718 3718 τὴν
1729 3663 1754 3711 δὲ
1764 3665 1802 3720 δη

1022 3734 1116 3797 μοσίαν,
1132 3735 1173 3791 τὴν
1189 3734 1209 3782 δ’
1221 3735 1289 3782 ίδίαν·
1301 3733 1352 3780 όθεν
1363 3733 1404 3793 μὲν
1419 3731 1448 3780 τὰ
1459 3731 1597 3793 νομιζόμενα
1610 3734 1736 3788 ποιήσωσι
1745 3734 1800 3795 πρὸς

1020 3802 1074 3857 τοὺς
1091 3801 1168 3862 θεούς,
1186 3805 1257 3864 lepis,
1272 3800 1310 3863 ἀφ’
1324 3802 1357 3848 ῶν
1372 3799 1392 3848 δ’
1408 3804 1430 3852 οί
1444 3803 1640 3864 προπολεμοῦντες
1659 3802 1800 3866 βιώσονται,

1021 3873 1109 3932 κοινήν,
1123 3873 1165 3929 την
1179 3873 1204 3919 δὲ
1226 3877 1273 3919 τῶν
1287 3877 1397 3933 γεωργῶν
1410 3871 1479 3919 ίδίαν.
1497 3871 1565 3935 ᾯετο
1587 3871 1608 3920 δ’
1623 3873 1672 3930 είδη
1695 3874 1735 3922 καί
1753 3878 1800 3922 τῶν
1818 3862 1824 3872 ’

1020 3940 1099 4002 νόμων
1110 3941 1169 3990 εἶναι
1182 3941 1233 4005 τρία
1246 3939 1324 4002 μόνον·
1335 3942 1386 4003 περὶ
1398 3941 1430 3989 ὧν
1440 3941 1485 4004 γὰρ
1496 3944 1520 3990 ul
1534 3941 1597 3990 δίκαι
1611 3942 1741 4004 γίγνονται,
1750 3945 1801 4007 τρία

1021 4014 1087 4061 ταῦτ’
1098 4013 1158 4061 εἶναι
1170 4013 1209 4060 τὸν
1226 4012 1331 4075 ἀριθμόν,
1341 4014 1415 4074 ύόριν,
1429 4014 1526 4074 βλοίόην,
1539 4013 1644 4062 θάνατον.
1659 4014 1800 4073 Ἐνομοθίτει

1021 4083 1046 4130 δὲ
1060 4084 1098 4130 καὶ
1115 4082 1260 4144 δικαστήριον
1274 4082 1298 4128 ἓν
1312 4081 1339 4130 τό
1353 4082 1440 4144 κύριον,
1453 4076 1485 4136 είς
1499 4083 1513 4130 ὃ
1526 4082 1602 4137 πάσας
1616 4083 1740 4136 ἀνάγεσθαι
1755 4085 1801 4132 δεῖν

1020 4154 1062 4208 τὰς
1077 4155 1109 4215 μὴ
1127 4153 1202 4206 καλῶς
1222 4151 1341 4216 κεκρίσθαι
1362 4151 1475 4206 δοκούσας
1497 4151 1574 4207 δίκας·
1589 4158 1658 4200 τοῦτο
1682 4153 1707 4200 δὲ
1729 4169 1798 4202 κατε-

1021 4222 1131 4278 σκεύαζεν
1146 4221 1173 4269 ἐκ
1185 4237 1253 4269 τινων
1269 4219 1382 4282 γερόντων
1395 4221 1500 4280 auum.
1512 4220 1560 4274 Τὰς
1572 4220 1597 4268 δὲ
1611 4221 1696 4283 κρίσεις
1713 4222 1737 4269 έν
1752 4225 1800 4277 τοῖς

1021 4291 1176 4353 δικαστηρίοις
1191 4290 1218 4338 οὐ
1234 4291 1273 4338 διὰ
1294 4289 1437 4353 ψηφοφορίας
1459 4290 1519 4352 ᾤετο
1538 4289 1654 4350 γίγνεσθαι
1672 4292 1728 4349 δεῖν,
1742 4291 1800 4339 ἀλλὰ

1020 4363 1094 4424 φέρειν
1107 4363 1204 4410 ἕκαστον
1214 4359 1328 4419 πινάκιον,
1340 4361 1364 4409 ίν
1377 4361 1398 4408 ὦ
1410 4359 1543 4421 γρόφειν,εί
1559 4361 1707 4417 καταδικάζοι
1722 4363 1800 4416 ἁπλῶς

1020 4432 1061 4489 τήν·
1075 4430 1151 4490 δίκην,
1161 4431 1181 4478 εί
1195 4431 1215 4478 δ’
1232 4431 1329 4478 ἀπολύοι
1339 4430 1433 4489 ἅπλῶς,
1443 4429 1518 4478 κενόν·
1529 4431 1549 4478 εί
1558 4430 1584 4478 δὲ
1593 4431 1620 4479 τὸ
1632 4431 1673 4490 μἐν
1682 4432 1709 4490 τὸ
1719 4432 1743 4479 δὲ
1753 4433 1798 4493 μή,

1019 4505 1089 4548 τοῦτο
1111 4499 1285 4563 &spitualibus
1304 4499 1348 4561 γὰρ
1368 4499 1411 4546 ούκ
1430 4498 1490 4560 ᾤετο
1503 4501 1692 4558 νενομοθετῆσθαι
1705 4502 1798 4555 καλῶς·

1020 4569 1157 4630 ἀναγκάζειν
1168 4570 1213 4631 γὰρ
1222 4569 1358 4631 ὲπιορκεῖνη
1368 4570 1464 4625 ταῦταῆ
1474 4573 1548 4616 ταῦτα
1561 4569 1701 4626 δικάζοντας.
1716 4569 1798 4618 Ἐτίθιι

1020 4643 1045 4691 δέ
1058 4641 1128 4703 νόμον
1141 4643 1192 4703 περὶ
1207 4644 1254 4687 τῶν
1268 4638 1421 4700 εὑρισκόντων
1436 4656 1459 4686 τι
1475 4644 1504 4700 τῇ
1519 4641 1584 4687 πόλει
1600 4642 1725 4704 συμαέρον,
1735 4641 1798 4695 όποις

1019 4712 1152 4774 τυγχάνωσι
1165 4715 1245 4771 τιμῆς,
1260 4712 1361 4762 καὶτοῖς
1377 4708 1445 4756 παισί
1460 4714 1507 4756 τῶν
1523 4709 1547 4758 έν
1560 4713 1595 4771 τῷ
1607 4712 1704 4773 πολέμῳ
1720 4710 1798 4758 retro.

1019 4783 1115 4831 τῶντῶν
1130 4781 1157 4828 ἐκ
1170 4779 1284 4840 δημοσίου
1301 4778 1420 4839 γίγνεσθαι
1433 4780 1475 4837 την
1487 4780 1582 4843 rpem,
1599 4783 1631 4835 ῶς
1650 4781 1717 4829 ούπω
1730 4785 1799 4828 τοῦτο

1020 4859 1077 4914 παρ’
1086 4852 1161 4904 ἄλλοις
1175 4848 1387 4908 νενομοθετημένον·
1401 4848 1451 4896 ἔστι
1463 4848 1488 4896 δέ
1501 4849 1542 4897 καὶ
1556 4849 1579 4897 έν
1588 4851 1689 4906 Ἀθήναις
1706 4849 1771 4903 οὗτος
1785 4849 1799 4896 ό

1019 4914 1089 4975 νόμος
1097 4917 1136 4959 νῦν
1148 4911 1187 4958 καὶ
1199 4911 1222 4958 ἐν
1236 4911 1321 4970 ἑτέραις
1332 4914 1379 4958 τῶν
1391 4910 1490 4961 πόλεων.
1501 4911 1560 4965 Τοὺς
1575 4911 1596 4958 δ’
1608 4912 1721 4973 ἄρχοντας
1734 4913 1797 4958 αότ-

1019 4984 1072 5038 τοὺς
1088 4983 1134 5031 ὑπὸ
1150 4986 1191 5029 τοῦ
1208 4979 1283 5041 δήμου
1297 4981 1356 5027 εἶναι
1375 4979 1469 5036 πάντας·
1484 4981 1556 5040 δῆμον
1572 4980 1592 5028 δ’
1607 4982 1681 5030 ἐποίει
1700 4981 1731 5030 τό
1751 4981 1798 5042 pia

1020 5054 1077 5116 με’ρη
1091 5058 1130 5111 τῆς
1144 5051 1244 5106 πόλεως·
1254 5051 1306 5105 τοὺς
1322 5049 1342 5098 δ’
1352 5052 1480 5113 αἱρεθέντας
1495 5051 1650 5111 ἐπιμελεῖσθαι
1663 5056 1746 5100 κοινῶν
1758 5051 1798 5098 καί

1015 5112 1112 5181 ξενικῶν
1122 5124 1162 5172 καί
1176 5123 1312 5185 ὀρφανικῶν.
1322 5122 1358 5171 Τό
1376 5123 1417 5181 μὲν
1435 5120 1475 5171 ott
1489 5122 1588 5169 πλεῖστα
1600 5121 1640 5169 καλ
1654 5121 1683 5169 τὰ
1699 5120 1798 5182 μάλιστα

1019 5194 1128 5255 ἀξιόλογα
1140 5198 1181 5251 τῆς
1196 5192 1339 5254 Ἱπποδάμου
1357 5191 1442 5247 τάξεως
1456 5189 1521 5239 ταῦτ’
1538 5191 1608 5241 ἐστίν.
