3959 5925
292 453 392 497 xxxrv
932 430 983 489 DE
1003 428 1238 487 erntflnnx

290 560 445 647 quominus
457 584 576 640 magnus
598 564 749 622 Persarum
765 583 816 620 rex
828 562 926 620 eadem
936 562 976 619 sit
991 581 1066 618 con·
1112 560 1226 629 menda,
1242 559 1336 617 dorici
1349 559 1492 618 sermonis
1512 558 1634 615 lormam
1656 576 1673 615 a
1690 557 1821 617 librariis
1839 559 1890 617 hic

290 658 400 716 ditione
420 674 477 731 qua
496 654 590 727 egeni,
607 666 667 709 turn
683 651 811 712 Siciliam
827 650 871 705 vel
895 639 956 707 eam
971 648 1063 706 ltaliae
1112 648 1173 705 illic
1190 646 1369 704 obliteratam
1395 647 1525 716 restitui,
1551 658 1640 704 totum
1663 645 1790 721 denique
1809 667 1888 703 eom-

292 758 401 823 partem
420 762 483 818 qnae
499 760 601 814 magna
620 740 732 799 Graecia
750 738 831 817 (225)
852 738 999 796 nominata
1022 752 1065 795 est
1113 734 1316 791 mensariolum
1334 746 1466 790 accurate
1482 732 1681 809 recognitum,
1695 732 1803 808 rejecta
1817 733 1889 791 Nor-

290 834 412 909 patriam
427 828 581 897 habuisse,
609 828 747 903 quoniam
768 825 853 882 initio
870 843 987 881 suarum
1001 823 1065 881 dis·
1112 821 1155 878 thi
1169 822 1372 890 translatione,
1388 821 1510 878 latinum
1526 819 1589 877 feci.

290 918 471 995 putationum
485 915 633 991 duplicem
654 914 721 971 lerri
747 914 777 969 in
798 910 911 968 Graecia
932 910 1065 987 philoso·
1152 906 1295 965 Ecaeteris
1305 906 1495 982 Pythagoreis
1505 900 1634 983 quorum
1653 905 1814 979 fragmenta
1826 910 1887 968 vol.

290 1004 413 1081 phorum
430 1002 599 1059 sententiam
611 999 646 1057 de
660 999 738 1057 bono
752 1010 779 1054 et
802 996 877 1053 malo
893 997 971 1072 (226)
983 995 1064 1056 dicit.
1111 992 1125 1049 l
1139 1014 1203 1070 pag.
1220 994 1350 1061 ssa-543
1364 995 1516 1071 posuimus
1539 991 1719 1051 memorandi
1736 1006 1806 1051 sunt
1827 997 1888 1071 pri·

291 1090 388 1168 Neque
410 1092 486 1147 enim
510 1091 549 1146 ita
563 1089 713 1145 locuturus
737 1085 825 1143 fuisse
848 1084 974 1155 videtur,
993 1086 1018 1141 si
1033 1086 1064 1141 in
1112 1101 1190 1139 mum
1219 1087 1383 1155 Dr'otogenes
1409 1094 1438 1140 et
1465 1082 1628 1149 Sthem'das,
1661 1092 1784 1156 uterque
1807 1102 1888 1159 aeque

291 1177 403 1237 Graecia
418 1190 467 1235 aut
483 1190 565 1234 natus
586 1186 660 1233 esset
676 1186 725 1231 aut
745 1172 912 1230 habitasset.
931 1172 1064 1247 Denique
1112 1169 1239 1243 ignotus.
1256 1169 1327 1226 Nam
1349 1169 1384 1226 de
1408 1168 1581 1243 lliotogene,
1598 1166 1682 1243 cujus
1702 1170 1781 1225 locos
1798 1188 1887 1245 quos·

290 1285 349 1321 non
368 1278 410 1321 est
426 1261 546 1319 dubimn
568 1261 640 1335 quin
661 1257 803 1333 sophistas
824 1256 917 1313 adhuc
935 1256 1068 1313 docentes
1113 1258 1209 1317 dame
1234 1255 1321 1315 libris
1344 1256 1380 1313 de
1397 1276 1488 1331 regno
1503 1277 1535 1313 ac
1555 1256 1591 1314 de
1618 1259 1769 1313 sanctitate
1784 1259 1888 1334 petitos

289 1365 318 1417 et
330 1351 435 1409 viderit
454 1361 482 1406 et
503 1346 664 1415 audiverit,
687 1344 828 1421 siquidem
849 1363 878 1420 p.
898 1342 953 1400 550
971 1356 1069 1401 narrat
1113 1343 1242 1403 Stohaeus
1256 1346 1287 1402 in
1299 1342 1455 1418 florilegio
1466 1356 1552 1419 atque
1562 1344 1594 1400 in
1606 1341 1722 1415 Eclogis
1733 1343 1819 1401 allert
1836 1346 1886 1423 (sl,

290 1436 444 1513 quosdam,
474 1434 524 1511 qui
559 1431 701 1507 sophistas
737 1420 960 1505 frequentarint,
993 1429 1067 1488 nihil
1113 1432 1187 1489 nihil
1202 1431 1304 1490 dicunt
1324 1432 1436 1507 antiqui
1453 1432 1631 1507 scriptores.
1646 1429 1888 1490 lidemetiamde

289 1524 450 1601 percepisse
469 1519 562 1597 (οη).
575 1518 638 1575 Nisi
656 1518 744 1588 sorte,
758 1516 835 1591 quod
851 1516 955 1593 saepius
970 1516 1001 1573 in
1017 1535 1069 1571 an·
1113 1519 1258 1579 Sthenidae
1271 1518 1357 1577 Locri
1372 1519 1433 1575 vita
1454 1532 1483 1574 et
1496 1517 1616 1595 scriptis
1637 1530 1744 1575 tacent.
1767 1518 1889 1577 Videtur

291 1611 437 1687 tiquorum
458 1609 577 1685 seriptis
597 1608 638 1679 fit,
652 1604 845 1681 sophistarum
867 1621 970 1659 nomen
985 1604 1070 1661 latius
1114 1620 1207 1665 autem
1215 1607 1397 1683 hicquoque,
1411 1605 1520 1682 cujuse
1531 1606 1748 1663 commentariis
1757 1606 1793 1663 de
1807 1609 1886 1681 regio

290 1712 386 1776 patere
398 1699 511 1768 voluit,
528 1709 559 1754 ut
573 1714 673 1754 omnes
688 1707 746 1751 tum
762 1692 864 1749 musici
878 1703 937 1747 tum
956 1690 1069 1765 sapien·
1114 1696 1239 1772 imperio
1259 1695 1373 1769 insigne
1394 1706 1480 1768 caput
1494 1706 1633 1769 superest,
1655 1711 1721 1750 cum
1739 1693 1888 1769 plerisque

290 1788 336 1845 tiae
362 1787 542 1865 professores
568 1783 776 1855 intelligantur.
806 1778 889 1848 Quod
918 1790 1012 1834 autem
1041 1781 1070 1833 in
1114 1781 1284 1858 Pythagorae
1299 1779 1524 1839 assectatoribus
1545 1779 1667 1857 publica
1681 1782 1800 1853 negotia
1822 1802 1887 1856 ges.

290 1877 346 1933 hne
360 1876 469 1952 quintae
485 1871 690 1931 dissertationis
707 1866 863 1945 Chrysippi
879 1884 983 1923 nomen
998 1864 1070 1939 legi·
1115 1872 1187 1928 sisse
1200 1882 1249 1927 aut
1262 1882 1340 1927 certe
1357 1869 1393 1926 de
1416 1868 1545 1926 civitatis
1567 1867 1779 1943 gubernatione
1801 1874 1888 1928 multa

291 1976 337 2021 tur
361 1962 452 2039 (228),
468 1960 499 2018 id
524 1979 582 2017 non
609 1958 735 2035 pertinet
758 1954 920 2013 necessario
941 1954 977 2011 ad
993 1955 1065 2011 Stoi·
1114 1957 1306 2015 disseruisse·
1317 1956 1408 2014 Paulo
1422 1958 1520 2013 notior
1532 1968 1575 2014 est
1588 1957 1750 2031 Ecphmrtur
1764 1959 1885 2033 Syracu-

292 2069 375 2121 cum,
392 2067 481 2125 equum
500 2046 577 2105 istud
593 2064 696 2103 nomen
718 2044 789 2103 satis
803 2046 936 2101 usitatum
952 2055 981 2100 et
1003 2041 1066 2099 vul·
1115 2062 1212 2119 sanus,
1224 2044 1274 2121 qiu
1287 2043 1363 2100 inter
1372 2042 1578 2119 Pythagoreos,
1593 2055 1626 2100 ut
1637 2061 1699 2100 mea
1709 2042 1763 2099 lert
1772 2044 1886 2120 opinio,

291 2152 358 2208 gare
383 2133 460 2209 apud
477 2144 588 2191 veteres
618 2130 714 2190 luerit.
741 2129 846 2186 Verum
876 2129 908 2185 in
931 2127 1067 2185 omnibus
1092 2132 1231 2206 =signum
1259 2130 1379 2189 sustulit
1405 2123 1441 2187 a‘d
1475 2149 1522 2188 res
1549 2130 1697 2188 naturales
1719 2130 1889 2205 diligentius

292 2220 351 2279 illis
364 2218 451 2279 rebus
460 2238 532 2296 quas
543 2218 698 2276 memoravi
719 2217 838 2274 lortasse
853 2235 910 2277 non
927 2234 1063 2289 magnum
1093 2183 1281 2285 lscrutandas
1312 2231 1340 2275 et
1376 2217 1572 2295 explicandas.
1607 2217 1738 2289 Etenim,
1764 2219 1790 2275 si
1819 2220 1889 2278 fides

292 2320 468 2367 momentum
486 2306 611 2385 positum
625 2318 668 2364 est
686 2303 722 2363 ad
736 2304 806 2361 istas
818 2303 925 2360 veteris
942 2304 1065 2379 scripto·
1093 2289 1096 2350 l
1115 2304 1228 2361 Stobaeo
1244 2306 1297 2381 (ο),
1319 2306 1449 2363 omnium
1481 2325 1578 2363 rerum
1600 2306 1749 2383 principia
1767 2326 1890 2384 corpora

291 2398 332 2455 ris
355 2394 466 2453 tabulas
490 2407 565 2451 recte
588 2390 791 2451 aestimandas:
811 2408 876 2447 nam
899 2389 924 2447 si
942 2390 1070 2466 philoso·
1117 2392 1272 2450 individua
1297 2405 1325 2449 et
1348 2394 1435 2449 inane
1458 2411 1520 2449 esse
1547 2394 1672 2470 putavit,
1699 2393 1807 2470 quippe
1837 2399 1888 2471 qui

292 2482 401 2561 phandi
425 2500 514 2558 genus
537 2498 704 2556 moremque
726 2478 763 2535 de
789 2477 870 2534 omni
895 2476 1014 2533 materia
1038 2476 1070 2533 in
1116 2480 1254 2537 monades
1274 2479 1480 2555 Pythagoricos
1503 2481 1615 2555 primus
1640 2499 1794 2557 corporeas
1811 2482 1889 2539 lace-

293 2571 453 2629 eontrarias
471 2582 565 2647 partes
586 2566 754 2645 disputandi
770 2565 1067 2636 consideraverimus,
1115 2578 1168 2625 ret.
1194 2567 1389 2636 Quamobrem
1419 2566 1561 2625 mundum
1586 2586 1623 2625 ex
1641 2570 1749 2627 atomis
1772 2572 1888 2646 quidem

292 2678 350 2717 non
365 2657 587 2736 Pythagoreum,
602 2654 653 2723 sed
661 2654 816 2731 sophistam
826 2649 875 2709 hie
885 2652 968 2727 loqui
983 2650 1071 2709 nobis
1116 2669 1257 2727 constare,
1286 2654 1336 2713 sed
1352 2654 1535 2732 providenlia
1549 2656 1610 2729 regi
1629 2655 1743 2713 dicebat
1762 2658 1814 2733 [3).
1835 2659 1885 2717 Est

291 2764 459 2823 persuasum
469 2744 536 2814 erit,
552 2760 725 2818 quamquam
734 2742 781 2798 vir
797 2739 976 2813 antiquitatis
985 2739 1071 2795 mini·
1116 2756 1210 2801 autem
1226 2756 1333 2799 certum
1343 2782 1350 2809 ,
1362 2761 1426 2799 eum
1442 2761 1507 2800 cum
1521 2740 1687 2817 Pythagora
1700 2744 1824 2820 aliisque
1838 2745 1890 2802 do.

291 2848 336 2889 me
350 2833 469 2907 ignarus
487 2830 734 2907 Pythagoreorum
747 2826 879 2903 exemplo
893 2825 993 2883 dorica
1008 2826 1070 2883 dia·
1118 2830 1255 2888 ctissimis
1266 2828 1531 2886 hominibusunum
1543 2830 1681 2888 mundum
1694 2833 1827 2889 statuisse
1840 2832 1888 2910 (a).

291 2920 365 2978 lecto
375 2938 443 2978 usus
451 2929 504 2977 est.
514 2915 651 2975 Sciebant
665 2934 734 2974 vero
750 2913 883 2973 rhetores
894 2926 923 2972 et
932 2913 1070 2990 sophista
1116 2915 1209 2974 Porro
1223 2928 1328 2977 terram
1343 2915 1455 2973 moveri
1468 2927 1575 2986 censet,
1592 2934 1651 2972 non
1664 2916 1781 2992 quidem
1798 2918 1846 2989 ita,
1860 2931 1891 2976 ut

293 3009 333 3064 ita
349 3019 470 3064 tractare
484 2991 676 3081 quaestiones,
692 3014 725 3060 ut
739 3021 787 3060 eas
802 3016 858 3060 tam
872 3002 1011 3060 adhibitis
1024 3023 1069 3060 ra·
1116 3003 1210 3061 eloco
1235 3023 1288 3061 suo
1304 3002 1437 3071 excedat,
1457 3002 1506 3060 sed
1523 3002 1599 3060 utin
1615 3002 1732 3060 modum
1748 3018 1818 3062 rotae
1842 3007 1889 3063 axi

294 3093 424 3152 tionibus
434 3111 520 3169 quam
531 3090 670 3166 exemplis
677 3102 787 3166 atquee
799 3087 947 3147 veteribus
958 3091 1071 3148 saeculis
1117 3090 1315 3148 adhaerentisa
1326 3090 1395 3148 solis
1407 3109 1510 3147 occasu
1522 3089 1663 3148 adortum
1676 3091 1753 3150 circa
1762 3106 1889 3157 centrum

293 3180 414 3258 repetita
437 3173 577 3236 memdria
600 3177 807 3252 persolverent.
834 3175 898 3244 Qua
916 3177 948 3233 in
971 3195 1003 3234 re
1023 3195 1073 3234 eos
1116 3189 1199 3234 suum
1226 3196 1257 3234 se
1284 3189 1434 3234 convertat
1452 3175 1505 3255 (t)
1531 3177 1613 3235 Alius
1644 3177 1697 3236 luit
1728 3179 1891 3256 Erphantns

295 3268 438 3326 interdum
454 3266 575 3323 vetustis
588 3263 743 3322 novitatem
758 3276 786 3321 et
798 3261 935 3322 obsoletis
947 3266 1071 3320 nitorem
1115 3263 1296 3322 Crotoniates
1328 3275 1398 3320 teste
1421 3262 1586 3321 lamblicho
1608 3264 1660 3324 vit.
1683 3265 1805 3341 Pythag.
1828 3287 1890 3344 cap.

293 3355 408 3414 dedisse
433 3366 554 3412 constat.
576 3351 687 3420 Quodsi
709 3351 816 3426 lingere
840 3348 946 3408 licebai
969 3354 1074 3428 proelia
1094 3303 1097 3473 l
1116 3363 1188 3410 extr.
1202 3353 1269 3424 267.
1287 3349 1418 3408 Tertium
1434 3351 1569 3428 ponimus
1582 3369 1646 3410 eum
1667 3352 1717 3428 qui
1739 3351 1890 3430 Egyptio·

226 3487 229 3500 ,
294 3444 363 3502 olim
377 3453 502 3520 pugnata
516 3453 544 3498 et
557 3453 660 3498 eventa
674 3459 799 3516 quorum
813 3439 980 3498 memoriam
996 3439 1074 3498 obli·
1116 3459 1181 3496 rum
1195 3439 1336 3497 sermonis
1355 3457 1461 3513 gnarus
1483 3436 1521 3517 (6)
1538 3438 1574 3496 de
1588 3457 1687 3496 eorum
1707 3440 1887 3498 cerimoniis

293 3533 343 3590 vio
357 3531 502 3589 deleverat
518 3547 610 3607 nuper
625 3529 782 3600 accidisse,
794 3526 946 3606 probabile
957 3527 1073 3587 ridetur
1094 3490 1097 3581 l
1116 3544 1207 3600 graece
1228 3526 1403 3604 scripserat·

295 3619 411 3677 dicendi
436 3618 638 3693 magistrorum
660 3615 898 3674 consuetudinem
926 3617 1068 3692 spectanti

295 3706 368 3766 illud
390 3706 563 3784 opusculum
592 3716 739 3792 auctorem
773 3700 882 3759 hahere
910 3699 1069 3778 sophistam
1148 3733 1180 3796 (¹)
1195 3731 1366 3794 mmmm·
1381 3733 1536 3794 mmm,
1551 3735 1615 3793 ¹⁰P·
1633 3729 1729 3780 ,2004
1744 3731 1814 3780 Hm·
1829 3743 1890 3780 „nm

295 3794 485 3851 recentiorem
500 3793 582 3850 illum
604 3785 1070 3868 quidem‚sedb0¹¹¹lm211liqssl·
1115 3806 1193 3852 exsttt
1214 3803 1281 3852 locus
1300 3816 1348 3851 non
1363 3801 1479 3850 'diversus
1499 3801 1530 3849 ab
1551 3813 1581 3849 eo
1597 3799 1640 3861 qui
1660 3798 1782 3848 invenitur
1807 3799 1887 3846 Floril.

296 3882 363 3940 tatis
388 3881 572 3942 imitatorem.
599 3881 637 3936 At
655 3893 721 3936 ante
743 3875 924 3954 Pyrrhonem
947 3873 1069 3951 ejusque
1086 3912 1096 3953 t
1115 3873 1339 3933 stratisque.
1358 3872 1420 3921 Phil.
1437 3874 1479 3920 Gr.
1495 3871 1579 3931 lesem.
1596 3869 1681 3918 vot.1.
1702 3869 1785 3929 fragm.
1804 3873 1819 3917 :t
1838 3881 1889 3930 pag.

300 3969 439 4027 familiam
462 3985 527 4025 eum
554 3966 698 4024 exstitisse
716 3963 854 4040 conjicio.
882 3963 986 4020 Eadem
1012 3962 1070 4020 lere
1093 3964 1097 4036 Ι
1116 3942 1368 4005 ⁵³⁵·‘l²l⁵¹⁰¹³³³⁰⁸
1379 3941 1457 4002 &¹⁰5
1470 3940 1597 4000 Μ’·Ῑωδ·
1613 3941 1656 3997 ¹¹¹·
1672 3943 1709 3999 ¹⁰»
1723 3950 1775 3999 Μ·
1792 3945 1837 3987 ³⁰⁸
1851 3939 1889 3986 “¹-

296 4057 383 4115 etiam
397 4055 501 4112 Orellii
515 4054 655 4112 sententia
675 4052 740 4124 luit,
757 4050 808 4127 qui
822 4063 887 4126 post
906 4047 1069 4106 Fabricium
1094 4038 1097 4143 1
1115 4011 1828 4146 ἱῒὶῳῖξῆᾝὲδζαῖἑίἶᾚζξὲῗςαὶτῗέἓῖοἶαγΐᾚ
1836 4025 1890 4126 ῗῖἷ

295 4143 347 4203 has
357 4143 392 4202 de
406 4141 512 4220 quibus
528 4141 623 4216 agitur
638 4138 854 4197 dissertationes
868 4138 899 4194 in
915 4135 1070 4211 0pusculis
1094 4146 1096 4191 Ι
1117 4153 1238 4214 samma,
1257 4152 1356 4214 μονάδας
1366 4151 1438 4207 οπως.
1449 4155 1540 4213 ,mg
1553 4149 1685 4211 amm„
1704 4147 1849 4210 σωματικάς,
1860 4171 1891 4181 -

296 4246 354 4290 vet.
371 4231 464 4289 (iraec.
485 4241 559 4288 sent.
575 4241 603 4284 et
623 4227 723 4284 moral.
738 4225 798 4282 vol.
817 4223 844 4281 ll
867 4224 1070 4301 promulgavit.
1117 4224 1151 4282 (³)
1165 4223 1275 4271 Sl⁰bffl¹¹⁸
1287 4221 1367 4282 lidos·
1378 4222 1440 4271 lib-l
1451 4235 1504 4283 etn-
1517 4221 1593 4280 ΧΧΙΙ,
1603 4225 1628 4279 6,
1640 4231 1692 4280 1³⁰8·
1703 4213 1750 4266 '⁴⁴8
1760 4215 1800 4265 ed·
1812 4219 1889 4265 lieet-2

295 4319 356 4396 Ego
379 4337 468 4396 quum
488 4315 639 4394 scriptoris
659 4313 820 4370 orationem
837 4311 972 4388 plurimis
999 4310 1070 4368 locis
1093 4364 1096 4383 ,
1116 4293 1244 4378 Ἔέδωθῖ
1258 4293 1284 4340 ³¹
1297 4292 1338 4353 μὲν
1350 4296 1396 4374 τῶν,
1414 4291 1509 4350 ΜΨ*
1523 4288 1660 4338 mm
1676 4289 1716 4336 τὸ*
1728 4287 1891 4367 “thm'

296 4407 481 4486 depravatam
497 4422 559 4462 esse
575 4400 851 4470 animadvertissem,
868 4409 946 4476 quos
956 4399 1070 4475 priores
1093 4424 1096 4447 ι
1116 4364 1208 4492 ῗῖιῗΐ
1219 4357 1889 4492 ξὶζπὸρῖἒῗρμὲαελζθδῗῧῖθᾞῖἑέὼῑέπᾛ

296 4495 423 4552 editores
447 4493 592 4566 corrigere
623 4487 821 4563 neglexerant,
853 4487 942 4544 multa
966 4487 1069 4546 sustuli
1094 4498 1891 4563 1garg,'essmnsppsvttg,ntnwaag,·ttpestat0;‚nu.

1093 4610 1096 4625 .
1117 4572 1224 4635 ἰαγὸρας,
1237 4570 1345 4628 Πλάτων,
1357 4571 1520 4633 Ἀριστοτιλης,
1530 4570 1623 4627 Ζήνων,
1635 4569 1675 4616 ἕνα
1687 4569 1726 4614 τὸν
1738 4565 1829 4627 κόσμον
1841 4567 1889 4612 κτλ

1093 4646 1096 4699 i
1116 4671 1147 4679 -
1158 4643 1192 4704 (t)
1202 4641 1346 4690 Plutarchus
1353 4639 1383 4688 de
1392 4639 1451 4701 plac.
1461 4638 1518 4700 phil.
1530 4638 1570 4688 lib.
1581 4639 1616 4688 ΙΙΙ
1626 4651 1679 4700 pag.
1690 4641 1731 4686 1³:
1742 4635 1890 4699 Ἡρακλείδης

298 4733 321 4782 ι).
338 4722 382 4770 525
393 4719 432 4768 τὸν
448 4719 472 4768 δὲ
485 4717 584 4780 βασιλέα
597 4716 637 4766 τὸν
652 4715 725 4778 μέγαν
738 4715 802 4764 οὐδὲν
815 4713 899 4762 κωλιίιι
917 4713 1003 4773 ὁμοίως
1021 4714 1069 4760 δια·
1093 4712 1095 4765 l
1117 4712 1258 4766 ὁΠοντικδς
1276 4711 1317 4758 καὶ
1335 4709 1463 4768 Ἔκφαντος
1483 4709 1497 4756 d
1519 4707 1674 4770 Πυθαγόρειος
1690 4709 1781 4754 κινοῦσι
1799 4705 1840 4765 μὲν
1851 4706 1890 4760 τὴν

298 4791 387 4838 κεῖσθαι
398 4794 444 4844 τοῖς
453 4792 566 4850 πτωχοῖς,
579 4815 612 4827 -
625 4786 689 4848 (225)
701 4787 716 4843 ἡ
729 4785 818 4848 perdia
827 4784 916 4839 Ἑλλάς.
929 4782 970 4832 (ll.
983 4782 1069 4832 Strabo
1093 4768 1096 4845 l
1116 4787 1169 4842 γῆν,
1185 4780 1212 4828 οὐ
1224 4781 1268 4841 μήν
1277 4795 1304 4839 γι
1318 4778 1488 4840 μεταδατικῶς,
1501 4781 1585 4840 τροχοῦ
1602 4777 1627 4825 δὲ
1642 4776 1707 4831 δίκην
1726 4774 1891 4835 ἐνζωνισμένην

299 4860 339 4909 tit.
349 4862 383 4908 vt
400 4871 452 4920 pag.
467 4866 512 4909 25³
529 4857 568 4908 ed.
581 4857 684 4907 casaub.
1093 4868 1095 4883 ¹
1118 4849 1178 4910 (leg.
1192 4846 1388 4909 ἐνηὶωνισμένον)
1399 4849 1446 4897 ἀπὸ
1459 4851 1554 4910 δυσμῶν
1568 4845 1604 4896 ἐπ’
1613 4846 1725 4902 ἀνατολὴ(
1736 4847 1788 4907 περὶ
1799 4846 1826 4894 τὸ
1834 4846 1891 4892 ἴδιον

329 4929 493 4989 (sisterent
505 4929 569 4980 inihi
580 4929 655 4977 δισσοὶ
663 4928 727 4990 λόγοι
733 4927 836 4989 λέγονται
846 4926 868 4973 iv
878 4927 907 4986 τᾷ
919 4923 1010 4971 Ἐλλάδι
1022 4923 1070 4970 ὑπὸ
1115 4922 1184 4978 αὐτῆς
1197 4921 1299 4981 κέντρον.
1312 4918 1384 4967 conl.
1397 4919 1513 4982 Origenes
1529 4917 1617 4967 Philos-
1628 4929 1682 4977 cap.
1699 4919 1737 4964 15.
1747 4941 1778 4950 -
1789 4915 1824 4977 (a)
1837 4917 1888 4962 Por·

298 5005 345 5048 τῶν
359 4998 542 5061 φιλοσοφούντων
564 5001 616 5059 περὶ
629 5003 662 5046 τῶ
676 4999 756 5059 ἀγαθῶ
766 4999 806 5046 καὶ
818 5001 851 5044 τῶ
868 4998 943 5042 κακῶ.
961 5011 991 5026 ·-
1004 4991 1069 5051 (227)
1116 4990 1213 5051 phyrius
1222 4989 1253 5038 de
1261 4988 1402 5037 abstinentia
1414 4989 1456 5037 lib.
1467 4992 1510 5046 tv.
1524 4992 1564 5036 10:
1575 4987 1661 5036 πολλοῦ
1671 4987 1695 5034 δὲ
1706 4985 1772 5040 ὄντος
1783 4985 1854 5045 livet
1862 4981 1890 5032 δι’

300 5083 351 5128 pag.
366 5073 418 5118 55⁰.
430 5067 576 5128 assistendi,
596 5067 631 5116 ὄπ
647 5068 691 5126 ἤδη
710 5067 767 5122 τινὲς
780 5065 843 5128 παρὰ
856 5063 968 5126 σοφιστὰς
989 5061 1066 5108 ἐλθόν·
1098 5100 1100 5103 .
1115 5063 1142 5116 ἣν
1152 5059 1228 5108 αἰτίαν
1245 5060 1284 5108 διὰ
1296 5065 1343 5108 τῶν
1357 5061 1422 5123 ζῴων
1434 5063 1456 5109 ol
1475 5059 1596 5119 Αἰγύπτιοι
1609 5058 1661 5112 τοὺς
1680 5057 1744 5112 θεοὺς
1763 5056 1890 5116 ὶσὲοοιοαν

299 5157 344 5200 τις,
354 5139 420 5186 οὐδὲν
428 5137 549 5198 bacheler.
561 5166 590 5174 -
602 5137 667 5196 (228)
683 5149 736 5199 pag.
747 5139 807 5184 tat:
822 5135 857 5183 δεῖ
872 5133 1002 5194 μεμνᾶσθαι
1013 5129 1072 5186 xpt-
1115 5131 1156 5178 καὶ
1168 5129 1268 5192 μιίῑονος
1278 5136 1317 5188 τῆς
1327 5130 1445 5193 παρούσης
1455 5127 1620 5194 πραγματείας,
1630 5127 1732 5190 &patim
1744 5126 1889 5186 δεδηλωμένα

299 5225 395 5270 σιππον,
406 5208 517 5269 κατθέμεν
530 5205 566 5255 ἐπὶ
577 5205 617 5254 τὸν
629 5207 714 5268 χροοδν
726 5207 765 5253 καὶ
780 5205 818 5254 τὸν
827 5205 908 5252 ἵππον.
1117 5203 1167 5248 πτολ
1180 5200 1265 5248 αὐτῶν.
1277 5199 1368 5250 Ἐκεῖνο
1378 5199 1489 5263 μέντοιοῦ
1499 5197 1790 5262 amarissimarum
1801 5197 1890 5244 ἀποδο-
