3959 5925
263 396 299 449 fl
880 398 1230 467 PYTHAGOREORUM

260 515 345 571 αὑτῶν
366 516 393 571 οὗ
413 516 445 573 δι’
467 518 531 575 ἀλλο
545 541 570 575 τι
592 521 657 578 κινεῖ
678 520 695 591 ἢ
718 522 905 601 προτρέπεται·
924 536 1032 587 τοιαῦτα
1079 535 1190 610 τισριόν,
1207 534 1240 593 τδι
1260 539 1388 617 κεφάλαια
1403 544 1453 599 τῶν
1474 544 1621 620 ἀγαγκαίων
1636 546 1770 623 δογμάτων
1787 550 1848 607 ἀνα-

259 600 282 655 δ’
294 600 363 687 ἐστίν
376 592 430 660 οἷον
444 606 666 680 εὐδαιμονία,κοί
680 610 709 669 τὸ
722 609 795 686 γένος
806 616 857 670 τῶν
872 616 970 693 ἀρετῶν
986 619 1031 674 καί
1079 622 1177 682 λαύών.
1219 620 1343 702 Ἄρξομαι
1364 630 1387 685 δ’
1405 631 1530 691 ἐντεῦθεν.
1571 634 1653 692 Ταῦτ’
1667 626 1756 694 εἶναί
1772 658 1847 715 φησιν

258 686 291 743 τδι
305 690 441 763 σωματικόι
452 694 501 748 τῶν
512 690 580 750 κατὰ
592 694 678 767 φύσιν,
691 697 899 775 ύγίεια,εύεξία,
912 704 1032 773 τύαισδη·
1078 708 1216 781 ὁΖήνων,
1241 708 1289 769 ὅσα
1303 712 1390 779 οὐσίας
1411 715 1593 795 μετέγνι·τῶν
1613 719 1636 776 δ’
1654 719 1783 779 ὄντωντά
1803 724 1847 797 μὲν

258 772 321 878 oio,
334 776 443 847 κᾶλλος,
456 778 550 857 τάχος,
562 781 698 861 ἀρτιότης,
709 784 797 862 ἰσχύς,
811 787 844 845 τὰ
856 788 1031 865 παραπλήσια
1078 782 1143 850 εἶναι
1167 795 1266 870 ἀγαθά,
1283 796 1315 854 τδ
1333 798 1360 856 δὲ
1374 800 1460 877 κακοί,
1483 783 1517 861 τδι
1530 803 1557 860 δὲ
1575 804 1710 883 ἀδιάφορα.
1754 806 1848 883 Ἀγαθά

260 883 374 964 τουΙτοις,
397 863 442 920 καὶ
466 868 518 921 τῶν
542 876 701 945 σωματικῶν
724 872 831 943 ἡδοναί,
853 877 880 931 αί
901 876 1031 952 μηδεμίαν
1078 878 1299 955 μίντόιτοιαῶτα·
1316 886 1453 963 φρόνησιν,
1470 891 1650 967 δικαιοσύνην,
1664 896 1847 973 σωφροσύνην,

259 945 554 1029 βλαύηνίπιφέρουσαι.
596 957 689 1014 Ταῦτα
703 955 849 1036 γάρδνοῶν
864 959 931 1038 ἔχων
950 962 1031 1023 ἕλοιτ’
1078 968 1214 1047 ἀνδρείαν,
1236 972 1281 1029 καί
1299 982 1350 1031 πᾶν
1368 973 1591 1056 όίοτινάρετὴῆ
1616 981 1724 1058 μετέχον
1745 984 1849 1061 ἀρετῆς·

256 1030 288 1088 ἀν
302 1032 385 1103 αὐτοί,
401 1034 450 1093 κάν
464 1036 547 1113 μηδὲν
560 1040 624 1099 ἀλλο
643 1045 835 1122 κεχωρισμένον
855 1048 940 1105 αὐτῶν
952 1072 1030 1129 περι·
1076 1054 1146 1111 κακά
1163 1054 1190 1113 δέ
1203 1054 1367 1116 τὰτοιαῦτα·
1386 1060 1545 1140 ἀφροσύνην,
1560 1066 1718 1139 ἀκολασίαν,
1734 1067 1848 1139 δειλίαν,

239 1123 329 1197 ποιῇ.
368 1124 412 1226 ’Δι’
424 1124 492 1181 ἀλλα
509 1124 530 1181 δ’
544 1126 614 1185 ἐστίν
631 1130 781 1205 αἱρετοί,τά
802 1133 834 1189 δι’
848 1131 934 1210 ἕτερόν
948 1158 972 1191 τι
985 1157 1029 1193 κε·
1077 1142 1250 1214 ἀδικίαν,κοιί
1261 1146 1339 1203 πᾶνό
1348 1150 1403 1207 ἐστι
1414 1149 1523 1221 κακίαῆ
1539 1154 1647 1230 μετέχον
1657 1154 1849 1221 κακίας·ἀδιά·

255 1227 417 1311 χωρισμενον
438 1212 523 1268 αὐτῶν
544 1215 744 1292 προκαλούμενα
757 1218 820 1295 πρδς
839 1218 887 1288 τὴν
912 1219 1027 1299 αἵρεσιν,
1077 1251 1143 1307 φορα
1156 1232 1183 1287 δέ
1194 1231 1228 1288 τύ
1239 1238 1362 1291 τοιαῦτα·
1383 1234 1465 1307 ζωήν,
1481 1238 1604 1309 θάνατον,
1618 1238 1711 1313 δόξαν,
1726 1240 1847 1309 ἀδοξίαν,

255 1314 413 1372 περίπατοι,
428 1300 576 1376 γυμνασία,
593 1302 718 1373 μάθησις,
734 1304 893 1381 ἀνάγνωσις,
905 1308 1028 1385 torpor,
1076 1316 1169 1390 πόνον,
1186 1320 1298 1395 ἡδονήν,
1311 1322 1439 1399 πλοῦτον,
1452 1325 1559 1396 πενίαν,
1572 1326 1661 1397 νόσον,
1673 1330 1794 1405 ὑγίειαν,
1805 1331 1848 1387 καί

255 1380 405 1483 θεραπεῖαι,
425 1387 536 1464 τροφαί,
556 1386 661 1447 σκέπαι.
703 1391 809 1450 Τούτων
829 1393 880 1472 γόιρ
902 1393 973 1452 οὐδὲν
993 1396 1030 1454 δι’
1074 1402 1107 1459 τὰ
1121 1403 1219 1471 τούτοις
1233 1405 1321 1481 ὅμοια.
1363 1411 1424 1467 Τῶν
1445 1410 1467 1467 δ’
1483 1412 1586 1487 ἀγαθῶν
1599 1413 1634 1471 τόι
1648 1412 1694 1490 μέν
1708 1404 1775 1472 είναι
1788 1418 1848 1493 ἀρε-

256 1466 319 1570 ariao
333 1468 451 1546 ληπτόν,
466 1472 533 1531 κατδι
555 1475 582 1533 δὲ
605 1473 653 1545 τὴν
672 1478 804 1559 ἀναφορὰν
818 1481 867 1551 τὴν
881 1483 922 1561 ἐφ’
939 1481 957 1539 δ
973 1506 1029 1541 πα·
1074 1489 1133 1561 τοίς,
1152 1489 1185 1547 τόι
1203 1491 1225 1547 δ’
1248 1491 1286 1551 ού.
1327 1492 1460 1573 Φρόνησιν
1485 1496 1532 1573 μίν
1550 1490 1593 1556 οὖν
1616 1500 1662 1557 καί
1680 1500 1849 1578 σωφροσύνην

255 1574 372 1630 ρεχεται.
1074 1576 1119 1633 καί
1142 1578 1262 1657 ἀνδρείαν
1284 1582 1389 1658 ἀρετάς·
1411 1581 1496 1662 χαρδν
1518 1584 1546 1641 δὲ
1568 1584 1612 1644 καί
1632 1588 1789 1667 εὐφροσύνην
1806 1592 1849 1646 καί

294 1644 328 1701 El
342 1652 394 1699 πᾶν
407 1643 437 1702 τδ
451 1646 531 1704 καλδν
541 1646 574 1705 δι’
584 1646 648 1706 αύτδ
662 1652 780 1730 αἱρετόνς
796 1652 876 1714 Κατόί
888 1654 934 1730 μὲν
950 1658 1029 1717 Πλοί-
1074 1663 1167 1743 θύρσος
1188 1665 1232 1722 καί
1249 1667 1372 1745 βούλησιν
1396 1670 1441 1727 καί
1465 1671 1498 1729 τδ
1526 1672 1698 1747 παραπλήσια
1718 1674 1766 1731 ούκ
1784 1665 1850 1732 εἶναι

253 1750 325 1786 τωνα
347 1739 410 1791 πᾶν.
451 1733 507 1793 Καί
528 1735 580 1815 γὰρ
594 1735 690 1813 ἀρετὴν
709 1748 814 1811 πᾶσαν,
838 1741 883 1800 καί
904 1741 951 1814 τὴν
968 1746 1027 1805 καθ’
1073 1752 1174 1829 ἀρττάς.
1215 1755 1276 1813 Τῶν
1289 1756 1311 1812 δ’
1328 1757 1425 1833 ἀρετῶν
1437 1757 1482 1823 τδις
1495 1758 1542 1833 μὲν
1557 1759 1703 1837 ἐπιστήμας
1714 1764 1793 1819 τινῶν
1805 1763 1850 1820 καί

253 1814 366 1887 έκάοτην
382 1815 433 1884 ἕξιν
446 1821 607 1891 σπουδαίαν,
625 1823 670 1880 καί
684 1823 731 1894 τὴν
745 1826 890 1905 ἐνέργειαν,
901 1827 958 1899 ἥτις
971 1830 1028 1889 ἐστί
1049 1806 1052 1887 ί
1073 1839 1183 1916 τέχνας,
1199 1839 1245 1907 τὰς
1257 1843 1280 1899 δ’
1293 1840 1333 1903 οὗ,
1374 1843 1507 1921 Φρόνησιν
1524 1845 1570 1921 μὲν
1586 1839 1628 1905 03,
1646 1848 1690 1907 ml
1708 1850 1849 1929 σωφρηηύ.

252 1901 345 2007 πρδγξις
362 1904 527 1983 μετόιλόγου.
570 1907 722 1986 Ὠνομάσθη
733 1920 794 1989 γοῦν
803 1915 896 1987 καλόν,
910 1920 950 1975 δτι
959 1919 1028 1989 κλη-
1049 1906 1051 1969 ί
1073 1949 1120 1995 νην
1145 1926 1190 1985 καί
1217 1928 1335 2008 ἀνδρείαν
1353 1931 1398 1991 καί
1421 1933 1584 2004 δικαιοσύνην
1610 1935 1757 2011 ίπιστημας
1780 1931 1849 1997 εἶναί

252 2011 323 2045 τικον
345 1991 415 2048 ἔστιν
429 1991 468 2071 ἀφ’
483 1993 547 2053 αὑτό
571 1993 606 2053 ⁶7,
649 2000 696 2076 Τῷ
722 2002 744 2057 δ’
759 2000 929 2082 Ἀριστοτέλει
941 2008 1027 2081 δοκεῖ,
1072 2012 1215 2076 τινων.κιιί
1233 2016 1344 2093 τέχνας·
1367 2018 1563 2099 μεγαλοψυχίαν
1578 2018 1605 2078 δέ
1626 2022 1671 2080 καί
1686 2022 1780 2102 ῥώμην
1804 2026 1849 2083 καί

252 2073 298 2182 τδιΙς
322 2075 369 2153 μὲν
390 2076 456 2145 ἔξεις
470 2082 517 2139 οὐκ
542 2073 608 2141 εἶναι
626 2085 660 2141 δι’
675 2085 755 2155 αύτόις
773 2091 896 2169 αἱρετός,
916 2091 948 2150 δι’
962 2092 1028 2152 ἀλλο
1073 2100 1148 2177 ἰσχὺν
1162 2105 1247 2180 ψυχῆς
1264 2100 1319 2161 οὔτ’
1333 2104 1480 2182 ἐπιστήμας
1493 2098 1559 2166 εἷναί
1576 2130 1652 2167 τινων
1670 2110 1728 2169 οὔτε
1741 2111 1848 2190 τέχνας.

256 2183 305 2272 γαρ
318 2185 365 2271 τιγ,
380 2164 429 2235 τὴν
442 2166 580 2247 ἐνίργιιαν.
621 2173 702 2231 Πᾶσα
715 2172 766 2251 γίιρ
780 2175 830 2243 ἕξις
848 2178 892 2235 διὰ
911 2178 1025 2253 ταύτην,
1073 2188 1210 2267 Ἀνάλογον
1224 2189 1251 2248 δέ
1266 2190 1311 2248 καί
1328 2196 1379 2250 τῶν
1393 2196 1482 2251 κακῶν
1497 2192 1530 2252 ed
1548 2194 1595 2270 μέν
1610 2186 1675 2253 εἶναι
1688 2198 1800 2269 κακίας,
1814 2198 1849 2256 τίς

253 2272 321 2309 ωστι
332 2272 362 2311 το
376 2242 406 2309 οδ
421 2252 511 2331 ἕνεκα,
525 2262 601 2345 τοῦτο
617 2258 644 2316 δὲ
658 2260 690 2316 δι’
703 2261 768 2319 aino
780 2264 896 2339 αίριτόν,
909 2263 1026 2345 ύπαρξις,
1069 2276 1093 2333 δ’
1107 2275 1146 2336 οὗ.
1188 2275 1342 2357 Ἄφροαύνην
1356 2274 1402 2353 μὲν
1416 2269 1461 2336 oin
1473 2278 1518 2337 καί
1529 2281 1671 2340 ἀκολασίαν
1686 2282 1731 2342 καί
1744 2285 1848 2343 ἀδικίαν

252 2334 380 2416 Upim
401 2341 448 2399 καὶ
468 2342 540 2409 <filit
553 2352 598 2405 τοῦ
614 2345 682 2422 βίον.
726 2348 780 2406 Καὶ
794 2350 842 2420 τὴν
864 2352 1026 2428 εὐδαιμονίαν
1048 2352 1051 2383 ¹
1070 2362 1116 2420 καὶ
1134 2362 1231 2422 δειλίαν
1254 2362 1299 2421 καί
1321 2366 1494 2445 μικροψυχίαν
1518 2367 1562 2425 καί
1583 2368 1728 2445 ἀδυναμίαν
1753 2371 1849 2437 κακίας

251 2415 323 2532 0,ἶῖος
335 2426 384 2530 μὲν
397 2426 449 2486 ἀπὸ
462 2430 638 2511 τῆςχρήσῑως
653 2435 798 2513 dimitti,
813 2437 965 2497 Πδᾶτνινδί
980 2438 1027 2497 καί
1047 2390 1050 2523 ί
1071 2472 1150 2506 εναι·
1167 2448 1250 2520 λύπην
1267 2450 1355 2509 δὲκαὶ
1382 2452 1460 2531 φόόον
1483 2454 1528 2512 καί
1549 2452 1583 2510 ad
1605 2455 1782 2535 παραπλήσια
1802 2460 1848 2515 οὐκ

252 2532 304 2568 απθ
317 2536 364 2583 της
380 2514 506 2585 κτήσεως·
550 2518 619 2577 Ἀλλ’
639 2520 715 2597 ὑμίν
736 2523 908 2602 πρεσύύῐιρῡς
928 2528 954 2583 ἓν
973 2534 1027 2593 τοῖς
1047 2548 1050 2574 ¹
1071 2525 1136 2593 εἶναι
1150 2536 1253 2602 κακίας.
1294 2540 1355 2598 Τῶν
1370 2538 1397 2597 δέ
1414 2542 1513 2599 κακιῶν
1526 2537 1573 2605 τδς
1594 2540 1641 2616 μὲν
1653 2532 1719 2599 εἶναι
1741 2545 1847 2621 ἀγνοίας

251 2598 348 2676 Νόμοις
361 2602 407 2661 καί
422 2606 449 2661 όν
469 2627 507 2684 τῳ
517 2606 624 2687 Τιμαίῳ
642 2608 687 2666 καί
701 2631 768 2667 τισιν
783 2614 870 2678 ἄλλοις
883 2616 967 2672 ταῦτα
980 2638 1026 2673 κε·
1046 2579 1050 2670 ί
1070 2627 1163 2695 τινῶν,
1175 2624 1220 2682 καί
1239 2623 1373 2703 ἀτργνίας,
1385 2626 1432 2692 τὰς
1447 2627 1469 2684 δ’
1482 2625 1521 2686 ού.
1565 2628 1724 2707 Ἀρροαύνην
1737 2628 1786 2705 μέν
1799 2623 1845 2690 otia

249 2686 386 2766 κώρηκῑνι
398 2693 412 2747 ὃ
423 2690 450 2751 δὲ
462 2690 583 2772 filiiflii<
597 2696 623 2753 ἕν
639 2704 691 2763 τοῖς
703 2696 827 2764 Ἠθικοῖς·
1070 2710 1115 2769 καί
1129 2711 1271 2771 ἀκολασίαν
1296 2713 1341 2771 καί
1354 2714 1456 2772 ἀδικίαν
1472 2714 1516 2773 καί
1536 2716 1633 2775 δειλίαν
1654 2716 1758 2794 ἀγνοίας
1777 2708 1848 2776 εἷναί

249 2824 371 2898 Muto<
383 2829 428 2887 καλ
445 2832 497 2887 τῶν
512 2833 610 2891 λοιπῶν
625 2835 749 2893 Στωϊκῶν
764 2836 883 2912 δόγματα
897 2836 958 2917 περὶ
978 2842 1024 2895 τοῦ
1072 2800 1350 2909 τξνῶν,καί,ᾶ“χνίας’
1362 2800 1541 2909 ,μικροψυχίαν
1563 2800 1591 2859 δὲ
1616 2801 1661 2859 καί
1685 2802 1845 2877 ἀδυναμί“”’

770 2910 775 2921 ’
812 2893 817 2912 “
1070 2908 1127 2946 oure
1141 2910 1243 2964 αγνυιας
1257 2890 1331 2944 τινῶν
1345 2909 1404 2946 ουτε
1422 2887 1550 2968 ἀτεχνίας.
1578 2884 1652 2947 Ἔτι
1669 2889 1695 2946 δὲ
1709 2894 1761 2949 τῶν
1778 2892 1846 2967 α’γα-

308 2977 312 2984 ,
397 2920 488 2987 ἠδικοῦ
507 2918 870 3001 μέρουςτῆςφιλοσοφίαςὸί.
1086 2977 1102 2992 „
1339 2982 1349 2994 ,
1564 2973 1571 2996 ,
1714 2977 1751 3000 ,‚
1832 2979 1839 3000 ,

1069 2980 1118 3033 θων
1132 2974 1165 3032 el
1177 2974 1223 3051 μέν
1235 2984 1300 3033 πᾶσι
1310 2997 1362 3042 τοις
1394 2973 1505 3054 ρονίμοις
1518 2981 1665 3054 όταρχειν,
1679 3000 1724 3035 και
1736 2980 1796 3049 ael,
1811 3003 1845 3035 τα

288 3023 355 3133 Περί
369 3054 396 3114 δὲ
408 3059 460 3114 τῶν
472 3060 570 3128 ἀδικῶν
580 3058 637 3128 έίῆς
653 3060 797 3138 ποιήσομαι
812 3062 856 3120 τδν
866 3068 1022 3142 ὑπομνημα-
1045 3109 1048 3131 ,
1069 3063 1096 3120 δὲ
1110 3062 1150 3122 ού.
1192 3061 1295 3140 Ἄρει-δν
1309 3061 1356 3136 μέν
1367 3083 1410 3119 ουν
1422 3071 1508 3119 πᾶσαν
1517 3061 1563 3119 καί
1573 3063 1699 3141 φρονίμην
1711 3062 1844 3143 αἴσθησιν,

260 3200 1839 3228 -—-·-—--·—----------—--—-———-—--—-

248 3295 343 3356 luatur,
355 3295 400 3344 alla
411 3299 506 3358 propter
517 3296 589 3348 aliod.
621 3304 657 3349 le
668 3312 748 3362 {aerae
761 3301 857 3362 quidem
868 3303 1021 3364 expetuntur,
1069 3298 1196 3361 petendum
1210 3299 1361 3361 ent,quippe
1376 3299 1459 3361 inquo
1475 3300 1607 3350 substantia
1620 3302 1659 3350 rel
1674 3315 1734 3351 naua
1749 3305 1775 3352 et
1791 3303 1846 3352 faia

249 3395 305 3443 quae
321 3396 369 3432 uon
388 3385 486 3444 propter
499 3384 563 3434 aliod
580 3385 638 3447 quid
657 3387 695 3435 aui
720 3387 856 3448 cupidinem
883 3391 980 3439 movent
995 3403 1023 3438 ae
1067 3386 1260 3436 vilrecooslalal.
1292 3386 1324 3436 at
1333 3385 1469 3435 felicitatem
1478 3386 1519 3435 hio
1534 3386 1564 3435 ab
1578 3400 1621 3435 usu
1640 3389 1758 3450 appellat,
1772 3390 1844 3439 Plato

252 3468 397 3519 desiderium
412 3470 627 3533 nobieluentiunt;
640 3473 719 3533 qualia
734 3475 868 3524 auotrerbi
882 3476 957 3537 gratia
972 3475 1022 3526 leli·
1067 3486 1124 3523 reru
1137 3473 1408 3536 eliamapoateaalone.
1440 3475 1471 3522 El
1488 3473 1527 3522 ifle
1540 3474 1638 3536 quidem
1652 3478 1723 3525 aelate
1732 3477 1843 3540 superior

248 3557 322 3617 ellae,
338 3570 409 3606 omne
431 3557 548 3607 virtulum
569 3571 658 3620 genna,
681 3559 786 3621 eorporis
805 3560 867 3608 bona
891 3560 1022 3610 seeundum
1067 3560 1315 3621 integimentum
1327 3559 1490 3608 etaliiellbria
1509 3559 1843 3624 neepereepit,arietotetes

248 3645 359 3694 naturam
369 3681 377 3706 ,
386 3649 415 3693 ut
429 3644 535 3707 sanitae,
546 3645 623 3694 bonae
632 3646 745 3706 lrabllua,
756 3660 869 3696 sensuum
885 3647 962 3710 vigor,
971 3648 1022 3710 pul·
1067 3648 1148 3697 autem
1163 3646 1187 3694 in
1197 3646 1293 3696 llllrlela.

248 3731 374 3790 elrritndo,
387 3729 512 3791 celeritas,
533 3733 695 3784 membrorum
714 3735 850 3796 iutegritaa,
865 3735 939 3785 robur
950 3739 1023 3797 atque

247 3817 294 3866 alia
313 3819 350 3867 hie
362 3819 460 3879 τυπίδος
477 3820 610 3882 voluptates
622 3821 729 3883 ουτροτίσ
750 3834 846 3883 quoque
862 3822 921 3870 nllail
939 3822 1021 3872 damni

247 3905 319 3954 nobis
342 3905 475 3956 afferentes.
508 3907 631 3968 Siquidem
650 3908 703 3957 laaee
730 3908 768 3957 vir
790 3909 897 3970 prudeus
922 3921 962 3970 per
981 3921 1021 3970 ee,

247 3991 340 4040 etiamsi
359 3991 421 4041 nillil
441 3992 508 4042 aliud
522 3993 577 4043 fode
598 3996 768 4056 oonsequatur,
788 3997 888 4056 expetit.
922 3998 1022 4059 Propter
1095 3993 1142 4042 sed
1155 3992 1186 4042 de
1198 3991 1282 4041 morali
1298 3991 1446 4055 philosophia
1457 3990 1571 4054 deiooepa
1585 3991 1708 4042 ooufieiarn
1718 4005 1844 4043 commem

247 4078 311 4127 aliud
334 4080 414 4128 autern
428 4083 583 4142 expetuntur,
596 4094 652 4143 qum
672 4083 768 4144 propter
783 4080 846 4130 aliud
862 4080 917 4131 inrle
936 4095 1021 4132 ooaee·
1066 4080 1152 4140 larioe,
1166 4079 1284 4141 praecipua
1297 4079 1406 4141 dopnata
1419 4080 1559 4128 aommatlm
1574 4078 1703 4141 explicam.
1737 4080 1842 4130 lollium

249 4179 327 4228 ηυεον
337 4168 374 4216 eui
389 4167 572 4228 cupiditatem
586 4168 749 4228 fullammaot,
759 4169 787 4216 ut
798 4168 942 4227 ambulatio,
952 4181 1020 4218 erer-
1065 4171 1144 4216 autem
1157 4166 1213 4215 iude
1226 4165 1329 4215 foetam:
1344 4170 1378 4216 Ea
1390 4177 1443 4216 ease
1452 4166 1510 4216 diolt
1520 4169 1599 4228 zeno,
1613 4167 1842 4227 qumauhalauliam

247 4254 342 4313 citatio,
359 4253 502 4316 disciplina,
523 4254 610 4314 loetlo,
625 4255 759 4314 medicina,
771 4254 878 4313 euratio,
893 4254 1020 4316 alimenta,
1066 4251 1167 4312 habeon
1183 4265 1214 4300 ex
1225 4252 1263 4300 laia
1278 4265 1336 4301 rero
1358 4251 1404 4301 alla
1426 4264 1479 4301 esee
1495 4250 1575 4312 boon,
1586 4249 1630 4300 alia
1642 4251 1721 4314 mala,
1733 4253 1781 4301 alla
1798 4253 1838 4302 in-

247 4342 393 4402 tegumenta.
424 4342 533 4401 Namque
545 4353 573 4390 ετ
590 4340 846 4403 laianiltilperae,eod
864 4343 1019 4405 tantumpro·
1064 4334 1204 4384 όίίίθῐθῐὶίῑθ·
1235 4339 1269 4384 Ac
1286 4334 1348 4384 b⁰¹¹²
1369 4335 1465 4397 (fuldem
1485 4334 1586 4395 5⁰⁶in
1612 4335 1775 4396 iffldfflfllma
1790 4337 1834 4398 11¹·

248 4429 341 4490 pterea
359 4439 414 4488 qute
423 4426 495 4476 offert
508 4427 637 4489 expetitur.
1065 4421 1169 4482 atillam,
1183 4422 1378 4485 temperantiam,
1389 4421 1551 4472 fortitudipem
1560 4435 1704 4484 omnemque
1717 4422 1839 4474 uirtutem

276 4515 340 4563 llum
354 4526 425 4563 omne
441 4513 566 4563 laonealum
583 4527 627 4576 per
640 4526 667 4563 aa
683 4514 715 4562 eil
732 4514 912 4576 expetendum?
930 4517 1017 4565 Secun—
1064 4511 1089 4558 el
1106 4508 1170 4571 quod
1194 4509 1310 4572 particeps
1323 4515 1361 4558 est
1383 4509 1491 4570 vlrlutie;
1504 4509 1568 4558 mala
1591 4515 1670 4558 aulem
1691 4510 1841 4572 amentiam,

246 4600 307 4650 dam
315 4601 438 4650 Platonem
447 4599 544 4662 quidem
552 4612 632 4649 omae.
665 4601 759 4662 Quippe
768 4603 793 4650 et
802 4602 913 4652 virtutem
923 4615 1018 4652 omnem
1064 4596 1295 4658 inlemftflllfilffla·
1307 4596 1442 4658 idwilmr
1460 4595 1602 4657 ίῐόῦῦῑῑίίῑῐῃ
1623 4599 1648 4646 li
1662 4607 1733 4646 ΟΜ
1749 4597 1840 4646 'ilium

246 4693 270 4737 el
284 4687 385 4750 probum
394 4687 468 4737 animi
479 4685 586 4736 habitum
596 4700 680 4737 earnm
692 4688 792 4750 alognlla
805 4689 984 4739 conventualem
994 4695 1019 4741 et
1063 4689 1088 4736 el
1107 4687 1172 4749 quod
1191 4689 1310 4750 partloepa
1330 4687 1383 4735 allii
1406 4689 1444 4736 eal
1466 4701 1473 4731 τ
1493 4685 1649 4736 indifferentia
1669 4699 1727 4734 vero
1741 4687 1841 4748 vitam,

247 4778 407 4840 iuncinum,
423 4791 479 4840 quaa
490 4777 604 4827 eataelio
619 4791 675 4827 cum
695 4778 800 4839 ratione,
814 4792 844 4828 eo
859 4779 939 4828 refert.
972 4783 1017 4840 Ap—
1063 4777 1179 4837 mortem,
1199 4774 1312 4837 gloriam,
1334 4773 1503 4836 ignominiam,
1525 4773 1646 4832 faborem,
1667 4772 1840 4834 voluptatem,

247 4865 359 4924 pellatam
370 4869 435 4914 oerte
447 4867 485 4914 eet
501 4865 627 4914 lroueatum
639 4865 689 4915 aire
703 4865 777 4914 roton
798 4865 865 4928 quael
878 4879 892 4914 a
906 4865 1017 4926 calando,
1063 4861 1171 4922 divitiae,
1183 4863 1362 4923 paupertatem,
1382 4859 1507 4922 morbum,
1522 4859 1646 4909 uanitatem
1657 4861 1682 4908 et
1694 4859 1781 4908 mmm
1800 4861 1838 4908 ai-

246 4951 312 5012 quod
331 4949 362 5000 ad
379 4963 405 5000 ee
421 4953 493 5002 vooet
515 4966 558 5002 eeu
577 4953 669 5003 invitet.
701 4954 821 5004 Aristoteli
841 4965 897 5002 νοω
915 4953 1016 5013 ridetnr,
1066 4948 1137 4998 milia.
1171 4949 1290 4998 caeterum
1311 4947 1429 4996 bonorum
1444 4947 1492 4996 alla
1513 4946 1615 4996 rirlutoa
1634 4959 1702 5006 ease,
1720 4946 1767 4996 alia
1783 4960 1839 4996 nou

247 5037 342 5086 liabitas
354 5051 401 5087 non
421 5051 463 5101 per
481 5053 508 5088 ae
528 5053 579 5089 esee
592 5039 753 5102 expetendos,
773 5040 814 5088 aed
829 5045 925 5102 propter
938 5038 1017 5099 allud,
1062 5049 1121 5087 ease.
1154 5037 1246 5098 Quippe
1263 5035 1429 5099 prudentiam,
1449 5033 1644 5094 temperantiam,
1666 5033 1838 5083 fortitudinem

246 5123 391 5172 fraootiooem
407 5124 528 5175 videlieet.
561 5127 645 5175 Omnia
658 5126 722 5175 enim
740 5126 835 5174 liabitas
848 5131 945 5187 propter
956 5125 1018 5172 hano
1063 5123 1162 5172 virtutes
1175 5105 1241 5182 σιούς
1258 5121 1476 5185 gaudium'antem,
1492 5119 1597 5170 laetitiam
1609 5155 1617 5180 ,
1628 5119 1767 5180 audaciam,
1786 5132 1835 5168 το-

247 5211 297 5271 eet,
308 5210 340 5259 lta
356 5213 382 5259 nt
393 5213 444 5272 etus
459 5225 530 5262 eausa
546 5213 663 5274 eirrl5lroe
675 5217 755 5264 autern
773 5216 864 5262 tantum
878 5226 957 5275 poree
975 5225 1017 5261 οτ-
1063 5211 1176 5260 luutalern
1192 5212 1217 5260 et
1232 5224 1287 5272 ηοω
1301 5211 1338 5259 lais
1355 5206 1742 5258 similiaeuntnonesserirtotee.
1774 5207 1838 5255 Vir·

1067 3769 1168 3824 Zenonis
1184 3775 1210 3824 et
1230 3774 1376 3835 reliquorum
1386 3773 1521 3822 stoicomm
1536 3773 1567 3822 de
1582 3774 1666 3824 morali
1680 3775 1842 3838 plrlloaoplriae

1360 3862 1427 3924 parte
1449 3861 1541 3923 placita.
