3959 5925
208 296 261 347 ⁴2⁴
705 294 1011 360 ctuuuntuouuu
1031 293 1286 355 FRAGMENTA.

240 439 379 517 (Stobaeus
391 436 469 495 flor.
484 434 540 507 CV,
557 436 594 492 56
609 433 731 511 Βίωνος.)
1058 426 1197 504 (Stobaeus
1213 426 1290 513 Flor.
1301 427 1334 499 V,
1349 429 1386 499 67
1400 429 1430 485 ἐκ
1452 403 1515 485 τῖιῖνΙι
1528 433 1574 487 τοῖν
1596 428 1718 500 Τελητος
1737 430 1823 505 ,περὶ

238 548 261 588 a.
285 526 338 586 ίίαί
351 523 427 604 γάρὴ
441 522 519 602 τάχη,
530 522 608 601 φησίν
619 525 633 579 ὁ
646 520 725 594 Βίων,
737 518 828 597 ὥσπερ
837 516 970 595 ποιήτρια,
1019 514 1183 593 αὐταρκείας.
1200 514 1308 572 Uttima
1321 513 1391 591 ἔμάα
1407 512 1547 594 πορθμίδας
1564 515 1664 595 ἔρυμα,
1678 536 1754 593 εγενετο
1773 517 1823 573 ad

199 617 241 673 θτὲ
264 614 311 689 μίν
331 609 498 691 πρωτολόγου
521 608 563 668 θτί
586 608 614 666 δὲ
636 607 803 686 θοτιρολάγου
827 603 974 684 περιτίθησι
1020 601 1175 659 Charontis
1198 600 1331 679 cymbam
1358 601 1561 676 reserenda,e
1588 606 1682 662 veteri
1715 616 1824 682 poeta

199 700 348 780 πρόσωπον,
363 695 408 755 καί
429 693 472 753 θτὲ
496 694 542 770 μίν
569 692 697 772 βασιλέως
714 692 756 750 θτί
772 691 800 749 δὲ
814 689 921 760 ἀλήτου.
1019 702 1113 749 sumta
1125 690 1287 765 videntur.)

240 785 382 868 [Stobaeus
400 783 479 844 tior.
492 782 527 854 V,
540 785 577 856 67
594 784 624 841 ἐκ
641 785 694 840 τῶν
714 784 761 839 τοῦ
781 777 898 848 Τέλητος
914 774 974 858 περὶ
1060 796 1095 837 ιι.
1119 775 1188 835 Βίων
1201 776 1264 854 πρδς
1277 774 1334 841 τοὺς
1346 774 1486 854 λίγοντας,
1497 775 1538 834 ὅτι
1552 774 1582 835 τὸ
1594 776 1690 844 κάλλος
1703 800 1826 857 suprav-

200 872 380 952 αὐταρκείας.)
665 902 669 907 -
1020 864 1080 922 νίδα
1105 862 1175 943 ἔχει,
1197 866 1276 940 dist,
1298 862 1387 940 ἔλεγε,
1411 863 1558 943 τυραννίδος
1575 866 1647 944 τριχί
1669 868 1827 926 καταλυο-

238 983 261 1021 a.
286 959 355 1019 Βίων
371 958 470 1035 ἔλεγεν,
486 956 575 1034 ὥσπερ
588 954 622 1013 τά
645 958 734 1035 φαῦλα
748 956 799 1011 τῶν
815 949 973 1031 βαλαντίων,
1022 950 1111 1029 με’νης.

200 1048 248 1109 κάν
274 1038 414 1125 μηδενδςῇ
432 1045 508 1115 ἀξια,
530 1042 654 1102 τοσούτου
675 1040 744 1101 ἐστίν
766 1039 842 1112 ἀξια,
865 1037 925 1099 ὅσον
948 1040 974 1095 ἐν
1061 1037 1200 1119 (Stobaeus
1230 1037 1307 1098 Flor.
1335 1037 1432 1117 LXVI,
1457 1040 1485 1099 5.
1509 1039 1619 1116 Scripsi
1642 1039 1718 1119 τριχί
1742 1060 1826 1099 cum

202 1136 302 1201 ίαυτοῖς
319 1134 349 1192 τὸ
363 1132 480 1208 νόμισμα
494 1132 607 1211 ίχουσιν·
621 1129 689 1189 οὕτω
707 1129 752 1187 καί
771 1133 822 1188 τῶν
844 1124 975 1186 πλουσίων
1020 1125 1157 1185 Jacobsio
1170 1129 1202 1183 in
1218 1125 1479 1185 Additamentisad
1492 1127 1595 1189 Athen.
1613 1147 1681 1205 pag.
1701 1128 1771 1186 283
1790 1144 1828 1187 et

200 1224 259 1292 τοῖις
286 1220 386 1288 οὐδενὸς
413 1218 498 1288 ἀξίους
522 1222 685 1298 καρποῦσθαι
708 1215 754 1285 ab<
778 1215 850 1284 ἀξίας
873 1204 910 1273 ὧν
932 1213 976 1274 xi·
1021 1214 1057 1271 ad
1084 1213 1202 1271 huthol.
1234 1212 1329 1271 Graec.
1367 1228 1436 1273 tom.
1459 1211 1498 1272 lit
1521 1234 1586 1291 pag.
1613 1217 1686 1287 1283
1712 1216 1823 1276 codd.

201 1332 320 1383 κτηνται.
1021 1301 1121 1381 'thibi

242 1396 383 1475 (Stohaeus
402 1395 482 1453 Flor.
500 1392 580 1467 XCI,
599 1394 634 1451 32
650 1391 781 1469 Βίωνος),
910 1426 913 1431 -
1061 1405 1098 1446 io.
1116 1385 1149 1447 Ὁ
1164 1386 1287 1467 σοφιστὴς
1299 1385 1367 1447 Βίων
1376 1387 1422 1453 τὰς
1438 1390 1488 1446 τῶν
1502 1389 1590 1446 καλῶν
1600 1387 1695 1467 τρίχας
1709 1388 1827 1467 Ἁρμο-

241 1505 278 1545 νυ.
300 1483 370 1544 Βίων
386 1482 473 1560 ἔλεγε,
484 1479 695 1560 καταγελάστους
709 1470 775 1537 εἶναι
795 1475 854 1544 :ohe
865 1474 977 1537 σπουδά-
1023 1473 1090 1553 δίους
1102 1471 1190 1533 ἐκάλει
1204 1473 1248 1531 καί
1261 1474 1495 1555 Ἀριστογείτονας,
1510 1476 1545 1542 ὡς
1559 1473 1615 1550 άμα
1633 1479 1672 1555 τῷ
1687 1480 1824 1555 καρῆναι

201 1576 291 1641 ζοντας
311 1570 372 1650 περί
396 1572 518 1640 πλοῦτον,
530 1568 559 1627 ὃν
573 1567 642 1647 τάχη
664 1566 712 1641 μὲν
732 1564 858 1643 παράχει,
875 1566 978 1622 ἀντλιυ·
1021 1564 1104 1633 καλῆς
1125 1560 1273 1641 τυραννίδος
1296 1561 1542 1638 ἀπαλλαττομένους
1559 1564 1644 1622 αὐτῶν
1664 1563 1728 1630 τοὺς
1746 1566 1823 1645 ἐρα·

201 1657 312 1738 θερίαδί
327 1656 471 1737 φυλάττει,
483 1656 631 1735 χρηστότης
646 1652 673 1711 δὲ
685 1656 845 1733 ἀφαιρεῖται.
1022 1650 1096 1716 στάς.

241 1744 380 1824 ίὸῑοΒαιιιτ
395 1743 471 1801 Flor.
486 1741 597 1816 heht,
613 1744 649 1807 34
664 1738 781 1814 Βίωνος.)
1064 1737 1244 1813 (Plutarchus
1266 1742 1394 1799 Amator.
1408 1758 1470 1818 cap.
1483 1748 1521 1807 ah
1539 1740 1601 1798 vot.
1613 1738 1758 1818 XII-pag.
1776 1745 1820 1810 64

243 1853 279 1894 ιι.
301 1831 372 1891 Βίων
396 1830 468 1906 ἔλεγε
493 1826 670 1909 γελοιοτάτους
691 1817 758 1885 εἶναι
777 1825 835 1894 τοὺς
853 1829 978 1906 ἀστρονο-
1022 1828 1066 1885 cd.
1079 1827 1196 1888 Hutten.
1208 1824 1318 1905 Scripsi
1333 1849 1340 1884 :
1354 1828 1389 1893 ὡς
1404 1826 1460 1901 ἅμα
1475 1830 1512 1905 τῷ
1525 1830 1640 1906 καρῆναι
1657 1830 1750 1899 καλῆς
1767 1854 1823 1888 τυ-

202 1926 327 1999 μοῖῖντας,
350 1916 376 1975 oi
398 1917 458 1985 τοὺς
473 1916 547 1998 παράι
571 1915 633 1976 ποσί
654 1914 713 1982 τοὺς
728 1916 755 1973 ἕν
778 1915 830 1981 τοῖς
853 1917 979 1994 αἰγιαλοῖς
1025 1914 1139 1993 ραννίδος
1154 1914 1402 1991 ἀπαλλαττομένους
1417 1916 1518 1987 abtim
1534 1915 1618 1973 codd.
1635 1918 1670 1982 ὡς
1687 1914 1751 1990 ἅμα
1766 1940 1822 1975 κετ-

201 2012 274 2087 ίχθῡς
287 2007 316 2068 oia
330 2003 484 2083 βλέποντες,
501 2003 561 2071 τοὺς
574 2005 601 2062 ἐν
615 2006 652 2083 τῷ
664 2005 764 2083 οὐρανῷ
779 2002 921 2082 φάσκουσιν
938 2008 978 2062 τί·
1024 2002 1070 2073 λῆς
1081 2004 1230 2081 τυραννίδος
1243 2002 1487 2079 ἀπαλλαττομένους
1499 2005 1543 2060 ὑπ’
1555 2001 1662 2081 αὐτῶν.)

202 2094 283 2154 δῖναι.
1066 2108 1099 2151 νο.
1122 2086 1326 2165 Ὀνειδιζόμενος
1353 2088 1397 2149 lari
1412 2092 1449 2169 τῷ
1464 2088 1502 2165 μὴ
1522 2093 1636 2169 θηρᾶσαι
1654 2090 1817 2171 μειράκιον,

244 2180 385 2257 (Stobaeus
399 2180 478 2238 Ftor.
495 2177 605 2249 LXXX,
622 2180 637 2235 3
651 2175 772 2254 Βίωνος.)
1024 2176 1084 2257 Οιίχ
1104 2167 1156 2235 οἷόν
1170 2198 1213 2249 τε,
1238 2175 1303 2257 ἔφη,
1315 2176 1416 2237 teatin
1437 2177 1514 2259 τυρὸν
1533 2175 1666 2257 ἀγκίστρῳ
1685 2180 1815 2237 ἐπισπᾶ-

246 2288 280 2329 ta.
301 2267 372 2327 Βίων
383 2266 447 2347 ἔφη,
461 2269 513 2325 δεῖν
533 2266 577 2324 τδν
592 2264 687 2343 ἀγαθὸν
704 2264 819 2343 ἄρχοντα
833 2262 979 2339 παυόμενον
1025 2268 1095 2325 σθαι,
1659 2282 1674 2309 ι

204 2360 250 2428 τῆς
272 2359 355 2435 ἀρχῆς
375 2353 413 2433 μη
432 2352 634 2433 πλουσιώτερον,
647 2354 705 2409 ἀλλ’
722 2350 882 2421 ἐνδοξότῖοον
906 2375 978 2430 γεγο·
1066 2352 1220 2427 (Diogenes
1244 2352 1376 2412 Laertius
1397 2352 1447 2411 lib.
1463 2352 1511 2425 lV,
1530 2361 1579 2425 47.
1600 2352 1818 2413 Adolescentes

203 2442 285 2501 νέναι.
1027 2439 1126 2497 molles
1144 2450 1172 2495 et
1193 2438 1375 2498 effeminatos
1393 2438 1431 2511 ad
1451 2439 1666 2518 philosophiam
1684 2444 1819 2499 minime

201 2524 207 2533 ’
244 2527 387 2609 ίδῑοίιεειιε
400 2528 475 2587 Ftor.
488 2527 592 2598 XLVt,
606 2527 643 2583 οδ
657 2518 777 2603 Βίωνος.)
1026 2538 1107 2604 aptos
1121 2544 1184 2583 csse
1198 2526 1350 2601 significat.
1366 2526 1400 2583 ln
1417 2527 1536 2585 eandem
1557 2516 1734 2609 sententiam
1758 2532 1818 2587 Ατ-

244 2638 279 2679 νν.
302 2618 431 2696 Καθάπερ
441 2617 486 2675 καί
500 2616 526 2683 ἐξ
538 2614 634 2685 οἰκίας,
649 2612 726 2693 φησὶν
739 2617 753 2671 θ
767 2614 849 2686 Βίων,
863 2613 982 2685 ἐξοικιζό-
1026 2614 1124 2672 rianus
1139 2614 1260 2675 Dissert.
1275 2613 1367 2691 Epict.
1384 2612 1438 2686 tlt,
1452 2635 1514 2692 cap.
1530 2614 1568 2672 VI
1577 2637 1584 2673 τ
1599 2618 1652 2673 τῶν
1667 2614 1738 2673 νέων
1754 2616 1818 2681 τοὺς

206 2712 290 2782 μεθα,
304 2704 366 2763 ὅταν
382 2704 412 2763 τὸ
436 2702 542 2761 ἐνοίκιον
566 2705 580 2759 ὁ
605 2700 739 2778 μισθώσας
761 2702 791 2758 οὔ
813 2701 981 2779 κομιζόμενος
1028 2700 1161 2774 μαλακοὺς
1176 2703 1223 2761 οὐκ
1241 2700 1297 2760 ἔστι
1312 2700 1454 2782 προτρέψαι
1472 2696 1566 2785 ῥᾴδιον·
1578 2704 1636 2763 οὐδὲ
1656 2703 1711 2785 γάρ
1734 2706 1816 2786 τυρὸν

203 2791 251 2863 τὴν
280 2791 358 2871 θύραν
388 2789 488 2871 ἀφέλῃ,
513 2790 557 2849 τὸν
581 2789 695 2869 κέραμον
719 2788 818 2867 ἀφέλῃ,
839 2788 869 2847 τὸ
900 2788 981 2870 φρέαρ
1028 2788 1160 2869 ἀγκίστρῳ
1181 2787 1333 2849 λαὸεῖν.οί
1349 2790 1371 2847 δ’
1389 2791 1502 2871 εὐφυεῖς,
1518 2793 1567 2849 κάν
1583 2792 1758 2871 ἀποτρέπῃς,
1777 2796 1817 2851 ἔτι

207 2878 344 2958 ἀγκλείση,
369 2877 437 2936 οὕτω
461 2877 506 2934 καί
529 2880 559 2934 ἐκ
578 2882 624 2933 τοῦ
647 2876 781 2952 σωματίου
808 2874 980 2952 ἐξοικίζομαι,
1028 2876 1127 2949 μᾶλλον
1142 2875 1247 2954 ίχονται
1260 2882 1305 2935 τοῦ
1319 2876 1421 2955 λόγου.)

207 2967 268 3025 ὅταν
283 2974 300 3039 ἡ
316 2967 470 3045 μισθώσασα
485 2963 559 3043 φύσις
578 2963 637 3029 τοὺς
655 2963 805 3041 ὀφθαλμοὺς
819 2967 981 3042 ἀφαιρῆται,
1069 2981 1105 3022 it.
1129 2961 1286 3040 Ἐρωτηθείς
1300 2985 1379 3037 ποτε,
1393 2962 1432 3028 τίς
1447 2966 1547 3040 μᾶλλον
1562 2967 1675 3045 ἀγωνιᾷ,
1691 2965 1760 3046 ἔφη·
1778 2967 1816 3026 ‘0

205 3054 238 3113 τά
252 3045 322 3126 ὦτα,
333 3055 381 3120 τὰς
394 3061 499 3132 χεῖρας,
511 3049 570 3117 τοίις
583 3050 676 3118 πόδας.
689 3050 749 3130 Οὐχ
760 3050 900 3126 ὑπομένω,
917 3053 976 3109 ἀλλ’
1026 3047 1059 3105 τδι
1075 3048 1186 3126 μέγιστα
1201 3048 1355 3128 βουλόμενος
1373 3051 1519 3130 εὐημερεῖν.

204 3141 294 3221 ὥσπερ
304 3145 334 3200 ἐκ
343 3138 488 3216 συμποσίου
498 3138 710 3213 ἀπαλλάττομαι,
719 3138 981 3219 οὔθὲνδυσχεραίνων,
1067 3139 1220 3214 (Diogenes
1236 3139 1368 3198 Laertius
1381 3139 1434 3198 lib.
1448 3141 1496 3217 lt,
1512 3141 1572 3218 48.)

206 3229 274 3289 οὕτω
287 3229 332 3288 καί
345 3231 376 3288 ἐκ
389 3232 434 3286 τοῦ
448 3225 521 3306 βίου,
533 3225 595 3285 ὅταν
610 3229 627 3297 ἡ
642 3225 699 3306 ὥρα
712 3217 730 3303 ᾖ
738 3270 746 3297 ,
760 3224 831 3303 ἔμόα
843 3225 983 3306 πορθμίδας
1068 3245 1103 3284 ιν.
1127 3225 1294 3304 Ἐρωτηθείς,
1309 3229 1331 3285 τί
1343 3235 1436 3304 γαμεῖν
1446 3229 1496 3301 δεῖ,
1505 3230 1569 3307 ἔφη·
1583 3227 1648 3289 Ἐάν
1661 3228 1710 3306 μὲν
1722 3230 1816 3308 γήμῃς

206 3316 301 3396 ἔρυμα.
689 3324 693 3332 “
1027 3312 1150 3393 αἰσχράν,
1166 3312 1229 3380 ἔξεις
1242 3313 1343 3385 ποινήν·
1356 3313 1387 3372 ἀν
1401 3313 1428 3374 δί
1438 3315 1534 3392 καλήν,
1549 3315 1614 3383 ἕξεις
1626 3314 1727 3386 κοινήν.

238 3593 261 3639 θ.
278 3589 371 3639 Etenim
390 3587 497 3647 tortum,
509 3585 588 3649 inquit
600 3585 674 3648 Bion,
687 3595 802 3648 tanquam
814 3586 905 3647 poetria
917 3599 981 3636 nunc
1027 3587 1123 3650 quando
1137 3601 1191 3650 quae
1206 3589 1292 3638 tonavit
1306 3593 1394 3638 natura
1413 3589 1497 3639 ocutos
1509 3590 1568 3639 mihi
1580 3590 1708 3651 eripuerit,
1719 3605 1815 3655 aures,

207 3676 294 3740 primi,
308 3688 373 3726 nuuc
385 3675 464 3725 uttimi
475 3674 610 3735 histrionia,
619 3673 644 3724 et
654 3673 714 3723 atina
724 3671 801 3736 regis,
810 3672 869 3723 atias
879 3673 981 3724 mendici
1028 3691 1124 3740 manus,
1136 3679 1217 3740 pedes.
1230 3681 1282 3728 tion
1292 3683 1403 3741 exspecto
1416 3678 1534 3741 amptius,
1547 3679 1589 3729 sed
1598 3679 1815 3741 quemadmodum

162 3804 165 3808 .
207 3775 332 3825 personam
346 3762 416 3813 nobis
429 3762 539 3825 imponit.
860 3787 867 3799 ·
1027 3769 1169 3818 eoouvirtn
1192 3769 1306 3831 discedo,
1324 3769 1388 3818 haud
1401 3773 1510 3833 gravate,
1524 3769 1558 3819 sic
1578 3783 1610 3819 οκ
1628 3769 1676 3818 rita
1689 3783 1816 3833 quoque,

239 3854 264 3899 9·
281 3850 342 3899 135⁰ss
355 3847 666 3910 ¹50b²²²ti¹¹0m⁸t³ffl⁰d⁰m
678 3848 736 3897 '5¹¹0
747 3848 981 3912 ῐΰθῐδῦίίθιθίῑθῠὶθί
1028 3856 1068 3906 ubi
1082 3857 1176 3919 tempus
1187 3857 1244 3918 erit,
1257 3856 1350 3918 cymba
1362 3857 1565 3919 propugnaculum
1579 3856 1749 3909 conscendito.
1844 3880 1846 3891 ·
1962 3857 1963 3868 ¹

207 3936 298 3988 nultius
318 3936 387 4001 pretii
411 3937 472 3997 sint,
493 3936 554 3986 tanti
579 3937 658 3985 tamen
682 3937 842 3999 estimantur,
863 3939 981 3999 quantum
1061 3947 1097 3993 tt,
1116 3944 1174 3994 Bion
1198 3943 1347 4007 dicentibus,
1367 3943 1567 4006 pulchritudinem
1590 3943 1710 4007 quandam
1739 3947 1818 4008 qnasi

207 4037 362 4075 nummorum
377 4023 514 4084 contineam
527 4024 561 4073 sic
575 4023 661 4072 divites
666 4058 674 4084 ,
690 4023 762 4073 eiiam
778 4023 885 4073 homines
900 4023 982 4086 nthiti,
1029 4033 1168 4085 potestatem
1182 4032 1285 4094 trabere,
1302 4036 1323 4084 o
1338 4035 1488 4096 potestatem,
1501 4034 1594 4096 inquit,
1608 4045 1662 4096 qum
1677 4045 1753 4083 coma
1765 4035 1817 4086 de-

205 4114 271 4176 iusto
284 4125 434 4174 eorumque
446 4111 568 4174 possident
583 4111 701 4160 bonorum
719 4112 796 4173 pretio
810 4110 930 4160 truantur.
1029 4123 1117 4174 fluent,
1131 4123 1282 4173 diffinitur,

199 4246 203 4256 ·
241 4207 279 4252 ¹⁰·
292 4200 350 4249 ⁸⁵⁰⁰
358 4198 469 4249 tidiffl¹⁰⁸
479 4198 750 4271 titedioebtihffliflti
758 4199 800 4261 qni
808 4197 905 4248 ίῑθίίῖθθ
916 4212 981 4262 qiam·
1060 4217 1097 4262 15.
1116 4212 1174 4260 Bion
1186 4209 1291 4271 sophista
1300 4210 1459 4260 formosorum
1469 4208 1697 4260 crincsiiarmodios
1708 4213 1736 4258 ct
1751 4213 1815 4261 hri-

209 4289 303 4352 rerem,
314 4301 356 4338 ω
371 4287 435 4338 θῦίΰ]
447 4286 565 4363 Wlfflin
582 4285 729 4348 mitti-iim&
747 4286 870 4335 ”mistim
885 4299 981 4336 ⁰⁰⁰2*
1028 4299 1157 4360 stogitoncs
1172 4300 1286 4361 vocabat,
1299 4297 1365 4360 quod
1376 4297 1405 4347 iis
1419 4297 1521 4348 desectis
1532 4297 1657 4360 putchrum
1676 4297 1818 4360 imperium

210 4389 278 4438 vare,
293 4375 464 4438 benignitatem
477 4371 632 4437 protrudere.
1029 4391 1145 4436 ,mamm
1154 4386 1308 4449 demum,

241 4469 278 4514 it.
297 4464 356 4513 Βίου
370 4461 692 4524 θίθθῦθῑθθΐῐίᾶίθθίθθθῦθθ
699 4461 843 4525 θθῑΐθίθθθθι
854 4461 983 4525 quiquam
1063 4473 1099 4520 tn.
1117 4472 1292 4534 Reprehensos,
1301 4470 1365 4534 quod
1374 4470 1547 4522 adolescentem
1554 4470 1747 4531 nonrenareiur,
1755 4473 1818 4524 tion

208 4565 256 4601 non
268 4551 377 4602 viderent
390 4551 466 4613 pisces
480 4550 548 4611 juna
564 4563 590 4599 se
604 4549 630 4598 in
646 4549 726 4600 littore
738 4551 863 4613 natantes,
878 4550 930 4601 ittos
941 4551 982 4614 qui
1031 4560 1122 4620 potest,
1133 4557 1224 4621 inquit,
1238 4559 1316 4609 moitis
1328 4571 1411 4608 emaus
1424 4551 1495 4607 hamo
1506 4555 1602 4606 attrahi.

208 4640 233 4690 in
246 4639 307 4690 emto
318 4643 377 4690 sunt
389 4651 461 4690 nosse
473 4651 500 4688 se
510 4637 667 4690 affirmarent.
1062 4649 1099 4695 17.
1118 4647 1225 4708 Rogatus
1240 4643 1385 4708 aliquando,
1395 4644 1450 4708 quis
1462 4643 1615 4708 potissimum
1634 4644 1748 4694 aestuaret
1762 4645 1817 4694 du-

242 4734 279 4778 12.
296 4727 355 4778 Bion
368 4727 442 4791 dixit,
457 4728 568 4790 oportere
588 4728 679 4778 honum
694 4728 825 4792 principem
845 4728 983 4792 magistratu
1030 4731 1157 4794 bitatione,
1169 4731 1293 4794 respondit
1306 4746 1313 4779 :
1327 4731 1388 4794 ille,
1401 4729 1755 4796 puisemaxtmnseticitate
1767 4736 1817 4784 uta·

209 4815 336 4866 abeuntem
343 4851 351 4877 ,
365 4828 414 4865 non
426 4814 548 4876 ditiorem,
558 4814 599 4865 sed
612 4813 737 4865 otartorem
748 4816 860 4866 evasisse.
1030 4821 1109 4883 cupit.

242 4907 279 4952 ia.
296 4903 363 4953 Sicut
375 4903 464 4965 domo,
478 4903 556 4965 inquit
569 4903 643 4964 Bion,
662 4903 878 4967 erigimur,qunm
894 4905 984 4954 locator
1063 4908 1100 4955 tt.
1115 4907 1289 4970 interrogatos,
1299 4917 1359 4957 uum
1375 4905 1484 4956 ducenda
1497 4909 1562 4956 esset
1578 4918 1649 4968 uxor,
1661 4907 1789 4969 respoudit
1802 4927 1814 4960 τ

210 4990 983 5056 oonacceptahahitatiooismemedejanoamauterttegutamqoe,
1029 4993 1054 5043 si
1075 4993 1209 5043 detormem
1226 4992 1342 5058 duxeris,
1353 4993 1449 5044 habebis
1469 5005 1585 5056 ponam:
1601 4992 1639 5042 siu
1658 4993 1813 5060 tortuosam,

211 5078 236 5125 et
251 5077 349 5137 putenm
366 5077 484 5140 obstruit,
494 5079 527 5129 ita
540 5080 612 5130 etiam
626 5093 655 5131 ex
670 5080 717 5131 hoo
733 5082 877 5146 corpusculo
891 5081 983 5143 ejicior,
1031 5080 1129 5131 habebis
1141 5093 1301 5133 communem.
