3959 5925
250 379 307 430 2³4

246 501 361 559 facicm,
376 500 439 547 tunc
449 498 577 545 nimirum
588 496 753 544 incurrentia
764 497 843 543 remei
853 496 961 542 inticem
974 493 1027 541 dno

248 587 347 640 senilia
361 587 389 635 in
399 587 477 634 uniar
489 585 603 646 corporis
615 581 744 632 cancrent
757 584 881 644 speciem,
898 594 949 645 quo
966 594 1027 630 can·

248 675 360 725 canunt
374 671 510 720 oculorum
522 671 591 719 acies
610 670 768 729 emicantes,
782 667 1028 731 quoqne'esjlaentis

248 761 348 811 intima
355 757 471 819 susionis
485 758 556 806 acies
570 758 695 818 conliqua
713 757 838 817 imaqlnis
856 767 965 806 occursu
986 767 1027 804 re-

246 848 404 919 percutitur.

278 933 409 984 Eridanicr
417 932 497 982 visum
509 921 559 981 irari
570 930 637 990 dicit,
645 930 740 994 quoties
753 930 832 980 intimi
841 929 927 979 caloris
937 928 1028 990 lumen,

249 1020 315 1086 quod
328 1019 445 1070 inaliense
461 1032 503 1082 per
520 1019 604 1068 mulos
619 1017 685 1077 lluit,
698 1018 804 1080 aliquam
818 1016 939 1068 visibilem
951 1019 1029 1067 mate·

248 1109 321 1171 dam,
333 1121 406 1171 qnam
422 1107 561 1166 contiguam
573 1106 702 1167 imaginem
715 1105 835 1168 appellat,
850 1105 970 1154 incurrit:
987 1103 1030 1153 ihi-

247 1197 351 1260 demque
365 1195 435 1257 juxta
445 1193 553 1243 materiae
572 1192 714 1255 qualitatem
731 1193 876 1255 formatum,
892 1193 1028 1242 etcolora-

248 1288 315 1345 lum,
335 1295 439 1343 mans,
457 1281 572 1342 risusque
590 1279 663 1330 canit
676 1293 707 1330 ex
726 1280 831 1338 lumine,
850 1280 892 1343 qul
911 1281 1030 1341 contiguae

249 1371 359 1434 inlapsis
369 1381 492 1430 ccmrsrr,
504 1380 647 1430 repercusso
661 1366 744 1429 radio,
757 1367 836 1416 redita
851 1367 914 1416 iacto
925 1368 955 1416 ad
967 1381 1027 1416 ecu-

250 1460 330 1509 lorum
344 1458 423 1520 iores,
436 1469 513 1519 usqne
528 1456 559 1504 ad
573 1456 662 1505 mentis
676 1458 768 1506 secreta
783 1454 918 1518 porrigitur.
952 1460 1030 1517 atque

249 1546 321 1596 etiam
339 1543 419 1594 diurni
433 1543 527 1605 jubaris
548 1542 676 1605 applicatio
690 1555 746 1591 cum
761 1542 824 1603 ignis
841 1542 919 1595 intimi
939 1543 1031 1592 lumine

249 1632 401 1693 mutant,
414 1633 465 1681 sine
477 1630 535 1680 solis
543 1628 669 1680 ellulsione
681 1628 742 1677 nilril
757 1627 840 1677 rideri.
962 1630 966 1638 ’

281 1718 428 1772 nanneno<
444 1718 469 1766 ii
483 1719 515 1772 τις
526 1716 600 1764 νύκτα
611 1719 654 1764 τοῦ
669 1715 791 1775 ξυγγενοῦς
807 1714 878 1776 τορὸς
895 1716 1028 1777 ἀτοτίτμη-

248 1825 288 1856 ται
297 1820 303 1832 ·
313 1807 372 1870 πρὸς
386 1806 431 1869 γὰρ
444 1804 553 1866 ἀνόμοιον
565 1804 626 1859 ἐξιὸν
637 1801 769 1852 ἀλλοιοῦταί
787 1818 813 1850 τι
827 1803 936 1851 αὐτὸκαὶ
951 1819 1025 1851 κατα-

250 1889 389 1956 σῧέννυται,
404 1893 500 1954 ἰυμροὶς
510 1891 588 1940 cineas
601 1896 635 1953 τῷ
644 1890 744 1948 πλησίον
759 1891 810 1952 ἀέρι
821 1891 973 1953 γιγνόμενον,
988 1891 1030 1939 ἅτε

250 1984 297 2042 πῦρ
315 1979 359 2028 οίοι
378 1979 465 2042 ἔχοντι.
498 1976 602 2027 Παύεταί
617 1994 643 2026 τι
657 1977 697 2026 οὗν
713 1979 789 2040 ὀρῶν,
811 1979 844 2026 ίτι
859 1995 885 2026 τι
906 1978 1032 2041 ίπαχιογὸν

250 2063 353 2126 γίγνεται
368 2065 457 2113 ὕπνον·
472 2063 589 2126 σωτηρίαν
604 2064 649 2126 γὰρ
659 2064 688 2121 ἢν
702 2067 725 2112 οι
736 2064 784 2112 θεοὶ
795 2068 836 2120 τῆς
846 2063 923 2126 ὄψεως
936 2065 1027 2128 ἐμηχα-

250 2151 367 2212 νήσαντο,
379 2152 422 2209 cair
442 2154 489 2198 τῶν
507 2148 628 2212 βλιράρων
645 2149 729 2211 ριίσιν,
746 2149 802 2197 ὅταν
815 2153 889 2198 ταῦτα
908 2151 1031 2214 guppacq,

251 2233 400 2298 καιιίργονοι
423 2234 467 2292 τὴν
482 2233 611 2296 cainum<
632 2234 694 2290 ἐντὸς
708 2232 850 2294 δύναμιν,ὴ
865 2234 890 2282 i'e
914 2233 991 2295 διαχεῖ
1007 2251 1032 2284 τι

251 2321 292 2369 set
310 2319 419 2380 ὁμαλιίνιι
432 2320 474 2375 τὰς
489 2318 553 2374 ἐντὸς
573 2319 690 2378 κινήσεις,
711 2320 884 2380 ὁμαλυνίιισῶν
900 2319 925 2368 δὲ
941 2320 1031 2382 ἡσυχία

252 2405 363 2467 piparas.
911 2403 916 2416 ⁸

284 2491 409 2552 Γενομένης
421 2491 446 2539 ei
458 2490 543 2548 πολλῆς
558 2491 600 2551 μὲν
615 2488 714 2551 ἡσυχίας
724 2489 886 2551 βραχυόνειρος
899 2490 970 2545 ὕπνος
987 2489 1029 2552 ἐμ-

251 2579 347 2638 πίπτει,
368 2579 564 2639 ravennenses
585 2577 609 2626 ti
626 2593 695 2625 τινων
715 2577 830 2634 κινήσεων
845 2577 971 2639 μειζόνων,
983 2578 1051 2627 alat*

251 2664 292 2713 nni
301 2665 325 2713 iv
336 2663 396 2716 οίοις
407 2663 435 2711 ἂν
452 2662 536 2719 τόποις
549 2663 691 2721 λείπωνται,
700 2666 798 2711 τοιαῦτα
811 2663 851 2710 ναι
864 2666 970 2710 τοσαῦτα
983 2678 1030 2710 πα-

252 2752 363 2815 ρέσχοντο
379 2750 554 2812 imperabimur
570 2749 633 2806 ἐντὸς
651 2750 696 2805 ἔξω
712 2767 738 2799 τι
756 2751 880 2814 ιγοριιῖσιν
893 2749 1032 2814 ἀπομνημο-

252 2838 363 2898 ντνὸμινα
375 2836 538 2899 φαντάσματα.

231 2925 236 2934 ’
285 2924 408 2987 Denique,
424 2926 568 2987 Postquam
588 2925 616 2972 in
636 2925 748 2985 noctem,
769 2923 859 2986 inquit,
881 2923 1028 2974 deraserit

253 3015 377 3075 caqnalus
389 3013 472 3073 iqnis,
484 3010 615 3060 timentum
627 3010 686 3069 eius
696 3010 799 3060 ancilia
810 2999 1033 3061 lumen'inttmunr

255 3101 375 3150 remanet
388 3100 513 3153 otiorum,
528 3097 633 3147 nuliam
644 3096 743 3146 liabens
757 3108 816 3148 cnm
830 3100 952 3161 proaimo
969 3100 1035 3147 tanc

256 3200 318 3237 aere
343 3189 450 3235 naturae
473 3187 748 3247 communicationem,
773 3184 911 3249 videreque
937 3185 1033 3236 desinit

255 3268 371 3325 fractum
391 3272 514 3324 illecebra
541 3275 634 3323 ramni.
680 3272 802 3323 Obductls
826 3275 920 3337 quippe
945 3274 1034 3337 palpe-

254 3361 309 3412 ινιτ
319 3372 436 3424 quaram
452 3362 551 3423 teqmen
565 3358 671 3410 salubre
685 3359 820 3411 malcrum
831 3359 1035 3409 anciliumdixit

254 3458 321 3508 cem,
331 3446 428 3497 cirilla
440 3447 508 3507 iqnis
517 3447 604 3495 intimi
613 3450 756 3510 coercetur,
766 3458 960 3512 commeatuque
967 3448 1034 3507 jan·

255 3534 336 3585 ditae
351 3545 399 3596 per
418 3533 546 3583 membra.
582 3537 635 3592 Quo
645 3538 724 3598 pacta
745 3539 899 3587 intimorum
917 3539 1035 3588 moinum

254 3623 395 3673 relaxatur
408 3623 522 3671 intentio
534 3623 563 3671 in
579 3634 701 3685 saporam
717 3626 844 3688 quietem,
861 3625 960 3676 minime
977 3628 1035 3677 irinc

254 3709 418 3771 interpellante
426 3711 530 3758 meatem
540 3708 606 3759 νιιοι
614 3710 785 3772 inquietudine.

286 3795 425 3845 ccxlvii.
444 3797 558 3859 cumque
575 3798 628 3846 erit
640 3797 734 3853 altior,
752 3798 843 3861 inquit,
860 3802 948 3864 quies,
961 3814 1031 3851 cras·

255 3881 409 3943 siarcsacta
426 3884 548 3933 natarali
560 3886 672 3945 spirita,
688 3886 757 3935 nibil
775 3890 822 3937 aut
839 3888 892 3939 leue
908 3888 1035 3953 quiddam

256 3971 435 4040 incertamque
446 3973 473 4020 et
482 3970 693 4033 perfunctorium
702 3977 869 4025 coniciamus.
902 3979 946 4027 Sin
956 3981 1035 4028 erunt

255 4060 369 4121 insiqner
397 4059 516 4121 reliquia
534 4063 732 4111 commotionum
763 4066 860 4126 animi,
886 4064 1035 4125 cujrcrmcdi

255 4147 334 4194 emant
348 4148 374 4194 et
386 4143 479 4207 quicar
492 4147 518 4195 in
532 4145 609 4209 locis,
630 4148 700 4197 talia
714 4152 817 4200 manum
827 4153 973 4203 simulacra
986 4164 1035 4202 na·

254 4233 369 4293 reantur,
376 4244 470 4295 pressa
481 4236 508 4283 et
517 4232 548 4281 ab
560 4237 660 4297 inriqne
674 4238 820 4299 imaqinum
829 4239 875 4290 din
886 4253 965 4302 penes
981 4253 1036 4291 me·

256 4322 367 4369 amrium
378 4318 534 4371 residentia.

288 4406 350 4455 Sunt
360 4418 433 4469 porro
443 4405 549 4471 reliquiae
562 4409 753 4459 commotionum
768 4411 807 4461 rel
820 4425 849 4461 ea
865 4413 988 4476 molestia,
998 4416 1036 4464 rel

258 4506 288 4544 err
300 4494 530 4559 intemperantibus,
542 4496 711 4561 interdumque
723 4499 886 4563 sapientibus,
901 4503 1036 4552 interdum·

257 4597 305 4647 que
314 4585 409 4635 stolidis
420 4585 606 4649 cogitationibus
619 4589 727 4653 sedala,
742 4591 781 4641 rel
791 4592 822 4641 ad
835 4592 984 4645 iracundiam
998 4595 1036 4644 in-

255 4670 354 4734 citatae,
365 4672 541 4735 procacioris,
552 4678 580 4725 ut
593 4676 619 4725 in
638 4677 729 4742 capite,
742 4679 785 4729 ubi
802 4684 840 4731 est
849 4682 921 4733 sedes
934 4684 1037 4735 domici·

257 4758 366 4821 itumque
384 4761 498 4824 radonis5
515 4764 552 4813 τοι
568 4764 594 4813 ιο
606 4765 694 4825 corde,
710 4768 735 4815 in
747 4780 796 4831 quo
812 4769 950 4821 dominatur
962 4773 1038 4822 virilis

257 4846 299 4899 illa
310 4848 476 4911 indignationis
491 4852 572 4914 rigon
590 4854 627 4904 vel
639 4855 665 4904 in
679 4855 770 4920 jecore,
786 4858 926 4924 subterque,
937 4862 1038 4912 dimissa

259 4950 329 5001 porro
342 4940 395 4989 hauc
412 4942 493 4991 omnis
504 4944 570 5005 regio
582 4944 696 4997 libidinis.

290 5027 438 5079 ccllLVlll.
455 5032 487 5079 Ει
498 5032 614 5093 quoniam
627 5035 758 5085 tractatum
773 5037 920 5091 incurrimus
932 5044 1038 5094 somnio·

260 5123 328 5174 rum,
342 5113 372 5165 de
382 5130 430 5178 qna
445 5116 509 5167 varie
522 5123 649 5171 macerant
659 5125 768 5184 νοιιιοι,
782 5125 932 5191 linteatum,
943 5145 1000 5194 qua
1015 5134 1039 5183 in

684 375 690 384 ·
784 361 981 422 cuatelam
1007 360 1318 432 COMMENTARIUS

1076 493 1168 541 honore
1178 493 1249 551 sunl,
1260 486 1401 552 opinionum
1418 488 1625 539 commemoratio.
1659 489 1816 552 aristoteles,
1829 495 1855 542 ut

1074 579 1116 641 qui
1132 579 1175 630 Dei
1194 578 1368 642 providentiam
1381 576 1499 638 usquead
1514 579 1590 626 Luna
1607 575 1728 638 regionem
1745 580 1858 639 progredi

1075 668 1192 718 mascel:
1213 666 1273 714 inira
1294 678 1351 715 raro
1369 679 1447 728 neque
1467 663 1625 728 providentie
1641 665 1708 714 scitis
1729 667 1793 728 regi;
1812 680 1859 716 nec

1075 755 1212 816 angelorum
1224 765 1270 814 ope
1284 751 1463 815 consultisque,
1476 752 1605 802 ensmntari
1617 771 1623 801 :
1635 765 1680 802 nec
1690 765 1749 802 vero
1763 753 1857 806 dauro-
1952 763 1954 768 '

1074 856 1134 892 num
1147 841 1340 906 prospicientiam
1355 841 1599 903 passinianense,
1614 843 1790 904 proptereaque
1809 843 1857 893 lol-

1074 933 1108 982 lat
1116 945 1212 982 omnem
1220 931 1401 992 divinationem,
1412 932 1530 992 negetque
1539 930 1658 989 praenosci
1667 930 1750 982 lutura
1761 952 1767 982 :
1778 946 1858 984 unum

1074 1029 1148 1080 genus
1159 1018 1308 1067 somniorum
1324 1015 1443 1076 admittit,
1457 1017 1529 1078 alque
1539 1016 1657 1080 approbat
1669 1034 1675 1064 :
1687 1016 1752 1079 quod
1762 1031 1794 1068 er
1805 1019 1857 1081 his,
1929 1029 1931 1032 ·

1077 1117 1133 1167 quse
1142 1104 1267 1168 vigilantes
1277 1103 1387 1164 agimus,
1396 1105 1440 1152 aut
1449 1102 1599 1164 cogitamus,
1610 1103 1718 1154 residens
1727 1105 1752 1153 in
1763 1119 1859 1157 memo·

1076 1192 1127 1254 ria,
1138 1195 1223 1242 moret
1236 1191 1418 1255 interpellatque
1434 1204 1475 1252 per
1484 1191 1593 1254 quietam
1606 1197 1729 1253 gestarum
1741 1194 1857 1245 delibera·

1075 1280 1204 1340 lacumque
1218 1290 1299 1326 rerum
1316 1277 1539 1327 consciasanlmae.
1567 1279 1700 1334 liecerrat.
1733 1281 1778 1330 Est
1791 1283 1857 1330 eninr

1076 1365 1129 1416 brec
1147 1365 1272 1427 progenies
1289 1365 1458 1414 somniorum:
1473 1364 1516 1414 sed
1532 1377 1581 1414 non
1604 1365 1670 1429 sola,
1682 1371 1707 1415 ul
1719 1369 1858 1420 aristoteles

1077 1455 1152 1516 putat.
1185 1454 1262 1504 Multa
1275 1452 1374 1516 quidem
1387 1453 1515 1516 incognita,
1527 1453 1707 1518 inopinataque,
1722 1469 1801 1518 neque
1813 1472 1858 1508 un·

1076 1555 1149 1604 quam
1172 1543 1264 1592 tentala
1289 1541 1393 1603 animis,
1411 1542 1576 1605 somniamua;
1596 1545 1691 1604 quoties
1718 1546 1860 1607 prouenisse

1078 1630 1171 1692 uspiam
1184 1628 1359 1691 significantur,
1374 1642 1431 1692 τινα,
1446 1629 1554 1679 nondum
1572 1630 1682 1680 scientim
1699 1631 1764 1682 lama
1776 1635 1858 1682 muci·

1076 1717 1184 1779 licuerit3
1195 1718 1234 1767 νει
1249 1717 1330 1766 lutrrra
1341 1717 1526 1780 portenduntur,
1545 1731 1602 1780 qua
1617 1719 1725 1769 norrdum
1742 1733 1859 1783 pravene·

1076 1805 1131 1854 rint.
1166 1804 1212 1855 sed
1228 1806 1267 1854 ldc
1280 1819 1325 1854 suc
1337 1804 1443 1868 quodam
1453 1818 1521 1856 more
1529 1806 1593 1868 pleni
1605 1807 1752 1870 perfectique
1762 1808 1858 1872 dopna-

1076 1895 1121 1955 lis,
1143 1893 1219 1944 electo
1247 1893 1305 1957 qnid
1330 1894 1408 1944 risum
1437 1895 1485 1957 sit,
1511 1898 1599 1946 cariem
1624 1895 1748 1946 fastidiosa
1767 1898 1860 1948 incuria

1076 1983 1181 2045 negligit.

1109 2072 1235 2122 ccxlix.
1253 2071 1388 2121 llsraclilus
1400 2084 1457 2122 tero
1468 2072 1676 2122 consentientibus
1689 2075 1776 2124 Stoicis
1788 2076 1861 2124 ratic·

1080 2171 1135 2208 nem
1149 2160 1256 2209 nostram
1278 2173 1334 2208 cum
1351 2159 1432 2208 diuina
1455 2159 1545 2210 ratione
1568 2160 1701 2222 manselli,
1721 2167 1819 2224 regente
1833 2175 1861 2212 ac

1078 2245 1215 2295 moderante
1230 2247 1366 2308 mundana,
1382 2251 1479 2309 propter
1500 2247 1683 2310 inseparabilem
1704 2250 1858 2312 comitatum,

1079 2333 1202 2382 consciam
1224 2333 1312 2384 decreti
1329 2334 1477 2384 rationabilis
1497 2335 1597 2398 iactam,
1614 2336 1790 2398 quiescentibus
1808 2341 1861 2388 ani-

1079 2420 1124 2468 mis
1137 2433 1183 2483 ope
1201 2434 1332 2482 sensuum,
1353 2421 1434 2470 lutura
1447 2421 1597 2473 maisnilum.
1631 2427 1731 2486 Exque
1746 2425 1810 2486 lieri,
1829 2429 1861 2500 Ιιιι
1897 2457 1900 2462 ,

1079 2512 1210 2570 appareant
1234 2509 1348 2569 imagines
1372 2511 1507 2571 iproterum
1535 2513 1657 2573 locorum,
1687 2514 1863 2576 simulacraque

1079 2594 1217 2656 bominum,
1237 2597 1286 2645 lam
1306 2596 1438 2645 virentium
1458 2609 1530 2659 quam
1548 2600 1706 2647 mortuorum.
1741 2601 1860 2662 Idemque

1077 2681 1163 2732 asserit
1174 2681 1327 2732 divinationis
1341 2696 1427 2746 nsum,
1439 2689 1464 2734 et
1474 2685 1617 2747 praemoneri
1628 2686 1725 2735 meritos
1737 2687 1860 2737 instruen-

1078 2768 1144 2818 tibus
1154 2768 1243 2819 divinis
1257 2771 1426 2833 potestatibus.
1442 2771 1473 2821 lli
1482 2785 1579 2835 quoque
1590 2775 1656 2836 parte
1666 2778 1722 2823 sunt
1733 2773 1863 2824 abutentes

1078 2857 1205 2908 mutantia
1220 2869 1264 2920 pro
1280 2857 1356 2908 solida
1374 2859 1526 2921 perlectaq'ue
1539 2859 1648 2910 scientia.

1089 2972 1092 2979 ι
1109 2948 1179 2996 cca.
1198 2947 1260 2997 Sunt
1270 2947 1311 3009 qui
1325 2951 1434 2997 nostrum
1444 2948 1590 2999 intellectum
1602 2949 1746 3013 pervolitare
1754 2962 1862 3001 concam

1079 3034 1167 3099 nrurrdi
1176 3038 1278 3096 pulsnt,
1294 3036 1440 3099 missamque
1454 3050 1481 3087 se
1492 3037 1581 3087 divinar
1597 3038 1684 3099 menti,
1697 3052 1770 3101 quam
1783 3041 1863 3090 Gracci

1079 3124 1238 3172 componant
1259 3124 1306 3171 :et
1328 3124 1394 3173 valui
1415 3136 1446 3173 ex
1466 3124 1557 3185 majore
1571 3125 1696 3187 disciplina
1715 3128 1864 3178 minusculas

1080 3209 1193 3259 scientias
1210 3211 1331 3259 mutuatas
1346 3223 1351 3251 =
1366 3222 1421 3270 qnia
1438 3222 1533 3259 summa
1553 3212 1699 3262 eleusinam
1719 3214 1864 3277 imaginetur

1080 3310 1163 3353 mens,
1182 3296 1296 3346 nuntiare
1315 3296 1438 3346 mentibus
1465 3298 1567 3360 nostris,
1589 3300 1706 3355 innitente
1724 3302 1755 3349 ad
1772 3306 1866 3351 coettmr

1079 3384 1167 3434 animae
1178 3384 1303 3433 nocturnes
1315 3383 1452 3433 solitudinis
1466 3385 1653 3447 opportunilale.
1686 3387 1732 3436 sed
1747 3401 1802 3437 cam
1813 3391 1866 3450 ple·

1079 3484 1153 3533 raquo
1167 3483 1214 3520 non
1225 3470 1356 3533 irreligiosa
1365 3472 1452 3532 modo,
1468 3484 1553 3522 rerum
1569 3474 1641 3523 eliam
1654 3474 1741 3537 impia,
1758 3479 1868 3529 somnia

1080 3572 1147 3620 mus;
1161 3571 1217 3623 quae
1231 3558 1355 3623 imaginari
1369 3573 1489 3610 summam
1504 3562 1670 3625 eximiamque
1681 3564 1865 3627 intelligentiam

1079 3648 1130 3697 slve
1145 3653 1265 3711 mentem,
1279 3662 1324 3699 seu
1338 3650 1513 3713 providentiam
1524 3688 1532 3714 ‚
1545 3652 1579 3701 las
1590 3666 1640 3702 non
1654 3654 1803 3717 stipulare:
1818 3656 1863 3705 lal-

1081 3746 1199 3786 ramesse
1212 3737 1275 3786 bane
1288 3736 1427 3798 opinionem
1437 3738 1566 3789 hominum
1576 3739 1660 3801 liquet.

1112 3825 1194 3875 ccli.
1212 3824 1257 3874 Sed
1279 3825 1347 3874 Plato
1359 3826 1453 3888 magna
1472 3826 1607 3888 diligentia,
1629 3840 1771 3892 criminaque
1789 3843 1862 3891 cura,

1080 3910 1195 3961 discussis
1205 3912 1300 3974 penitus
1307 3913 1412 3963 latibulis
1419 3914 1567 3977 quaestionis,
1579 3915 1648 3975 uidit,
1658 3918 1730 3979 atque
1739 3920 1865 3969 assemtus

1081 4002 1133 4059 est,
1159 4011 1207 4048 non
1229 4011 1302 4048 unam
1323 4001 1474 4051 somniorum
1496 4014 1549 4053 esse
1570 4004 1714 4066 genituram.
1753 4007 1865 4069 Gignilnr

1080 4084 1168 4146 quippe
1187 4099 1217 4135 ex
1233 4085 1340 4149 reliquiis
1359 4088 1548 4150 mgitationum
1570 4093 1595 4139 et
1613 4092 1746 4142 accidentis
1761 4094 1865 4153 alieuius

1080 4172 1113 4221 rei
1124 4166 1242 4222 stimulo:
1259 4177 1286 4221 ut
1297 4174 1322 4223 in
1337 4188 1401 4227 nono
1413 4176 1506 4227 Politia
1522 4176 1583 4227 libro
1598 4178 1669 4228 docet
1683 4181 1793 4231 oratione
1811 4181 1863 4230 lali.

1083 4259 1193 4310 lnutiter
1209 4262 1372 4325 minimeque
1391 4267 1541 4315 necessaria
1560 4266 1734 4330 cupiditates,
1747 4282 1804 4333 qna
1816 4270 1865 4319 cd-

1081 4350 1223 4398 aerrcnlnr
1243 4348 1359 4410 lacibus,
1383 4350 1510 4421 sidentur
1534 4352 1600 4403 milii
1621 4358 1737 4407 amnium
1760 4357 1866 4420 quidem

1082 4433 1217 4485 nominum
1233 4440 1379 4499 pronaeae
1401 4439 1564 4502 labefactare
1591 4447 1698 4495 mentes.
1741 4446 1867 4504 Quadam

1082 4525 1168 4573 tamen
1182 4536 1275 4575 earum
1295 4528 1350 4576 iam
1364 4530 1536 4590 castiqcticne
1550 4530 1653 4593 laquem,
1674 4544 1755 4594 qnam
1773 4534 1867 4584 sobriis

1084 4612 1287 4674 rimationibus,
1305 4618 1382 4666 recta
1398 4616 1596 4680 uoluptatibus,
1615 4621 1653 4669 cet
1667 4622 1772 4670 omnino
1784 4622 1868 4671 ecole-

1082 4712 1166 4763 rcere,
1182 4702 1223 4752 nel
1242 4705 1270 4752 in
1288 4716 1392 4765 paucas
1412 4704 1563 4767 admodum,
1588 4710 1782 4773 nequeenim,
1802 4714 1867 4761 atte-

1083 4792 1173 4839 natata
1187 4790 1316 4854 rellqntar
1332 4796 1420 4843 otiosae
1432 4793 1524 4845 tatere.
1559 4800 1643 4847 Parra
1658 4799 1719 4849 clia
1732 4812 1815 4863 usque
1831 4798 1869 4849 ad

1081 4878 1240 4938 precipitem
1258 4880 1403 4929 amentiam
1424 4880 1594 4947 confirmari5
1611 4896 1669 4947 qua
1687 4897 1715 4934 se
1740 4890 1870 4937 exserant

1082 4963 1227 5014 immanius
1237 4978 1285 5027 per
1293 4969 1416 5031 quietem,
1429 4972 1530 5033 quoties
1541 4974 1645 5022 ratione
1654 4976 1753 5035 sopita,
1762 4987 1822 5038 qua
1829 4976 1871 5025 est

1083 5054 1168 5101 rector
1180 5056 1421 5119 mansuetissimus,
1437 5060 1530 5107 catera
1539 5070 1605 5121 pars
1626 5062 1709 5110 animi
1725 5064 1869 5123 aqrertior,

1082 5138 1192 5189 immani
1209 5140 1326 5203 quadam
1350 5144 1474 5196 ebrietate
1498 5144 1662 5209 luxurians,
1678 5148 1760 5211 pulsa
1782 5152 1872 5213 quiete
