3959 5925
194 368 249 421 148
838 354 890 414 ntt
911 352 1131 415 canterma.

192 506 252 562 ret,
272 490 394 559 addidit,
419 491 509 548 solam
533 507 590 547 esse
615 508 745 565 quaeres
768 487 964 565 impossibiles
1009 487 1061 563 qui
1079 506 1247 563 nunquam,
1265 505 1302 544 ne
1313 488 1344 544 in
1357 486 1528 547 solennibus
1539 483 1657 565 quidem
1671 500 1701 547 et
1720 486 1785 549 uti·

191 579 335 654 redigeret
357 578 393 635 ari
416 575 586 655 possibilem
612 575 788 645 facilitatem.
813 575 961 635 Praeclare.
1009 574 1077 632 tatis
1098 572 1300 632 voluntatibus
1323 574 1415 632 ullum
1439 575 1568 634 officium
1591 594 1782 649 recusassem,

192 667 270 737 Quid
288 668 365 724 enim
382 682 549 741 generosam
564 663 827 738 magnanimitatem
847 663 902 737 rel
914 682 963 739 ag·
994 653 1079 719 ¹huic
1096 674 1176 719 tanto
1198 674 1315 739 tamque
1332 663 1455 722 honesto
1475 664 1620 721 desiderio
1638 664 1783 723 conandi·

195 754 276 829 gredi
297 752 410 830 pigeat,
426 750 473 808 vel
494 763 621 828 coeptum
644 750 758 825 fatiget,
779 763 813 807 ut
829 763 962 827 tanquam
1010 750 1098 806 cere?
1113 747 1146 806 ln
1165 768 1224 825 quo
1242 749 1398 807 declinatio
1410 752 1535 827 speciosi
1549 753 1679 810 muneris
1698 770 1785 810 excar-

191 841 266 899 ricta
282 837 501 897 difficultatibus
524 851 662 915 temperet
683 856 699 894 a
721 837 840 895 labore?
859 836 962 894 Eadem
1009 834 1122 893 satione
1133 836 1323 912 ignorationis
1336 837 1442 895 callida
1457 850 1532 896 esset
1545 839 1674 897 scientiae
1687 838 1784 898 futura

192 942 252 995 est,
268 927 387 1005 opinor,
403 928 448 984 ris
463 926 596 983 amicitiae
610 945 720 1003 parque
738 924 963 1003 impossibilium
1011 923 1171 985 simulatio.
1199 921 1300 1000 ltaque
1321 925 1421 1002 parui,
1442 938 1553 997 certus,
1577 947 1635 983 non
1656 926 1720 985 sine
1741 927 1786 985 di·

192 1034 271 1091 paene
293 1034 388 1073 rerum
414 1014 584 1085 extricatio,
606 1032 697 1089 quum
719 1013 790 1070 alter
808 1031 845 1071 ex
865 1014 964 1071 amicis
1011 1009 1080 1066 rino
1105 1010 1245 1067 instinctu
1269 1010 1301 1067 id
1324 1010 1395 1068 mihi
1419 1031 1436 1069 a
1463 1024 1490 1070 te
1515 1032 1622 1070 munus
1656 1011 1784 1090 injungi.

188 1102 310 1178 jubendi
328 1101 485 1177 religione,
503 1100 575 1157 alter
595 1100 716 1177 parendi
737 1113 822 1173 roto,
838 1100 964 1177 compla-
1010 1094 1224 1173 Proptereaque
1247 1097 1374 1156 alaciore
1393 1111 1487 1157 mente
1506 1118 1616 1176 speque
1631 1100 1786 1159 confirma-

192 1192 241 1249 citi
256 1191 354 1268 operis
368 1190 613 1248 adminiculentur
627 1189 770 1249 effectum.
785 1189 965 1267 conceperas
1012 1184 1086 1241 tiore
1104 1188 1213 1261 primas
1234 1198 1331 1264 partes
1345 1186 1450 1245 'rimaet
1466 1188 1596 1247 Platonis
1615 1208 1784 1265 aggressus,

192 1278 288 1335 animo
305 1278 425 1335 florente
436 1275 574 1335 omnibus
590 1277 697 1335 studiis
709 1276 901 1335 humanitatis
912 1296 962 1333 ex·
1011 1290 1070 1329 non
1095 1273 1188 1330 solum
1204 1275 1354 1347 transtuli,
1373 1274 1526 1335 sedetiam
1543 1277 1635 1353 partis
1655 1278 1790 1354 ejusdem-

192 1356 363 1432 cellentique
384 1356 503 1431 ingenio
518 1367 568 1413 tuo
584 1373 665 1433 spem
684 1355 800 1431 dignam
820 1368 964 1433 proventu
1010 1361 1250 1419 commentarium
1266 1362 1319 1419 leci
1335 1376 1459 1440 :putans
1473 1364 1629 1423 reconditas
1641 1364 1684 1421 rei
1696 1364 1787 1422 simu·

192 1444 290 1519 operis
304 1442 338 1499 ad
353 1442 407 1500 hoc
422 1455 534 1519 tempus
548 1443 700 1514 intentati,
715 1443 836 1520 ejusque
849 1462 932 1501 usum
949 1462 966 1500 a
1010 1448 1119 1505 lacrum
1145 1449 1209 1507 sine
1230 1449 1483 1527 interpretationis
1505 1453 1709 1530 explanatione
1734 1451 1787 1509 ali·

126 1554 128 1559 ¹
164 1590 167 1597 ,
192 1529 302 1588 Grecis
321 1528 403 1587 Latio
427 1529 617 1587 mutuandum
640 1542 790 1588 statueras.
809 1529 843 1587 Et
863 1549 964 1606 quam·
1010 1549 1119 1612 quanto
1133 1534 1287 1595 obscurius
1301 1537 1520 1617 ipsoexemplo
1539 1540 1677 1599 futurum.
1694 1539 1787 1599 Causa

191 1636 277 1693 quam
302 1618 364 1695 ipse
385 1618 440 1676 boc
464 1637 529 1676 cum
551 1617 678 1689 facilius,
703 1632 761 1676 turn
784 1620 965 1679 commodius
1010 1642 1082 1681 vero
1096 1624 1127 1681 in
1148 1637 1244 1701 partes
1266 1624 1417 1684 dividendi
1440 1625 1510 1685 libri
1531 1628 1629 1705 operis
1646 1628 1701 1685 luit
1714 1648 1785 1704 pro-

192 1704 285 1762 lacere
298 1724 415 1782 posses,
430 1704 518 1763 credo
532 1717 653 1782 propter
667 1705 867 1765 admirabilem
882 1726 965 1765 vere·
1010 1710 1125 1783 lixitas,
1139 1712 1286 1788 simulque
1307 1713 1388 1789 quod
1403 1713 1517 1772 cautius
1534 1714 1690 1773 videbatur
1702 1734 1785 1789 esse,

191 1794 343 1866 cundiam,
357 1794 384 1851 ei
399 1792 637 1871 potiusmaluisti
652 1792 819 1869 injungere,
838 1814 923 1871 quem
940 1809 966 1854 te
1011 1799 1037 1854 si
1063 1811 1199 1875 tanquam
1225 1798 1353 1857 libamen
1374 1801 1492 1876 aliquod
1518 1801 1554 1859 ad
1576 1802 1786 1877 degustandum

191 1898 253 1937 esse
264 1879 383 1937 alterum
392 1879 550 1955 judicares.
565 1879 738 1951 possemne,
751 1894 852 1954 orote,
865 1902 964 1959 quam·
1010 1884 1132 1943 auribus
1146 1898 1232 1962 atque
1247 1887 1345 1945 animo
1360 1900 1410 1945 tuo
1422 1890 1583 1965 mitterem,
1596 1890 1675 1967 quod
1690 1889 1715 1949 si
1727 1908 1787 1948 uon

191 1964 236 2022 ris
259 1982 305 2021 res
327 1977 402 2023 esset
427 1965 534 2041 ardua,
556 1977 634 2023 tanto
661 1965 772 2024 honore
789 1966 908 2039 habito,
930 1970 966 2027 de
1010 1971 1194 2048 displicuisse
1212 1973 1433 2048 rescriberetur,
1449 1977 1556 2034 laceret
1573 1975 1701 2035 audendi
1727 1996 1787 2035 ma·

119 2080 125 2092 ·
191 2068 249 2130 quo
261 2052 302 2109 ita
315 2070 460 2128 senseras,
475 2052 638 2129 injunctum
649 2072 788 2112 excusare
802 2056 925 2113 munus?
938 2068 966 2113 ot
1010 2057 1078 2134 jora
1096 2059 1241 2120 fiduciam.
