3959 5925
545 470 714 544 utusque
735 468 948 529 utsctt‘tttts
969 440 1345 541 utsuccussotttutts.

961 598 1050 657 bendi
1065 598 1184 671 luerint,
1200 598 1311 676 injuria
1323 600 1562 661 desenditAElian.
1579 603 1734 684 (raciliam

136 602 240 661 diendi
252 614 320 661 sunt
329 600 506 659 lamblichus
517 602 542 678 (ε
550 602 595 678 16)
601 646 609 673 ,
619 600 773 677 synesius,
783 600 915 673 Procius,

136 688 243 749 Timaei
255 689 341 747 Locri
357 688 487 747 libellum
506 708 523 747 a
541 688 661 747 Platone
674 690 778 764 grandi
793 689 916 768 pecunia

136 790 246 837 emtum
260 796 323 837 esse
336 778 409 849 rati,
432 790 465 835 ut
479 776 621 835 Timarum
636 777 782 857 dialogum
797 776 914 833 concin-

137 880 231 925 naret.
247 864 359 924 Etenim
371 864 497 937 librum,
510 882 596 941 quem
611 883 696 922 nemo
708 877 773 924 ante
783 863 914 923 Clemen-

139 964 196 1011 tem
216 952 442 1023 Alexandrinum
465 965 619 1024 memorat,
633 953 724 1011 veteri
740 952 786 1011 illi
802 951 914 1009 Timeo

138 1038 233 1099 Locro
247 1040 429 1119 suppositum
439 1058 502 1098 ease
508 1038 569 1117 jam
581 1059 671 1118 supra
680 1040 816 1098 adnotavi
826 1039 915 1113 (κιρ).

137 1126 223 1197 Quod
238 1128 384 1204 reliquum
407 1140 466 1199 est,
492 1128 738 1185 narratiunculam
758 1127 860 1197 istam,
883 1126 914 1183 in

137 1230 197 1287 qua
218 1213 387 1271 exornanda
409 1214 493 1271 multi
517 1216 672 1291 scriptores
694 1215 826 1292 occupati
848 1213 914 1271 fue-

136 1310 220 1370 runt,
234 1319 294 1357 nou
304 1319 425 1377 prorsus
432 1300 583 1359 confictam
594 1312 743 1378 putamus,
754 1300 805 1359 sed
813 1317 916 1357 revera

136 1382 285 1445 Platonem
301 1386 425 1445 Philolai
445 1404 519 1462 opus
533 1404 636 1461 magno
650 1388 746 1465 pretio
761 1385 819 1444 sibi
836 1404 914 1443 com·

135 1490 254 1548 parasse
267 1476 430 1531 statuimus.
446 1471 571 1547 Tantum
583 1493 654 1532 vero
668 1472 748 1532 abest
765 1485 798 1531 ut
813 1470 912 1529 Socra-

136 1559 175 1617 tis
198 1558 375 1637 discipulum
389 1559 487 1617 aliena
503 1560 613 1619 scrinia
628 1560 799 1639 compilasse
818 1558 914 1617 credi-

136 1644 200 1703 bile
210 1647 267 1719 sit,
276 1660 307 1704 ut
315 1648 398 1705 talem
408 1647 496 1705 simul
507 1648 688 1724 intelligendi
698 1650 786 1708 simul
795 1648 912 1706 dicendi

138 1746 285 1791 auctorem
305 1734 378 1793 nihil
398 1746 502 1811 praeter
524 1755 616 1813 pauca
635 1736 762 1795 Philolai
780 1735 866 1793 effata
881 1736 913 1791 in

140 1842 203 1881 rent
220 1842 297 1881 suam
321 1824 500 1881 convertisse
519 1823 707 1883 arbitremur.
729 1824 830 1882 Testes
845 1836 912 1883 sunt

137 1910 215 1967 inter
238 1910 369 1986 dialogos
389 1910 555 1971 Platonicos
578 1911 735 1984 Phaedrus,
759 1910 910 1987 cratylus,

136 1996 285 2069 Philebus,
299 1996 434 2069 Timacus,
449 1997 583 2073 Gorgias,
595 1998 627 2056 in
640 1998 825 2075 quibuscum
840 2000 912 2057 atio·

135 2103 200 2141 rum
211 2083 460 2160 Pythagoreorum
474 2097 534 2143 tum
544 2084 670 2143 Philolai
679 2086 818 2144 doctrinae
828 2087 914 2145 resti·

135 2172 183 2245 gia
198 2173 306 2249 passirn
328 2185 479 2251 apparent.
493 2174 566 2233 Belli
580 2175 683 2232 ducem
697 2175 786 2233 luisse
808 2175 911 2234 Philo-

134 2256 212 2315 laum
228 2258 332 2317 scribit
352 2260 492 2337 Synesius
508 2260 584 2337 (τιό)
605 2262 647 2319 De
668 2260 746 2319 dono
770 2261 911 2321 astrolab.

134 2363 164 2420 p.
183 2345 237 2415 307
260 2345 306 2403 ed.
331 2347 430 2407 Petar.
450 2346 524 2405 Eum
542 2361 644 2406 exusto
662 2347 911 2425 Pythagoreorum

135 2430 281 2490 auditorio
292 2452 330 2491 ert
338 2433 422 2493 ltalia
433 2434 548 2493 Thebas
557 2433 717 2513 proiectum
725 2434 825 2511 Lysidi
836 2455 910 2513 prae·

136 2521 247 2595 cepturi
261 2534 377 2579 mortuo
390 2523 508 2581 interius
520 2523 665 2594 attulisse,
681 2522 713 2579 in
727 2523 913 2599 instituendis

136 2620 229 2665 autem
241 2608 395 2686 discipulis
405 2610 547 2670 sermonis
560 2609 764 2668 obscuritatem
776 2623 805 2667 et
816 2611 911 2671 amba·

136 2713 185 2769 ges
196 2693 284 2772 hujus
297 2709 381 2755 sectae
393 2698 529 2775 proprias
542 2695 709 2755 adhibuisse
728 2697 769 2755 ait
783 2696 913 2757 Platonis

138 2780 279 2859 interpres
302 2781 396 2862 (κιρ).
418 2784 488 2853 Quae
508 2784 613 2861 partim
641 2784 751 2843 incerta
776 2785 914 2847 ridentur

138 2870 241 2943 partito
257 2872 355 2944 exigui
369 2872 510 2933 momenti
520 2891 554 2930 ac
564 2872 617 2929 vix
635 2872 724 2947 digna
741 2886 911 2931 memoratu.

137 2952 207 3014 Plus
219 2956 319 3031 gloriae
330 2956 467 3034 Gorgiam
479 2973 507 3018 et
520 2961 708 3036 Protagoram
719 2980 804 3038 quam
815 2959 915 3020 Philo-

139 3044 217 3101 laum
237 3057 266 3102 et
281 3045 475 3105 Democritum
488 3047 607 3125 adeptos
619 3067 697 3124 esse,
711 3048 781 3106 licet
794 3049 838 3106 itti
848 3070 913 3107 cum

142 3129 244 3188 horum
259 3133 387 3190 virorum
406 3135 549 3213 sapientia
569 3136 665 3194 collati
680 3154 734 3213 pro
748 3136 847 3212 pueris
859 3135 913 3192 ba-

138 3299 166 3345 30
176 3309 243 3358 seqq.
256 3325 286 3340 -
299 3299 367 3360 (tte)
380 3293 539 3363 Timon'apud
551 3302 655 3352 Gellium
670 3305 739 3352 Noct.
751 3305 800 3352 ΙΙΙ.
813 3305 857 3364 ΙΙΙ,
868 3308 912 3355 17:

138 3367 182 3414 Καὶ
195 3366 224 3414 σὺ
237 3366 351 3416 Πλάτων·
362 3369 401 3416 καὶ
412 3369 457 3434 γάρ
471 3387 498 3418 σε
511 3371 634 3432 μαθηττίης
648 3373 718 3428 πόθος
733 3373 805 3436 lays·
817 3375 908 3422 πολλῶν

137 3435 156 3482 δ’
168 3435 283 3498 ἀργυρίων
302 3437 382 3497 ὀλίγην
398 3439 499 3497 ἠλλάξαο
512 3440 608 3502 βίδλον,
622 3442 683 3490 Ινθεν
699 3443 859 3506 ἀπαρχόμενος
870 3446 913 3493 Τι-

138 3513 285 3567 μαιογραφεῑν
303 3507 432 3572 ἐδιδάχθης.
449 3511 505 3558 vtd.
526 3512 613 3560 etrttos.
629 3515 723 3574 Fragm.
735 3516 785 3562 vol.
802 3516 823 3574 Ι,
843 3527 868 3575 p.
882 3518 914 3564 89

137 3586 187 3633 seq.
203 3576 303 3624 Proetus
313 3577 338 3624 tn
352 3579 457 3627 Platonis
471 3579 589 3630 limeum
602 3582 653 3631 luit.
667 3601 674 3632 ι
687 3584 733 3632 ΙΙοὶ
744 3584 789 3646 γὰρ
802 3586 841 3632 καὶ
857 3585 914 3633 αὐτὸ

137 3643 167 3691 τὸ
178 3647 220 3691 τοῦ
230 3647 392 3708 Πυθαγορικοῦ
402 3649 502 3710 Τιμαίου
513 3650 609 3713 γράμμα
620 3653 671 3714 περὶ
683 3653 773 3712 φύσεως
781 3655 821 3703 τὸν
833 3656 914 3704 Πυθα-

138 3713 230 3774 γορικθν
251 3715 336 3776 τρόπον
360 3718 522 3780 διατάττεται,
537 3721 599 3770 ἔνθεν
625 3721 762 3785 ἀφορμηθεὶς
781 3726 795 3773 ό
814 3723 913 3774 Πλάτων

137 3789 311 3843 τιμαιογροφιίν
320 3787 498 3903 imperpetuum
506 3790 714 3854 τὸνσιλλογράφον.
726 3793 806 3842 Scbol.
819 3794 912 3844 Platon.

136 3864 162 3911 p.
181 3855 226 3899 200
236 3852 273 3900 ed.
287 3855 358 3904 liuba
376 3875 393 3904 .:
414 3857 511 3920 Τίμαιος
523 3859 550 3907 ίκ
564 3862 661 3923 Λοκρῶν
672 3866 719 3910 τῶν
739 3863 913 3927 Ἐπιζεφυρίων,

135 3925 176 3978 τῆς
186 3921 211 3968 ἐν
221 3920 309 3986 Ἰταλίᾳ
315 3925 418 3986 πόλεως,
428 3927 549 3990 φιλόσοφος
560 3931 732 3994 Πυθαγόρειος,
743 3933 829 3995 ἔγραψε
840 3936 914 3996 μαθη-

138 3988 224 4048 ματικά
239 3992 319 4040 τεκαὶ
338 3997 390 4055 περὶ
410 3998 500 4056 φύσεως
518 3999 672 4061 σύγγραμμα,
692 4002 732 4050 τόν
752 4005 912 4067 Πυθαγορικόν

135 4055 235 4118 τρόπον·
252 4057 314 4108 ἔνθεν
329 4063 342 4109 ό
354 4062 453 4113 Πλάτων
463 4068 503 4114 καὶ
514 4068 554 4115 τόν
567 4068 673 4129 διάλογον
687 4071 718 4125 εἰς
730 4071 801 4120 αὐτὸν
816 4073 911 4135 ἔγραψε,

137 4129 198 4176 καθά
207 4130 247 4178 καί
260 4131 274 4177 ό
285 4133 436 4196 σιλλογράφος
445 4139 500 4198 φησί
513 4140 564 4202 περὶ
573 4139 653 4188 αὐτοῦ·
662 4143 759 4190 Πολλῶν
768 4143 788 4191 δ’
798 4144 912 4206 ἀργυρίων

136 4197 217 4258 όλίγην
239 4200 356 4258 ἠλλάξατο
378 4205 472 4267 βίόνον,
498 4207 561 4256 ἔνθεν
582 4209 718 4272 ἀφορμηθεὶς
737 4221 913 4277 τιμαιογραφεῖν

136 4267 260 4329 ἐπεχείρει.
275 4273 343 4321 crint.
356 4275 513 4326 lamblichurn
529 4278 553 4326 lu
565 4279 703 4330 Nicomach.
717 4284 813 4333 arithm.
828 4299 850 4347 p.
870 4291 913 4336 148

128 4335 288 4455 cvdblepml.
300 4346 324 4392 et
336 4345 462 4405 synesium
471 4347 576 4397 Dedouo
586 4350 696 4400 astrolab.
708 4365 732 4414 p.
743 4357 798 4404 307.
809 4385 838 4396 -
846 4355 865 4416 (t
874 4359 912 4418 17)
922 4380 928 4392 .

150 4407 166 4454 't
185 4419 215 4454 ,a
233 4419 257 4455 ο.
270 4417 308 4460 es.
666 4441 670 4449 ·

168 4479 190 4538 (t
198 4479 234 4538 18)
244 4481 358 4540 synesius
368 4486 404 4534 De
416 4485 478 4536 dono
488 4487 599 4537 astrolab.
612 4502 635 4550 p.
648 4493 692 4540 307
703 4491 741 4540 ed.
752 4494 833 4542 Pelas.
844 4495 912 4544 Simi-

136 4547 191 4596 liter
204 4551 402 4613 theophylactus
413 4557 544 4608 simocatta
555 4559 624 4621 ορὶεΙι
640 4561 668 4610 71
682 4580 688 4609 r
700 4563 756 4618 Πῶς
771 4565 791 4610 δ’
803 4565 830 4612 ᾰν
843 4583 913 4628 στρα-

135 4619 249 4676 τιωτικὴν
261 4620 301 4666 καί
316 4626 472 4688 γεωμετρικὴν
486 4628 517 4684 εἰς
534 4628 606 4676 ταύτό
624 4630 741 4691 συνήγαγε
757 4633 797 4679 καὶ
811 4639 899 4698 συνῆψε

133 4687 165 4732 τὰ
183 4691 282 4750 μακροῖς
303 4691 412 4752 θριγγίοις
434 4695 533 4745 lunulas
546 4697 705 4760 διειργόμενα,
721 4702 770 4761 μετ’
790 4699 899 4766 Ἀρχύταν

135 4755 194 4802 uerti
208 4757 341 4822 Φιλόλαον,
353 4765 410 4822 μετὰ
421 4766 460 4813 τδν
469 4769 547 4816 Altior
558 4767 688 4832 Ἆδριανόν,
704 4771 761 4830 μετὰ
771 4772 811 4819 τὸν
822 4772 913 4823 ἔκπτω-

134 4840 174 4872 τον
186 4827 243 4884 ἡμῖν
262 4827 394 4881 Ἰουλιανόν.
411 4863 441 4874 -
454 4836 520 4898 (tta)
531 4840 611 4888 schol.
625 4839 655 4888 ad
665 4838 724 4889 etat.
737 4840 821 4890 Pltred.
833 4856 885 4904 pag.
899 4849 913 4895 7

135 4892 300 4946 eduntur:
315 4901 388 4958 Οὗτος
401 4905 537 4963 όΦιλόλοος
547 4911 702 4974 Πυθαγόρειος
720 4910 762 4972 ἦν,
779 4912 801 4967 ἐξ
817 4911 913 4971 Ἰταλίας

133 4967 256 5026 πεφευγὼς
271 4969 309 5017 διά
318 4973 358 5019 τὸν
373 4974 558 5038 ίμπρησμὸντὸν
570 4978 622 5028 τότε
632 4982 677 5029 ὑπὸ
690 4982 794 5038 Γύλωνος
803 4985 914 5042 γεγονότα

133 5035 173 5082 διὰ
183 5036 211 5082 τό
228 5036 385 5094 ἀνεπιτήδειον
398 5046 467 5094 αὐτόν
481 5047 537 5110 πρὸς
553 5050 687 5111 φιλοσοφίαν
703 5051 758 5099 ὄντα
773 5053 913 5113 ἀπελαθῆναι

133 5110 176 5186 3⁰⁶
186 5107 312 5166 όμοκοίου.
325 5113 367 5168 Ὃς
381 5117 420 5162 καὶ
433 5115 462 5163 δι’
474 5118 616 5180 αἰνιγμάτων
629 5121 756 5184 ἐδίδασκε,
767 5125 870 5190 καθάπερ
884 5127 913 5187 ἦν

134 5175 188 5254 slot
201 5177 289 5234 αὐτοῖς.
303 5179 387 5232 Ἦλθεν
401 5184 441 5234 οὖν
454 5187 521 5244 οὗτος
537 5189 569 5238 είς
579 5190 674 5251 θήόατ,
686 5193 790 5242 τεθνεῶτι
805 5201 840 5257 τῷ
849 5198 913 5247 urta-

134 5245 217 5307 οιιαλῳ
228 5248 313 5298 Λύσιδι
328 5253 515 5320 quitantiarias,
528 5259 577 5308 ἐκεῖ
590 5260 735 5324 τεθαμμένοι,
747 5263 875 5328 Ἵππαρχος
889 5268 914 5317 δὲ

1680 496 1740 537 llll

959 686 1028 745 hist.
1040 686 1066 760 l,
1082 688 1132 749 οδ.
1148 686 1247 765 Neque
1271 688 1349 747 euim
1363 691 1411 748 rel
1432 692 1575 763 minorem
1595 691 1735 753 bonorem

959 774 1006 833 his
1017 794 1103 852 quarn
1117 776 1179 834 illis
1189 776 1266 854 apud
1279 778 1405 854 aequales
1416 779 1514 851 luisse,
1525 780 1573 837 vel
1584 783 1735 857 angustio-

959 862 1043 920 ribus
1053 862 1186 929 terminis
1194 861 1300 921 horum
1313 883 1399 940 quam
1413 864 1531 923 illorum
1545 864 1648 923 santam
1658 870 1735 946 apud

958 961 1091 1025 posteros
1109 948 1232 1020 includi,
1248 968 1295 1008 res
1311 963 1355 1007 est
1377 952 1546 1012 certissima.
1568 952 1700 1030 Denique
1718 974 1736 1013 a

958 1034 1016 1092 lide
1027 1034 1163 1093 abhorret
1172 1035 1252 1113 quod
1267 1037 1411 1113 Diogenes
1423 1037 1554 1098 laertius
1565 1041 1663 1099 nescio
1675 1062 1734 1120 quo

959 1134 1075 1180 auctore
1096 1124 1187 1180 tradit
1206 1123 1371 1183 Philolaum
1399 1124 1581 1203 tyrannidem
1600 1128 1735 1188 affectare

959 1208 1099 1266 creditum
1118 1228 1135 1266 a
1150 1208 1326 1269 Crotoniatis
1336 1212 1518 1270 interiectum
1533 1232 1596 1273 esse
1605 1214 1694 1293 (τοι).

958 1295 1043 1365 Quod
1056 1314 1127 1353 vero
1134 1314 1223 1374 supra
1234 1296 1298 1354 dixi
1307 1297 1434 1356 Philolai
1446 1319 1520 1377 opus
1531 1300 1563 1357 in
1575 1313 1634 1360 tres
1643 1302 1734 1363 libros

958 1382 1086 1442 divisum
1101 1383 1206 1456 fuisse,
1220 1383 1252 1441 id
1266 1384 1459 1461 probabiliter
1475 1387 1621 1462 colligase
1637 1388 1735 1448 libro-

958 1490 1023 1528 rum
1052 1471 1171 1529 illorum
1207 1471 1451 1549 inscriptionibus
1480 1474 1570 1552 (ιτα).
1607 1477 1735 1555 Apparet

958 1560 1036 1616 enim
1056 1559 1185 1636 primum
1204 1558 1313 1617 librum
1328 1562 1365 1617 de
1379 1559 1488 1618 mundo
1507 1562 1580 1641 (περ)
1601 1563 1731 1643 κόσμου),

958 1646 1116 1704 secundum
1125 1646 1162 1703 de
1170 1665 1267 1705 rerum
1278 1661 1381 1706 natura
1392 1647 1465 1726 (περ)
1475 1647 1589 1727 φύσεως)
1599 1650 1735 1729 adjuncta

958 1732 1149 1792 subtilissima
1162 1734 1197 1791 de
1208 1734 1337 1793 numeris
1349 1735 1563 1812 disputatione,
1576 1750 1607 1794 ut
1622 1739 1654 1795 iu
1668 1738 1734 1797 Pla-

958 1820 1036 1877 tonis
1058 1819 1185 1892 Timaeo,
1209 1823 1324 1879 tertium
1349 1820 1385 1878 de
1409 1822 1507 1879 anima
1533 1823 1610 1905 (περὶ
1632 1827 1754 1907 ψυχῆς),

959 1907 1151 1983 compositum
1177 1907 1276 1966 luisse.
1296 1906 1360 1976 Qua
1388 1908 1420 1965 iu
1435 1926 1467 1965 re
1481 1906 1566 1966 nobis
1588 1929 1647 1967 non
1668 1927 1735 1972 suut

958 1993 1130 2067 negligenda
1148 2013 1213 2071 quae
1231 1994 1407 2052 Claudianus
1428 1993 1584 2054 Mamertus
1602 1998 1645 2056 De
1661 2013 1736 2057 statu

959 2080 1063 2137 animae
1077 2079 1131 2141 tib.
1153 2080 1192 2152 ll,
1213 2100 1277 2159 cap.
1294 2084 1310 2139 3
1335 2101 1371 2139 ex
1395 2082 1460 2159 ipso
1480 2084 1631 2143 volumine
1646 2089 1737 2163 petita

958 2169 1123 2226 summatim
1141 2170 1324 2247 perscripsit.
1349 2196 1361 2221 κ
1385 2170 1558 2247 Pythagora
1571 2172 1669 2247 igitur,
1690 2176 1735 2234 in·

958 2256 1039 2332 quit,
1055 2256 1125 2333 quia
1148 2256 1224 2314 nihil
1245 2258 1308 2333 ipse
1321 2258 1551 2335 scriptitaverat,
1573 2280 1590 2317 a
1611 2268 1735 2339 posteris

957 2343 1113 2419 quaerenda
1135 2344 1277 2402 sententia
1297 2357 1340 2402 est
1354 2366 1361 2402 ι
1376 2345 1410 2403 in
1428 2344 1535 2423 quibus
1556 2350 1603 2407 vel
1621 2352 1736 2428 potissi·

957 2449 1037 2489 mum
1058 2429 1194 2488 floruisse
1211 2429 1376 2488 Philolaum
1397 2433 1513 2509 reperio
1526 2434 1733 2515 Tarentinum,

958 2518 1010 2594 qui
1023 2517 1123 2575 multis
1136 2515 1338 2576 voluminibus
1350 2518 1385 2576 de
1399 2519 1596 2595 intelligendis
1607 2523 1694 2585 rebus
1707 2542 1736 2586 et

957 2604 1029 2681 qaid
1041 2624 1163 2682 quaeque
1174 2603 1353 2679 significent,
1367 2606 1477 2683 oppido
1491 2606 1613 2669 obscure
1628 2612 1735 2673 disser-

958 2693 1221 2769 tans,.priusquam
1235 2692 1271 2750 de
1288 2694 1392 2749 animae
1411 2692 1571 2753 substantia
1584 2695 1734 2776 decernat,

957 2778 994 2835 de
1011 2780 1176 2854 mensuris,
1189 2778 1370 2856 ponderibus
1382 2791 1412 2836 et
1429 2780 1558 2837 numeris
1568 2780 1653 2857 juxta
1667 2804 1734 2859 geo·

958 2865 1123 2940 metricam,
1135 2866 1275 2923 musicam
1287 2879 1373 2942 atque
1390 2866 1599 2925 arithmeticam
1612 2870 1735 2934 mirifice

958 2951 1105 3031 disputat,
1125 2972 1177 3031 per
1203 2953 1264 3011 haec
1288 2955 1387 3012 omnia
1406 2954 1576 3014 universum
1590 2959 1734 3021 exstitisse

959 3041 1144 3100 confirmans.
1161 3068 1173 3092 α
1187 3040 1267 3099 ldem
1287 3039 1415 3118 ejusdem
1437 3041 1509 3100 libri
1522 3045 1616 3122 capite
1633 3067 1649 3118 7
1669 3049 1732 3106 ait:

962 3153 974 3180 ι
988 3115 1070 3187 llunc
1082 3129 1117 3186 ad
1126 3126 1290 3187 Philolaum
1301 3129 1398 3200 redeo,
1412 3148 1429 3186 a
1441 3149 1500 3206 quo
1510 3129 1618 3189 dudum
1629 3152 1734 3210 magno

958 3215 1114 3274 intervallo
1127 3215 1274 3290 digressus
1290 3235 1372 3287 sum,
1390 3217 1489 3294 quiin
1509 3220 1597 3276 tertio
1610 3219 1735 3281 volumi·

958 3323 1043 3376 nunt,
1057 3324 1122 3381 quae
1132 3306 1236 3383 ῥυθμῶν
1250 3301 1296 3360 κα)
1307 3303 1408 3382 μέτρων
1423 3317 1575 3380 praenotat,
1590 3307 1626 3365 de
1639 3310 1736 3369 anima

957 3390 1083 3448 humana
1092 3392 1134 3450 sic
1143 3391 1284 3466 loquitur.
1297 3389 1360 3448 Non
1367 3411 1421 3467 ego
1427 3412 1504 3449 nunc
1515 3395 1661 3453 rationum
1674 3410 1735 3456 tra-

959 3477 1057 3534 mitem
1079 3489 1108 3534 et
1130 3477 1358 3535 nexuosissimas
1378 3481 1571 3555 quaestionum
1597 3484 1734 3543 minutias

958 3566 1098 3636 revolvo,
1114 3564 1221 3641 quibus
1235 3565 1295 3622 haec
1315 3564 1497 3643 probabilia,
1511 3567 1632 3627 Platone
1655 3571 1733 3647 (rai)

959 3670 1018 3709 non
1037 3651 1210 3708 adversante
1224 3649 1375 3709 Philolaus
1387 3653 1476 3710 efficit
1488 3670 1496 3706 ι
1510 3654 1541 3710 in
1552 3672 1616 3730 quae
1629 3656 1655 3713 si
1667 3659 1734 3733 quis

957 3737 1005 3794 vel
1020 3739 1187 3795 curiositate
1210 3738 1258 3794 vel
1280 3739 1377 3796 studio
1402 3739 1476 3796 iorte
1499 3739 1683 3815 flagraverit,
1699 3745 1734 3803 de
1838 3809 1842 3816 .

957 3827 1022 3901 ipso
1042 3825 1153 3882 scilicet
1179 3825 1257 3883 sonte
1283 3825 1442 3889 hauriet.»
1470 3827 1566 3896 Quum
1586 3845 1681 3890 autem
1703 3835 1735 3892 in

957 3909 1052 3966 tribus
1067 3911 1127 3967 illis
1142 3909 1178 3967 de
1200 3930 1297 3968 rerum
1319 3924 1422 3970 natura
1442 3917 1734 3977 commentationibus

958 4016 1033 4074 saepe
1051 3997 1152 4074 paullo
1174 3996 1328 4058 obscurius
1354 4000 1622 4080 philosopharetur,
1648 4019 1681 4063 ut
1697 4007 1732 4065 ad

957 4225 998 4272 καὶ
1009 4224 1125 4280 Φιλόλαος
1137 4226 1203 4286 μόνοι
1212 4233 1251 4286 τῆς
1261 4229 1380 4290 εἰρημένης
1389 4235 1508 4294 συμφορᾶς
1516 4237 1563 4280 τῶν
1571 4233 1734 4296 Πυθαγορείων

956 4295 1119 4351 standumst.
1135 4297 1196 4359 Πρός
1207 4300 1247 4346 τόν
1256 4300 1330 4348 Λύσιν
1341 4301 1366 4349 δὲ
1378 4306 1460 4350 τοῦτον
1470 4302 1572 4351 Πλάτων
1585 4309 1685 4353 ποιεῖται
1693 4307 1733 4354 τὸν

957 4363 1072 4426 διάλογον.
1085 4393 1116 4403 -
1130 4363 1195 4425 (llo)
1208 4367 1315 4416 AEliauus
1325 4381 1375 4417 var.
1393 4369 1452 4418 bist.
1471 4370 1512 4417 lib.
1526 4373 1547 4431 l,
1565 4375 1594 4419 23
1608 4389 1615 4420 r
1632 4371 1671 4420 Ἐν
1684 4382 1733 4431 τοῖς

956 4435 1053 4490 Ἕλλησι
1064 4440 1112 4490 τοῖς
1125 4436 1197 4483 πάλαι
1208 4444 1287 4501 μακρᾷ
1299 4444 1328 4501 τῇ
1340 4439 1394 4501 δόξῃ
1408 4441 1514 4500 διέπρεπε
1528 4440 1624 4501 Γοργίας
1634 4444 1648 4490 ό
1659 4445 1732 4493 Δεον-

957 4509 1019 4558 τῑνος
1030 4505 1148 4553 Φιλολάου
1159 4507 1199 4554 καὶ
1218 4507 1376 4570 Πρωταγόρας
1395 4507 1557 4570 Δημοκρίτου,
1570 4514 1600 4571 τῇ
1620 4511 1645 4559 δὲ
1663 4515 1733 4577 σοφίᾳ

956 4581 1070 4625 τοσοῦτον
1086 4577 1212 4636 ἐλείποντο,
1225 4577 1281 4626 ὅσον
1296 4579 1384 4640 ἀνδρῶν
1397 4579 1525 4632 παῖδας-
1537 4577 1602 4637 (ill)
1615 4580 1733 4642 Diogenes

905 4673 912 4698 ‚
957 4647 1065 4694 Laertius
1077 4645 1120 4695 lib.
1136 4647 1203 4709 Vlll,
1213 4650 1241 4694 st
1259 4667 1264 4695 ι
1278 4649 1401 4696 Ἐτελεύτα
1416 4648 1441 4694 δὲ
1457 4645 1575 4707 νομισθείς·
1591 4649 1732 4701 ἐπιτίθεσθαι

905 4743 912 4766 ν
956 4715 1078 4776 τυραννίδι.
1093 4717 1140 4764 Καὶ
1150 4719 1216 4776 ἡμῶν
1228 4716 1289 4764 ἐστιν
1302 4718 1334 4771 είς
1344 4715 1422 4764 αὐτόν·
1435 4717 1483 4773 Τήν
1494 4715 1607 4768 ὑπόνοιαν
1618 4725 1677 4771 πᾶσι
1689 4724 1732 4784 μά.

957 4787 1026 4834 λιστα
1041 4787 1102 4846 λέγω
1115 4786 1263 4848 θεραπείειψ
1281 4787 1302 4834 εί
1320 4786 1365 4846 γὰρ
1381 4786 1421 4834 καί
1439 4787 1471 4847 μή
1487 4786 1555 4847 ἀράς,
1568 4787 1627 4837 ἀλλά
1643 4792 1732 4851 δοκεῖς,

957 4857 1058 4917 ἀτυχεῖς.
1076 4857 1145 4904 Οὕτω
1157 4860 1196 4903 καὶ
1212 4855 1327 4905 Φιλόλαον
1340 4856 1414 4904 ἀνεῖλε
1426 4855 1523 4918 Κρότων
1535 4858 1593 4906 ποτὲ
1604 4858 1691 4921 πάτρη,
1701 4863 1733 4918 ῶς

958 4943 997 4988 μιν
1014 4926 1076 4980 lic&
1093 4927 1164 4974 θελειν
1180 4927 1249 4985 δῶμα
1268 4926 1377 4989 τύραννον
1395 4928 1464 4988 ἔχειν.
1486 4927 1629 4976 conletatur
1647 4929 1733 4978 suidas

958 5006 1010 5042 roc.
1019 4995 1117 5042 ὑπόνοια
1126 4996 1150 5042 el
1161 4995 1288 5056 Φιλόλαοςς
1301 4995 1358 5045 ilem
1369 4995 1466 5044 Anlltol.
1479 4996 1527 5045 vul.
1536 4998 1557 5057 l,
1568 5010 1621 5058 pag.
1637 5000 1682 5048 3⁴2
1692 4999 1730 5050 ed.

957 5063 1054 5111 Jacobs.

989 5134 1059 5193 (122)
1072 5131 1132 5182 vide
1147 5134 1230 5184 adnot.
1243 5134 1273 5184 sd
1283 5136 1424 5197 tmpuenta.
1438 5138 1543 5198 -t'ttal
1556 5139 1666 5188 Plutone
1681 5152 1731 5190 non

958 5202 1115 5251 aduersante
1135 5204 1221 5264 posui,
1241 5219 1316 5267 quam
1329 5206 1355 5254 in
1369 5206 1515 5256 membranis
1532 5207 1641 5269 legantur
1659 5220 1732 5258 voces

959 5278 1080 5334 corrupta
1094 5273 1162 5335 quod
1172 5274 1239 5324 cotes
1256 5275 1418 5327 ασοενεσκιε.

1629 5359 1650 5405 θ.
