3959 5925
923 376 1268 439 Piiflnooiteotittu

296 518 327 575 οὔ
340 513 470 585 ποιητέον,
487 512 563 589 μόνον
586 513 629 571 τὸν
645 510 724 591 σοφὸν
742 502 809 569 εἶναι
822 510 927 589 λίγουσι
945 509 1069 587 νόμιμον,

295 600 436 683 πρακτικὸν
451 600 513 659 ὄντα
528 605 580 659 τῶν
595 599 646 659 ὑπὸ
665 604 711 657 τοῦ
725 600 805 677 νόμου
821 598 1069 678 προσταττομένων,

296 690 340 749 καὶ
359 688 435 767 μόνον
457 686 735 766 impoenitentem,
761 686 825 747 διότι
839 686 875 722 ¹⁸⁸
901 685 945 745 καί
965 684 1071 762 νομικὸν

1115 512 1213 589 φαῦλον
1232 500 1308 582 εἶναι,
1327 510 1385 569 καθ’
1401 508 1460 571 ὅσον
1475 512 1596 589 στέρεται
1614 512 1694 588 νόμου
1703 511 1750 570 καί
1760 513 1890 580 πολιτείας

1115 599 1184 659 κατδι
1195 600 1271 680 φύσιν
1280 600 1541 672 ἐπιύαλλούσης.’[δν
1550 601 1601 680 γὰρ
1610 601 1688 677 νόμον
1693 591 1769 673 εἶναι,
1775 604 1892 681 καθάπερ

1117 688 1234 764 εἴπομεν,
1251 688 1403 761 σπουδαῖον,
1415 688 1511 765 ὁμοίως
1522 689 1550 747 δέ
1565 690 1611 749 καί
1622 688 1671 759 τὴν
1686 690 1773 751 πόλιν.
1787 690 1892 759 Ἱκανῶς

295 767 378 852 ε’ίναι,
394 776 452 843 τοὺς
465 774 493 833 δὲ
505 775 619 847 ἠλιθίους
629 774 750 843 ἐναντίως
765 774 844 854 ἔχειν.
856 772 981 840 Ἀστείοις
994 772 1017 831 δ’
1032 772 1072 830 ἔτι
1091 738 1096 833 ί
1119 775 1146 833 δὲ
1159 778 1204 836 καί
1216 778 1351 848 Κλεάνθης
1363 782 1401 825 ¹⁹⁰
1415 777 1474 857 περὶ
1483 776 1514 835 τδ
1525 780 1665 837 σπουδαῖον
1679 768 1746 835 ε’ίναι
1756 777 1806 848 την
1816 780 1889 838 πολιν

295 865 340 925 καί
355 865 402 937 τὴν
420 866 505 946 άρχην
521 864 693 940 ἀπονέμουσιν
718 860 788 933 ¹⁸⁹i,
809 861 963 921 ἐπιστασίαν
982 860 1027 920 καί
1038 857 1071 919 tir

295 952 393 1024 ταύτης
407 952 479 1027 εἴδη,
495 951 646 1033 βασιλείαν,
657 948 834 1029 στρατηγίαν,
846 950 1010 1031 ναυαρχίαν,
1027 948 1073 1006 καί

294 1041 342 1108 τίις
355 1040 462 1109 ταύταις
473 1040 683 1121 παραπλησίους.
700 1040 777 1099 Κατδ
794 1046 869 1099 τοῦτο
891 1039 922 1111 δὴ
937 1038 982 1097 καί
997 1038 1073 1114 μόνος

293 1134 310 1189 θ
323 1131 462 1198 σπουδαῖος
477 1130 566 1209 τίρχει,
580 1127 626 1187 καί
646 1130 668 1185 εί
687 1126 724 1203 pl,
738 1128 840 1193 πάντως
857 1129 914 1186 κατ’
929 1126 1071 1207 ἐνέργειαν,

296 1216 364 1277 κατὰ
377 1217 488 1276 διάθεσιν
505 1217 533 1275 δὲ
552 1214 597 1276 καί
611 1214 726 1281 πάντως.
744 1214 800 1275 Καὶ
818 1214 985 1294 πειθαρχικδς
998 1212 1074 1290 μόνος

295 1308 310 1362 ὁ
324 1304 462 1372 σπουδαῖός
477 1306 523 1363 Ιἐστ
529 1328 565 1377 ιν,
585 1302 785 1374 άκολουθητικδς
796 1304 833 1361 ὢν
846 1303 962 1382 ἄρχοντι.
978 1304 1040 1361 Τῶν
1050 1302 1073 1359 δ’

296 1392 411 1473 ἀφρόνων
426 1392 509 1459 οὐδείς
524 1396 645 1458 τοιοῦτος·
666 1390 725 1449 οὔτε
743 1392 793 1471 γὰρ
808 1390 898 1470 ἄρχειν
918 1389 977 1449 οὔτε
995 1389 1074 1467 άρχι·

296 1484 355 1536 σθαι
367 1469 418 1546 οἷός
432 1481 501 1538 ἐστιν
511 1483 524 1537 δ
535 1479 635 1560 ἄφρων,
647 1478 759 1551 αὐθάδης
767 1501 804 1544 τις
814 1478 861 1551 ὤν,
872 1476 917 1536 καί
928 1476 1073 1554 ἀνάγωγος.

297 1569 391 1627 Πάντα
403 1591 432 1627 τε
445 1560 474 1626 εὖ
490 1578 559 1627 ποιεῖ
568 1571 582 1625 δ
591 1572 649 1625 νοῦν
662 1566 740 1645 ἔχων,
754 1567 799 1625 καὶ
818 1566 868 1647 γὰρ
884 1565 1015 1645 φρονίμως
1027 1564 1074 1623 καί

295 1660 425 1736 ἐγκρατῶς
447 1655 493 1714 καί
518 1654 632 1725 κοσμίως
655 1656 700 1712 καί
723 1653 853 1720 εὐτάκτως
870 1660 928 1718 ταῖς
948 1651 1010 1732 περὶ
1030 1652 1073 1711 τὸν

296 1744 352 1825 βίον
364 1744 509 1823 ἐμπειρίαις
523 1742 656 1823 χρώμενος
671 1744 793 1821 συνεχῶς·
807 1741 858 1799 δδὲ
872 1742 979 1821 φαῦλος,
995 1739 1074 1798 ἐπει-

298 1856 340 1913 ρυς
354 1833 388 1891 ὢν
407 1836 454 1903 τῆς
468 1834 544 1910 ὀρθῆς
558 1830 693 1910 χρήσεως,
712 1832 799 1887 πάντα
820 1832 907 1903 κακῶς
925 1831 996 1887 ποιεῖ
1015 1827 1074 1885 καθ’

295 1923 328 1993 ἣν
342 1920 397 1999 ἔχει
411 1918 523 1978 διάθεσιν
536 1920 661 1997 ἐνεργῶν,
676 1915 874 1992 εὐμετάπτωτος
889 1915 937 1988 ὧν,
953 1914 999 1973 καί
1010 1916 1073 1992 παρ’

297 2007 397 2065 ἕκαστα
411 2003 572 2085 μεταμελείᾳ
579 2003 759 2083 συνεχόμενος.
767 1993 844 2065 Εἶναι
857 2003 884 2063 δέ
895 2002 943 2072 τὴν
955 2001 1074 2078 μεταμέ-

296 2098 381 2165 λειαν,
395 2094 481 2163 λύπην
496 2091 539 2151 ἐπὶ
555 2091 748 2172 πεπραγμένοις
759 2094 794 2158 ὡς
812 2094 874 2170 παρ’
891 2093 970 2151 αὐτοῦ
981 2093 1074 2169 ἡμαρ-

296 2181 430 2258 τημίνοις,
443 2180 659 2255 κακοδαιμονικόν
674 2202 700 2237 τι
713 2179 795 2245 πάθος
808 2182 892 2258 ψυχῆς
902 2176 946 2236 καί
960 2180 1073 2236 στασιῶ·

79 2272 85 2279 '
189 2288 191 2291 “
296 2272 347 2336 δας
363 2268 401 2349 ἐφ’
415 2266 474 2327 ὅσον
488 2266 538 2347 γθρ
555 2266 662 2347 ἄχθεται
675 2269 728 2333 τοῖς
743 2265 936 2341 συμθεδηκόσιν
950 2268 964 2323 θ
976 2266 1003 2322 ἐν
1015 2265 1072 2330 ταῖς

296 2354 479 2431 μιταμελείαις
487 2351 534 2427 ὧν,
549 2354 592 2413 ἐπὶ
602 2358 723 2413 τοσοῦτον
744 2354 887 2431 ἀγανακτεῖ
898 2376 918 2409 π
935 2351 942 2369 “
970 2351 1072 2428 ἔαυτόν,

294 2448 330 2513 ὡς
344 2443 426 2503 αἴτιον
437 2441 561 2520 γεγονότα
568 2440 679 2523 τούτων·
691 2442 731 2501 διδ
745 2440 790 2500 καί
804 2441 897 2517 ἄτιμον
908 2374 975 2498 είύίιι
987 2437 1072 2509 πάντα

297 2533 407 2611 φαῦλον,
429 2530 496 2605 μήτε
519 2532 596 2606 τιμῆς
618 2528 687 2596 ἄξιον
711 2527 787 2600 ὄντα,
804 2526 871 2605 μήτε
883 2526 968 2604 τίμιον
988 2526 1073 2606 ὑπάρ-

297 2642 390 2697 χοντα.
405 2619 461 2690 Τὴν
475 2616 525 2698 γδιρ
534 2618 614 2693 τιμὴν
630 2607 697 2675 εἶναι
714 2615 796 2696 γίρως
809 2614 926 2692 ἀξίωσιν,
941 2614 971 2673 τδ
985 2614 1014 2673 δὲ
1027 2613 1072 2692 γε’-

225 2762 228 2767 ⁴
296 2731 343 2787 ρας
354 2697 429 2765 iiior
440 2708 533 2787 αἰρετῆς
545 2705 715 2784 εὐεργετικόν.
726 2705 765 2764 Ti
773 2694 819 2763 οίίν
830 2705 922 2782 ἀρετῆς
934 2700 1074 2779 άμίτοχον,

296 2795 389 2872 ἄτιμον
401 2794 506 2861 δικαίως
515 2792 647 2871 λέγεσθαι.
657 2793 768 2869 Λέγουσι
778 2790 858 2851 δὲκαὶ
871 2789 976 2870 φυγάδα
986 2789 1073 2848 πάντα

296 3016 382 3074 luant,
393 3016 476 3076 utpote
486 3013 528 3074 uui
540 3001 631 3064 honora
642 3025 720 3075 nequo
732 3012 818 3074 dignus
830 3012 877 3072 sit,
890 3024 967 3074 neque
979 3010 1072 3060 aiiicia-

295 3106 344 3151 tun
397 3104 454 3150 Esse
473 3099 536 3150 enim
563 3101 678 3150 honorem
700 3099 860 3162 dignationem
881 3098 1073 3156 existimationis,

295 3188 495 3238 existimationem
511 3199 568 3238 iero
583 3186 686 3237 salutare
705 3187 803 3237 uirtutis
826 3187 960 3250 proemium.
992 3187 1074 3242 Quare

295 3277 362 3342 quod
376 3275 473 3327 rirtutie
489 3289 578 3339 expers
592 3275 635 3338 sit,
649 3275 673 3325 id
687 3277 759 3326 etiam
774 3275 831 3337 iure
850 3275 1020 3325 inhonoratum
1032 3287 1073 3324 ro·

296 3367 354 3416 cari.
386 3365 501 3416 Eaeniem
514 3376 610 3427 quoquc
626 3362 710 3412 dicunt
728 3364 840 3427 quemuis
851 3375 905 3414 oasa
917 3362 1071 3424 improbum,

295 3461 415 3521 quatenus
431 3455 481 3518 lege
501 3459 526 3504 et
537 3454 633 3504 ciuitate
649 3455 738 3515 ccreet,
757 3467 801 3516 pro
818 3452 890 3514 tritius
905 3453 985 3515 ipsum
1003 3452 1073 3501 ottin-

294 3545 371 3608 gentis
382 3549 475 3594 natura.
508 3543 594 3605 Legem
606 3541 685 3602 enim,
697 3543 725 3591 ut
738 3541 859 3602 diximus,
871 3541 957 3590 bonam
969 3552 1021 3589 esae
1031 3552 1071 3602 pa-

296 3635 354 3684 riter
365 3646 394 3682 ac
405 3631 536 3682 civitatem.
568 3633 629 3692 Apte
641 3629 714 3679 etiam
729 3629 858 3679 cleanthes
869 3629 957 3677 boneio
968 3640 1020 3677 esee
1035 3628 1071 3677 ci·

295 3722 394 3772 vitutem
408 3718 552 3770 concludere
571 3717 612 3767 tali
630 3716 815 3780 interrogatione
837 3715 913 3766 voluit
932 3731 939 3762 ι
957 3715 978 3766 ai
989 3717 1074 3767 ciuitas

294 3813 332 3858 est
343 3807 410 3871 quasi
421 3806 522 3868 iustitie
533 3804 615 3867 sedas,
628 3804 658 3854 ad
672 3818 745 3867 quam
760 3805 954 3867 confugientibus
968 3805 1071 3855 licetret

297 3909 378 3956 iamnes
388 3895 445 3945 dare
461 3893 546 3955 velina
556 3906 627 3942 auum
638 3893 761 3956 obtinere,
779 3894 1000 3943 nonue'ironestum
1013 3893 1071 3956 quii

294 3985 380 4034 ciuitas
394 3985 447 4032 osii
457 3967 526 4044 atqui
537 3981 586 4031 telo
596 3980 701 4030 tribunal
711 3981 797 4030 ciritae
808 3983 859 4042 est;
871 3995 927 4044 ergo
942 3981 1072 4031 honestum

288 4071 352 4134 ‚quid
366 4071 450 4120 ciuitas
462 4076 507 4119 est.
549 4072 630 4128 Quum
644 4073 725 4117 autem
738 4065 899 4116 tribuemodis
912 4065 1071 4117 ciritasdica-

297 4169 346 4222 tur,
363 4161 469 4224 primum
487 4141 515 4207 ut
531 4155 687 4216 domicilium,
701 4155 788 4205 deinde
806 4157 832 4203 ut
843 4157 921 4204 coetus
937 4155 1071 4216 homiuum,

294 4247 397 4310 denique
410 4249 438 4298 ut
453 4245 577 4308 utriusque
593 4243 697 4293 notionis
711 4241 849 4304 coniunctio
866 4259 873 4290 a
893 4242 984 4304 duplici
997 4256 1070 4292 aenan

294 4335 415 4384 civitatem
429 4331 543 4396 nppeiiari
557 4331 697 4389 honestam,
713 4331 832 4391 quatenus
850 4329 928 4378 cretus
946 4327 1071 4391 hominum

294 4425 326 4473 ait
339 4424 364 4473 et
378 4423 497 4484 otratenus
508 4418 642 4468 incolarum
654 4421 764 4480 respectu
778 4418 828 4466 tam
838 4415 923 4466 domos
939 4428 1013 4478 quam
1027 4415 1071 4465 lio·

245 4503 246 4506 ’
294 4509 370 4560 mines
383 4501 564 4572 complectitur.

1116 865 1191 942 λόγον
1209 864 1330 945 ἠρώτησε
1353 870 1476 924 τοιοῦτον·
1491 867 1515 923 τί
1535 866 1609 932 πολις
1633 865 1681 941 μέν
1697 868 1753 924 ἐστι
1767 867 1891 937 δικαστη-

1117 953 1172 1032 ρίου
1186 952 1411 1029 κατασκεύασμα,
1427 955 1463 1021 είς
1474 952 1490 1011 δ
1503 951 1715 1032 καταφεύγοντάς
1737 954 1794 1011 ἐστι
1814 952 1891 1021 δίκην

1118 1043 1207 1101 δοῦναι
1222 1041 1268 1101 καί
1281 1039 1382 1114 λαθεῖν,
1396 1044 1443 1100 οὐκ
1459 1047 1560 1100 ἀστεῖον
1581 1042 1613 1112 δὴ
1636 1040 1711 1106 πόλις
1724 1038 1811 1110 ἐστίνς
1827 1040 1893 1097 ἀλλὰ

1092 1152 1097 1203 γ
1119 1128 1170 1201 μὴν
1183 1131 1298 1190 τοιοῦτόν
1312 1131 1381 1187 ἔστιν
1402 1135 1418 1201 ἠ
1439 1129 1514 1196 πόλις
1527 1126 1706 1206 δικαστήριον·
1722 1129 1827 1185 ἀστεῖον
1849 1127 1891 1205 ἄρ’

1117 1218 1187 1277 ἐστιν
1201 1222 1218 1289 ἡ
1234 1218 1317 1284 πολις.
1334 1213 1441 1297 Τριχιῗις
1460 1217 1488 1276 δέ
1505 1216 1647 1296 λεγομένης
1668 1220 1716 1287 τῆς
1733 1218 1834 1281 πόλεως
1845 1225 1893 1291 Ψ,

1117 1310 1164 1376 τῆς
1178 1330 1207 1364 τε
1223 1305 1292 1365 κατδι
1303 1305 1332 1363 τδ
1344 1307 1510 1384 οίκητήριον,
1526 1306 1571 1364 καί
1587 1308 1634 1374 τῆς
1646 1303 1716 1363 κατὰ
1728 1303 1759 1362 τὸ
1772 1302 1892 1381 σύστημα

1117 1398 1169 1453 τῶν
1184 1394 1338 1474 ἀνθρώπων,
1352 1394 1397 1453 καί
1410 1394 1495 1473 τρίτον
1510 1395 1614 1454 τὸκατ’
1628 1392 1767 1473 ἀμφότερα
1784 1394 1892 1469 τούτων,

1117 1482 1187 1541 κατέ
1207 1475 1452 1560 δύοσημσινόμενα
1474 1482 1596 1559 λέγεσθαι
1611 1483 1659 1554 τὴν
1679 1482 1755 1541 πόλιν
1771 1483 1893 1556 ἀστείαν,

1117 1563 1187 1630 κατά
1200 1595 1229 1629 τε
1241 1570 1270 1629 τδ
1284 1570 1406 1647 σύστημα
1416 1575 1468 1629 τῶν
1479 1570 1637 1653 ἀνθρώπων,
1649 1570 1694 1629 καί
1705 1567 1777 1627 κατὰ
1788 1569 1819 1626 τὸ
1832 1594 1893 1628 συν-

1116 1658 1278 1740 αμφότερον,
1300 1658 1342 1717 διδ
1369 1657 1416 1729 τὴν
1441 1658 1505 1739 πρδς
1531 1658 1590 1726 τοὺς
1614 1660 1775 1723 ἐνοικοῦντας
1797 1660 1894 1738 ἀναφο-

1133 1746 1165 1805 άν
1179 1755 1227 1807 ¹9²,
1456 1789 1460 1795 .

1117 1769 1132 1826 ρ
1157 1823 1232 1895 Φασὶ
1245 1834 1273 1892 δὲ
1287 1833 1332 1891 καί
1346 1832 1467 1911 ἄγροικον
1481 1822 1548 1892 εἶναι
1559 1832 1645 1892 πάντα
1660 1839 1769 1915 φαῦλον,
1783 1834 1835 1907 τὴν
1848 1834 1894 1912 γὰρ

1118 1922 1254 1999 άγροικίαν
1280 1920 1400 1999 ἀπειρίαν
1416 1911 1549 1979 εἶναιτῶν
1571 1921 1641 1980 κατδ
1660 1924 1734 1982 πολιν
1759 1926 1828 1984 ἐθῶν
1852 1925 1894 1980 καί

1117 2012 1216 2086 νόμων·
1231 2010 1277 2069 καί
1291 2010 1378 2069 πάντα
1399 2012 1496 2090 φαῦλον
1511 2009 1602 2089 ἔνοχον
1622 2012 1760 2091 ὑπάρχειν·
1779 2001 1848 2069 εἶναι
1870 2010 1894 2069 δὲ

1117 2096 1163 2156 καί
1175 2098 1277 2176 ἄγριον,
1289 2099 1468 2157 ἐναντιωτικδν
1483 2096 1545 2157 ὄντα
1558 2101 1592 2177 τῇ
1603 2098 1759 2175 κατθνόμον
1769 2098 1894 2175 διεξαγα-

1117 2186 1225 2264 γῇ,καί
1240 2184 1355 2267 θηριώδη
1369 2187 1415 2245 καί
1426 2186 1569 2263 βλαπτικὸν
1585 2185 1730 2264 ἄνθρωπον.
1743 2189 1798 2248 iit
1814 2189 1838 2244 δ’
1850 2189 1893 2244 αὖ·

1116 2272 1161 2329 τὸν
1173 2278 1263 2331 τοῦτον
1272 2273 1318 2332 καί
1332 2270 1462 2352 ἀνήμερον
1477 2274 1605 2353 ὑπάρχειν
1614 2275 1660 2333 καί
1673 2274 1838 2354 τυραννικόν,
1852 2275 1893 2332 οδ-

1117 2384 1167 2427 τως
1181 2362 1340 2437 διακείμενον
1354 2359 1422 2419 ὥστε
1443 2362 1585 2420 δεσποτικὰ
1603 2361 1699 2438 ποιεῖν,
1713 2362 1752 2419 ἐτι
1769 2360 1798 2420 δέ
1819 2362 1892 2439 ὠμά,

1118 2447 1164 2506 καί
1198 2448 1288 2525 βίαια,
1323 2448 1369 2507 καί
1391 2448 1549 2527 παράνομα,
1571 2450 1669 2528 καιρῶν
1692 2448 1891 2526 ἐπιλαὸόμεναν.
1970 2491 1973 2502 ·

1120 2526 1196 2595 Ε’ίναι
1210 2534 1238 2593 δί
1251 2538 1297 2594 καί
1311 2535 1470 2615 ἀχάριστον,
1484 2536 1544 2595 οὗτε
1555 2537 1619 2615 πρὸς
1634 2538 1806 2595 ἀνταπόδοσιν
1821 2538 1892 2616 χάρι-

1119 2647 1162 2690 τος
1175 2622 1274 2689 οἰκείως
1287 2623 1397 2701 ἔχοντα,
1412 2620 1471 2680 οὔτε
1483 2621 1547 2759 πρὸς
1556 2621 1712 2697 μετάδοσιν,
1729 2622 1816 2683 διὰτὸ
1829 2623 1891 2698 μηδὲ

1118 2704 1208 2768 κοινῶς
1229 2725 1255 2759 τι
1269 2706 1369 2777 ποιεῖν,
1390 2700 1458 2776 μηδὲ
1477 2725 1506 2781 φι
1524 2705 1603 2778 ικῶς,
1627 2702 1689 2777 μηδ’
1706 2703 1890 2780 ὠμελετήτως

1119 2788 1196 2862 Μηδὲ
1217 2788 1353 2869 φιλόλογον
1378 2778 1445 2845 εἶναι
1458 2787 1503 2846 τὸν
1528 2790 1642 2868 φαῦλον,
1665 2790 1732 2865 μηδὲ
1757 2791 1888 2867 φιλήκοον,

1118 3011 1170 3059 tum
1182 3021 1242 3072 esec,
1252 3011 1335 3072 utpote
1346 3021 1425 3072 nequo
1442 3008 1473 3058 ad
1490 3009 1636 3059 referendam
1649 3010 1749 3072 gretiam
1759 3023 1890 3060 accommo-

1118 3097 1201 3146 datum
1214 3110 1293 3160 neone
1307 3097 1338 3146 ad
1346 3097 1407 3146 irene
1418 3096 1569 3159 iaciendum,
1581 3098 1647 3160 qnod
1659 3111 1739 3160 neque
1753 3101 1889 3147 commonia

1118 3185 1243 3246 utilitatis,
1253 3197 1331 3248 neque
1339 3184 1451 3246 amicitie
1464 3197 1550 3246 mma,
1564 3197 1640 3247 neone
1653 3185 1744 3235 intenta
1756 3187 1892 3248 nunquid·

1118 3285 1191 3335 qoam
1203 3272 1283 3323 iaciat.
1316 3256 1414 3335 iamper
1422 3272 1557 3336 improbum
1565 3273 1686 3324 hominem
1697 3287 1777 3337 neque
1786 3275 1892 3324 dimmdi

1117 3373 1195 3422 neque
1209 3359 1322 3410 audiendi
1340 3359 1454 3424 cupidum
1468 3373 1534 3422 ease,
1546 3362 1603 3425 quic
1618 3362 1717 3412 minime
1729 3363 1762 3412 sit
1776 3363 1891 3412 scitorum

1117 3460 1254 3497 sermonum
1275 3452 1373 3511 propter
1394 3448 1581 3511 imprudentiam
1600 3461 1615 3498 e
1637 3452 1794 3512 pcrrmsitata
1814 3455 1892 3499 ortam

1116 3550 1204 3599 capax,
1214 3537 1333 3598 quatenoc
1341 3537 1504 3599 improborum
1514 3549 1667 3600 nemonegue
1673 3537 1703 3586 ad
1711 3538 1827 3587 virtutem
1836 3539 1893 3586 inei-

1116 3623 1181 3686 teiur
1192 3621 1362 3682 noqueincitet
1370 3621 1443 3683 alios3
1452 3621 1495 3684 qui
1506 3621 1570 3671 onim
1582 3621 1633 3684 ipae
1641 3620 1752 3670 incitetur
1762 3622 1801 3671 rei
1810 3620 1894 3671 incitet

1117 3709 1176 3758 aiios
1187 3721 1262 3770 quum
1271 3707 1301 3757 ed
1315 3707 1530 3772 philosophandum
1538 3707 1626 3758 debeat
1636 3719 1690 3757 ease
1700 3711 1812 3770 paratus,
1822 3722 1893 3772 para·

1117 3800 1157 3848 tus
1167 3803 1302 3846 autemnon
1316 3797 1467 3859 impediatur,
1476 3796 1597 3845 nemiuem
1604 3797 1735 3845 stultorum
1747 3797 1820 3846 talem
1830 3809 1894 3846 esse.

1116 3885 1170 3937 iton
1177 3887 1296 3937 enimlam
1304 3885 1345 3949 qui
1351 3887 1441 3935 attente
1447 3884 1591 3945 suintune
1598 3883 1730 3933 dicuntura
1738 3884 1895 3947 piaiioaoplais

1116 3987 1192 4037 eaque
1204 3974 1422 4024 incommentarios
1432 3972 1529 4032 reierat,
1545 3973 1655 4035 peratum
1670 3984 1725 4021 ease
1738 3973 1769 4020 ad
1785 3973 1895 4036 pidloso

1116 4061 1247 4124 plandunt,
1258 4073 1331 4124 quam
1340 4063 1383 4124 qui
1393 4059 1548 4122 pliilosoplrle.
1561 4063 1679 4121 praecepta
1690 4057 1721 4109 ad
1736 4073 1808 4109 usum
1820 4063 1897 4109 ectio

1116 4162 1220 4211 nunqua
1231 4150 1371 4198 convertere
1390 4147 1514 4210 ritumque
1532 4147 1562 4195 ad
1575 4146 1648 4196 talem
1667 4159 1778 4196 normam
1790 4145 1897 4209 dirigere

1117 4239 1182 4288 reiit.
1195 4240 1227 4287 nt
1239 4221 1405 4300 improborum
1411 4234 1571 4284 neminemlta
1580 4247 1607 4285 ae
1619 4233 1714 4295 tuebere,
1725 4234 1769 4298 qui
1780 4235 1896 4284 viliorum

1116 4325 1216 4376 decretis
1223 4323 1254 4374 sit
1260 4326 1450 4386 preoccupatus.
1461 4321 1485 4372 si
1494 4321 1769 4383 enimiromoimprobuc
1779 4322 1898 4372 incitatas

1117 4415 1190 4478 esset,
1201 4412 1285 4463 aritio
1298 4413 1372 4461 etiam
1388 4414 1536 4461 avocaretur.
1571 4410 1666 4469 Etenim
1690 4409 1763 4459 lromo
1776 4412 1899 4461 acetum

1116 4490 1186 4551 nemo
1203 4499 1234 4549 ad
1248 4499 1362 4549 uirtutem
1374 4499 1497 4559 incitetur,
1510 4501 1538 4548 ut
1555 4510 1634 4560 neque
1647 4502 1750 4559 aegroiiaa
1763 4497 1793 4545 ad
1806 4499 1899 4546 canite

324 4597 450 4648 Rusticum
464 4607 563 4658 quoque
581 4591 707 4656 perlailient
721 4591 831 4656 quemvis
844 4590 967 4642 lromiucm
979 4591 1070 4654 impro·
1115 4596 1174 4640 tem
1188 4590 1219 4639 nt
1230 4587 1308 4637 solum
1318 4586 1452 4649 sapientem
1460 4585 1553 4636 incituri
1565 4584 1691 4646 solumque
1701 4583 1802 4634 incitare
1812 4597 1900 4646 pom,

295 4687 363 4747 bum,
385 4683 558 4734 contendentes
577 4681 735 4732 rusticitatem
752 4693 805 4730 esse
816 4680 958 4742 imperitiam
974 4692 1070 4728 morum
1114 4675 1241 4726 stultorum
1253 4675 1388 4737 nemiuem,
1400 4675 1457 4736 qitia
1470 4673 1520 4723 uita
1535 4685 1550 4722 e
1566 4671 1691 4734 sapientie
1702 4671 1832 4733 preceptis
1842 4677 1901 4719 acta

293 4777 319 4823 et
330 4773 441 4834 legumin
456 4755 514 4821 urbe
527 4769 670 4832 rigentium3
686 4781 757 4830 porro
768 4779 863 4817 omnem
876 4767 1071 4829 improbumeaao
1115 4760 1140 4815 in
1161 4765 1248 4815 stultos
1262 4764 1403 4824 concedet.
1451 4764 1535 4824 Neque
1553 4760 1630 4810 virum
1651 4759 1749 4809 doctum
1769 4771 1838 4818 cese,
1853 4761 1900 4807 aed

294 4873 376 4921 reum,
388 4865 504 4922 preterea
517 4857 628 4918 ferocem,
639 4869 714 4919 qutun
723 4855 819 4906 vitame
836 4854 914 4915 legum
929 4853 1069 4916 praescripto
1115 4853 1196 4916 potios
1208 4853 1344 4914 loquacem,
1355 4851 1395 4913 qui
1417 4849 1528 4899 inanibus
1545 4849 1623 4898 uerbis
1643 4849 1771 4896 contentus
1793 4847 1902 4894 virtutis

294 4944 598 5008 agercnolit,eticrumel
615 4943 715 4993 noxium
734 4943 865 4992 homiuem.
889 4941 998 4991 Eurrdem
1011 4953 1069 4990 uero
1114 4942 1244 4992 cretionem
1256 4939 1323 4989 iactis
1336 4951 1383 4988 non
1401 4937 1535 4986 contirmet.
1567 4939 1650 4999 licque
1663 4934 1728 4984 enim
1742 4945 1903 4995 qumquam

297 5035 360 5082 luunc
371 5037 395 5083 et
404 5035 520 5083 immitem
534 5045 584 5082 esse
600 5034 625 5081 et
639 5031 791 5094 tyrannicum
804 5035 828 5080 et
840 5031 873 5079 ite
887 5030 1030 5088 animatum,
1042 5028 1071 5076 ut
1114 5027 1278 5090 improborum
1298 5038 1349 5075 esse
1366 5025 1522 5084 industrium,
1544 5025 1669 5086 propterea
1690 5019 1755 5083 quod
1772 5018 1904 5069 industria

296 5126 348 5168 tum
360 5121 488 5183 imperiose
508 5122 578 5182 egat,
591 5125 643 5170 tum
654 5119 760 5168 crudelia
778 5120 803 5168 et
820 5117 922 5167 violenta
936 5119 961 5166 et
977 5114 1069 5178 iegibus
1114 5113 1248 5164 animorum
1265 5112 1399 5162 hebituseit
1408 5111 1458 5161 sine
1470 5110 1603 5173 suspicione
1612 5108 1762 5172 propositum
1776 5109 1905 5168 suscepto

298 5206 478 5267 vertumnus
491 5209 652 5268 occasionem,
673 5209 798 5269 perpetret.
832 5205 980 5263 Quinetiam
997 5204 1074 5267 ingra-
1115 5203 1196 5252 labore
1208 5215 1333 5264 peragens,
1350 5201 1513 5263 improborum
1524 5189 1605 5249 autem
1616 5197 1905 5257 nemoetnesnspicionc
