3959 5925
660 330 712 391 -m
732 328 902 390 nmmum
921 325 1123 389 onerosis.
1302 300 1312 317 ‘
1644 333 1700 386 aar

97 471 157 533 quta
178 469 269 515 auimo
291 465 339 514 eet.
370 465 432 522 Quae
453 461 474 511 ei
488 462 522 512 tle
543 461 706 525 intelliguntur
722 464 752 513 ut
772 461 877 525 debent,
922 463 989 523 parte
1001 459 1031 528 de
1043 459 1155 523 proximo
1169 458 1269 521 sentiat,
1285 459 1321 510 sic
1336 457 1422 510 animae
1437 459 1583 522 principale.
1598 458 1702 520 positum

95 557 203 607 animem
223 564 279 603 cese
291 548 432 601 animalium
445 549 601 614 sauguinem,
622 551 681 614 quia
696 551 727 602 sit
740 549 878 599 valliculam
922 549 947 598 iu
964 547 1044 598 medie
1056 547 1112 598 sede
1127 547 1216 609 cordis,
1234 560 1349 598 munuum
1367 546 1592 609 exordiajrelinere5
1607 549 1634 597 ul
1646 560 1703 598 cum

96 637 266 693 irrationabilis
278 638 379 696 animm,
394 636 463 698 cujus
474 638 555 699 partes
567 640 625 687 snut
636 637 769 700 importuni
784 635 877 699 appeli-
922 636 981 700 qnid
994 635 1153 697 nuntiabunt,
1168 635 1199 686 de
1216 635 1327 698 proximo
1343 638 1505 698 recognoscat.
1536 637 1628 684 vocem
1641 647 1703 698 quo·

88 733 152 790 tus,
168 727 242 777 balnei
258 725 328 788 plene
343 724 461 775 rationem
472 723 527 772 talis
540 722 650 772 mentio
682 721 709 774 Si
724 711 805 774 autern
819 734 878 771 ocu·
915 708 971 787 'que
985 723 1093 774 dbuute
1106 703 1221 786 penetrali
1237 723 1354 786 pecteris,
1366 722 1391 772 id
1405 725 1443 772 est
1460 723 1546 783 corde,
1561 723 1635 785 mitti,
1651 735 1703 784 gre·

95 818 195 867 litentur
209 812 315 864 enimam
327 811 432 862 beminis
450 810 615 862 rationabilem
629 823 696 872 esse,
706 808 807 860 want
819 809 876 872 sibi,
924 810 973 860 mio
986 809 1067 860 cordis
1082 810 1173 860 nitente
1185 809 1286 875 spiritu,
1296 823 1344 873 qua
1356 809 1436 860 nervis
1448 809 1540 888 obsitus
1553 808 1620 858 tiores
1631 809 1704 859 inter·

4 949 7 955 .
95 905 162 970 quod
173 905 239 953 Deus
251 913 302 951 ese
311 899 450 951 bominibus
459 899 527 950 tactis
535 897 692 961 inspiraverit
705 897 815 949 divinum
827 900 877 962 spi·
922 898 1000 960 iectus
1010 899 1197 961 cnrapnlmoue
1209 898 1314 949 secernit
1324 899 1435 960 utreque,
1442 899 1466 948 et
1473 896 1587 948 vitalibus
1599 896 1703 960 ceteris,

93 996 186 1053 ritum,
208 972 257 1052 qr're
278 988 460 1047 ratiocinamur,
483 999 579 1051 quoque
596 987 767 1050 intelligimus,
784 991 811 1038 et
828 1001 878 1050 quo
921 999 971 1050 qno
989 985 1095 1036 leucium
1109 986 1232 1050 engratiae
1252 985 1367 1036 arietante
1386 986 1553 1048 tormentaque
1566 983 1662 1046 lingue,
1680 987 1705 1035 at

96 1092 242 1133 veneramur
253 1077 293 1142 pie
304 1080 393 1138 Deum,
402 1059 489 1139 estque
500 1075 574 1149 'nome
585 1089 642 1125 eum
653 1074 777 1126 divinitate
789 1089 877 1138 cugne-
922 1075 1017 1126 celeris
1032 1075 1156 1126 vocalibus
1176 1075 1281 1138 organis,
1291 1074 1429 1124 articulatos
1445 1073 1484 1123 edi
1499 1085 1571 1124 sonos
1588 1073 1706 1124 sermonis

26 1151 32 1162 ’
97 1171 150 1232 tio,
170 1168 254 1230 diique
276 1177 330 1216 ease
353 1163 469 1225 dicimur,
490 1165 516 1215 et
538 1163 578 1214 tilii
599 1163 688 1213 summi
713 1163 766 1214 Dei.
798 1165 877 1221 Quam
922 1167 1056 1229 eleulenta;
1074 1179 1124 1230 qno
1143 1165 1242 1230 quidem
1264 1164 1393 1228 interprete
1417 1165 1504 1214 menis
1521 1164 1601 1214 arcani
1623 1165 1705 1215 motus

97 1257 268 1319 cognationem
286 1259 343 1303 cnm
363 1252 464 1312 lieo,et
482 1251 583 1301 omnim
599 1250 729 1312 rationem,
744 1244 877 1313 quarello-
921 1254 1066 1317 aperiantur.
1100 1254 1128 1305 id
1146 1267 1217 1318 porro
1229 1252 1358 1316 principale
1369 1253 1456 1303 animm
1471 1254 1550 1306 renat.

95 1348 215 1405 cinemur,
226 1336 367 1404 sanguinem
381 1341 464 1405 putere
473 1352 538 1404 esse,
549 1351 600 1390 nnn
612 1341 685 1390 rectae
699 1337 819 1401 opinionis
832 1343 876 1388 est.
953 1343 1085 1394 ccxviii.
1103 1345 1179 1405 Ergo,
1195 1337 1307 1404 spiritum
1320 1341 1426 1391 enimam
1446 1353 1499 1390 esse
1511 1339 1630 1401 dicentes,
1647 1352 1700 1390 enr-

94 1437 158 1493 Quoe
178 1431 260 1482 emnia
275 1429 347 1480 nobis
364 1428 495 1479 adrasum
515 1427 673 1491 Empedoclea
692 1439 790 1490 qnoque
813 1426 879 1476 dicte
922 1443 968 1492 pus
980 1431 1231 1493 eeseenimanaplane
1245 1430 1358 1480 talentnr.
1392 1429 1462 1488 Quod
1478 1428 1544 1478 slita
1552 1434 1701 1492 est,corpus

92 1522 151 1572 sint
922 1517 1019 1580 corpori
1036 1518 1154 1567 sociatum
1165 1523 1211 1568 est·
1244 1517 1351 1567 Societas
1366 1516 1490 1580 perrorat
1503 1530 1533 1567 ex
1546 1516 1705 1580 applicatione

127 1609 242 1674 ccxvii,
259 1605 332 1658 Stoici
349 1617 476 1670 rerc,cnr
487 1602 585 1667 quidem
598 1601 876 1666 sedemessepriueipa·
922 1604 1018 1667 tt,rei
1036 1618 1069 1657 er
1085 1605 1257 1668 permistione,
1270 1605 1308 1654 rel
1323 1618 1354 1655 ex
1363 1604 1523 1654 concretione.
1557 1604 1581 1654 si
1593 1603 1705 1667 applicita

95 1695 125 1746 lis
139 1695 226 1744 animae
244 1691 496 1756 putisconsculiuni,
508 1701 554 1739 nco
570 1691 653 1739 lamen
665 1688 820 1752 unguimur,
834 1686 877 1750 qui
921 1693 970 1743 etnt
984 1705 1071 1756 corpus
1090 1695 1115 1744 ct
1134 1692 1230 1754 anime,
1249 1691 1307 1755 qnid
1329 1705 1358 1742 ex
1373 1691 1530 1755 applicatione
1545 1691 1704 1754 compositura

96 1799 152 1835 cum
174 1795 276 1846 corpore
296 1781 411 1832 amotus.
442 1778 557 1843 spirltum
579 1779 671 1842 qnippe
691 1781 774 1829 zenon
790 1777 878 1840 quaesit
921 1781 1008 1830 borum
1026 1781 1116 1844 dudm,
1129 1782 1248 1844 melenus
1267 1779 1504 1830 lotumeritnnnml
1519 1780 1647 1831 vilaenim
1666 1791 1703 1830 sc·

96 1871 221 1933 hactenus,
232 1882 282 1932 quo
299 1868 427 1918 recedente
439 1879 455 1916 a
468 1877 571 1928 corpore
586 1865 690 1914 meritur
710 1864 814 1924 animal,
831 1863 878 1914 bne
921 1868 1028 1918 mudum
1040 1868 1107 1932 ipsos
1117 1868 1140 1918 in
1152 1869 1203 1918 solo
1215 1868 1315 1932 spiritu;
1327 1867 1369 1929 qni
1382 1867 1508 1930 applicitus
1520 1879 1568 1917 nnn
1581 1867 1704 1928 permanet

94 1957 305 2008 semanimem.
336 1952 762 2017 ilatnralipbtrotpiritbrwcdcnio
772 1953 876 2002 moritur
922 1957 1189 2022 adcorpnsinlimum.
1225 1956 1290 2006 ltibil
1303 1955 1368 2006 enim
1379 1957 1492 2019 penetret
1508 1955 1665 2019 applicitum
1679 1957 1704 2005 at

96 2041 876 2106 animalitatumlisigilurspirltnseuimeeetdtemchrysippus.
923 2047 1001 2100 totum
1016 2046 1105 2098 enimet
1123 2046 1204 2097 slvere
1224 2045 1300 2108 ajunt.
1332 2045 1386 2094 Non
1409 2045 1483 2106 igitur
1495 2043 1590 2104 anime,
1607 2046 1633 2094 ct
1652 2056 1705 2093 eor·

94 2130 744 2194 ilueeteedem,tnqntt,uerteresplremusetririmus.
754 2111 877 2192 spiramus
922 2149 983 2199 pus,
1007 2135 1165 2200 applicatione
1192 2133 1325 2184 socientur.
1359 2133 1383 2184 Si
1404 2145 1463 2184 vero
1490 2132 1608 2196 permixta
1634 2133 1703 2195 sunt,

96 2223 176 2271 aretem
188 2220 291 2270 naturali
302 2220 396 2283 spiritu.
417 2222 479 2281 Ergo
488 2219 561 2270 etiarn
573 2218 678 2268 vivimus
686 2217 770 2268 codam
780 2217 876 2279 spiritu.
922 2221 1189 2286 enimaunnmaiiquid
1203 2219 1373 2284 nouerit,sed
1387 2221 1504 2284 permixta
1513 2222 1598 2272 multa.
1630 2221 1704 2271 stoici

95 2310 299 2358 Vivimusenlem
310 2305 722 2369 auimaiteturalisigilurspiritna
735 2305 878 2356 moenem
922 2311 1049 2373 spirltum,
1065 2310 1089 2360 id
1109 2313 1147 2361 est
1167 2310 1286 2373 animam,
1302 2322 1378 2360 unum
1399 2310 1457 2373 quid
1479 2323 1531 2360 esse
1551 2309 1702 2372 protientur.

98 2397 287 2447 tumultuatim
295 2395 532 2459 igitur,iuquil,oelo
541 2395 652 2457 lupariae
660 2393 737 2444 divisa
746 2392 875 2443 invenitur.
923 2401 977 2449 Non
1005 2411 1062 2460 ergo
1090 2399 1208 2460 permixta
1227 2399 1292 2448 sunl.
1324 2397 1437 2460 Superest
1458 2397 1486 2446 ul
1504 2410 1533 2448 ex
1553 2397 1704 2447 concretione

94 2486 197 2536 constet
213 2484 278 2535 enim
299 2497 314 2533 e
333 2482 472 2546 principali,
485 2484 511 2531 et
530 2481 637 2544 quinque
655 2479 778 2540 sentibus,
806 2479 876 2530 eliam
922 2491 1022 2536 manent
1036 2506 1043 2536 ι
1056 2498 1112 2546 ergo
1125 2489 1149 2535 el
1162 2498 1204 2548 per
1217 2497 1245 2534 se
1261 2484 1363 2534 invicem
1377 2483 1504 2534 transeunt
1522 2484 1571 2533 duo
1589 2497 1703 2547 corpora,

96 2572 173 2622 vocali
197 2563 345 2633 summata,
371 2572 396 2621 et
421 2569 516 2622 serendi
539 2568 728 2632 procreendique
761 2569 875 2632 potentia.
923 2573 1029 2624 et'locus
1046 2585 1184 2634 unus,qno
1199 2581 1286 2635 corpus
1298 2572 1443 2633 continetur,
1455 2570 1704 2634 duobuscnrporrbns

97 2663 172 2709 Porro
185 2658 273 2708 anirum
292 2659 375 2721 partes
391 2657 459 2707 reiut
478 2669 509 2706 ex
529 2657 607 2720 capite
630 2649 703 2706 tontis
721 2655 801 2705 cordis
821 2655 878 2706 sede
923 2660 1042 2724 praebebit
1061 2660 1234 2722 capacitatem,
1250 2671 1306 2708 cnm
1327 2671 1387 2718 ras,
1407 2657 1473 2720 quod
1494 2671 1580 2721 aquarn
1602 2659 1704 2721 recipit,

9 2749 23 2766 ⁶
95 2747 239 2807 manantes,
256 2757 300 2808 per
313 2743 456 2794 universnm
469 2757 558 2807 eorpus
569 2743 879 2807 porriguntur30mnieqnc
924 2748 1008 2797 riuum
1026 2749 1051 2797 et
1070 2759 1157 2810 aquam
1170 2747 1242 2796 simul
1255 2759 1341 2809 capere
1354 2759 1404 2796 non
1421 2746 1504 2808 possit.
1536 2749 1619 2809 iiequc
1632 2745 1705 2808 igitur

96 2836 205 2887 membra
222 2847 397 2898 usquequaque
409 2834 476 2883 vitali
488 2834 574 2896 spiritu
589 2833 724 2897 complent,
736 2835 877 2896 regnatque,
923 2849 954 2886 ex
967 2835 1140 2898 applicatione,
1159 2847 1238 2897 neque
1255 2834 1427 2896 permixtione,
1440 2845 1518 2897 neque
1537 2846 1595 2884 vero
1608 2847 1704 2884 conere·

95 2925 121 2973 et
133 2921 289 2972 moderantur
304 2940 310 2971 ι
328 2919 559 2981 innumerabilibus,
572 2919 736 2983 diversisque,
750 2919 878 2971 nouatum
922 2923 1003 2985 tiene,
1014 2935 1101 2986 corpus
1116 2924 1140 2973 et
1150 2922 1230 2972 anima
1242 2921 1364 2972 sociantur
1378 2940 1385 2971 e
1400 2933 1428 2972 er
1441 2933 1491 2986 quo
1504 2921 1586 2985 contii,
1600 2922 1704 2973 animem

98 3010 243 3073 nutriendo,
262 3010 396 3070 adolendo,
417 3010 554 3071 merendo,
580 3010 685 3059 motibm
705 3009 822 3060 localibus
841 3010 877 3058 ln·
923 3024 1038 3062 neumae
1055 3022 1150 3073 corpus.
1185 3010 1228 3058 Est
1247 3008 1319 3070 igitur
1335 3007 1470 3070 virtus,et
1486 3010 1605 3073 potentia,
1621 3022 1705 3063 carena

99 3099 231 3162 struendo,
247 3099 357 3149 sensibus
370 3099 536 3161 compellendo
555 3097 586 3146 sd
603 3098 765 3161 operandum,
778 3099 879 3161 totaque
914 3107 1024 3162 'corpore
1045 3116 1052 3148 a
1074 3096 1187 3160 qnodque
1206 3096 1244 3145 eet
1265 3096 1289 3145 in
1312 3106 1340 3147 ea
1366 3094 1509 3160 principale,
1530 3099 1704 3158 competentem

96 3188 177 3236 anime
190 3199 289 3247 sensnm
302 3187 343 3248 qni
353 3186 406 3249 ejus
420 3189 477 3237 sunt
488 3186 585 3248 omen,
597 3186 665 3236 reiut
674 3198 755 3235 ramos
771 3200 802 3237 ex
811 3186 879 3248 prin·
924 3190 1017 3235 natnree
1029 3197 1080 3233 suae
1093 3183 1175 3234 sedem
1192 3182 1278 3232 babeat
1291 3195 1388 3233 necesse
1399 3184 1442 3233 est.

97 3275 168 3338 cipuli
177 3280 244 3337 parte
255 3275 426 3338 illl,tenquam
436 3276 514 3337 trabe,
524 3274 607 3337 pandit
619 3275 710 3325 tuturos
720 3286 806 3324 eornm
822 3286 878 3336 que
956 3273 1062 3325 ccxix.
1080 3276 1112 3321 tl
1123 3283 1182 3321 reru
1194 3270 1333 3321 adsteteles
1347 3270 1452 3321 enimam
1470 3270 1553 3322 delinit
1564 3272 1680 3323 trectenus
1696 3292 1704 3323 ε

98 3364 204 3414 sentiunt
217 3364 328 3425 nuntios,
346 3363 397 3427 ipsa
417 3363 448 3413 de
465 3363 508 3426 iis,
519 3376 575 3426 qnee
590 3362 775 3426 nunciaverint,
786 3361 880 3426 judicat
924 3362 1019 3412 aalma
1028 3363 1065 3411 est
1077 3361 1168 3423 prema
1175 3358 1303 3422 perseetlo
1314 3361 1430 3421 corporis
1442 3360 1577 3411 naturalis
1589 3363 1705 3424 organici

98 3451 186 3500 utrex.
220 3454 257 3501 lix
274 3451 313 3506 leis
327 3462 483 3513 porrn,quae
495 3451 642 3509 sentiuntur,
658 3450 793 3513 composita
808 3451 878 3513 sunt;
923 3448 1099 3512 possibilitate
1117 3450 1199 3498 ultam
1217 3446 1348 3497 babentia.
1381 3446 1554 3497 Periecliouem
1576 3462 1641 3498 nunc
1660 3461 1702 3511 ap·

98 3541 183 3600 utpote
203 3551 319 3599 corpora,
337 3538 469 3599 singulique
488 3538 546 3587 ilem
566 3550 652 3587 sensns
671 3552 746 3588 unum
764 3536 878 3599 quiddam
924 3536 1156 3600 pellansspeeialem
1169 3535 1380 3597 essentiamque
1391 3538 1427 3584 eei
1440 3534 1466 3583 in
1481 3536 1564 3598 effigie.
1597 3534 1705 3585 Esseutia

96 3626 215 3687 sentiunt3
233 3624 272 3673 bic
290 3625 399 3685 colores,
415 3638 489 3673 sonos
507 3626 582 3686 alius,
597 3627 634 3674 ael
647 3626 686 3676 iile
702 3638 830 3676 suenorum
842 3639 880 3677 sa·.
924 3624 988 3674 enim
1003 3624 1122 3674 trifariam
1137 3622 1290 3685 intelligitur.
1328 3622 1393 3682 Una,
1410 3634 1464 3683 quea
1484 3625 1625 3671 constater
1648 3636 1704 3672 cor-

96 3726 169 3776 pores
190 3711 316 3770 discernit,
333 3712 372 3760 bic
393 3724 495 3773 vapores
510 3711 693 3774 ederammm,
712 3713 751 3763 ilic
766 3725 877 3775 asperum
923 3724 1002 3776 pore,·
1015 3712 1082 3761 reiut
1094 3709 1219 3771 animalia,
1232 3710 1270 3759 vel
1283 3722 1340 3772 qnae
1357 3710 1409 3757 arte
1425 3709 1500 3771 liunt,
1514 3711 1618 3760 essentie
1631 3709 1704 3773 dicia,

96 3799 321 3861 levigationemque
342 3801 416 3848 tectu.
449 3800 527 3862 itque
543 3799 595 3849 llaec
612 3800 697 3849 omnia
712 3800 743 3849 sd
759 3813 875 3863 presens.
924 3800 1043 3863 quiahoc
1054 3798 1106 3862 lpse
1118 3800 1315 3859 est,elcoelera,
1328 3808 1382 3858 qum
1392 3798 1463 3857 sunt,
1476 3797 1600 3848 incitasse.
1616 3799 1705 3860 Altera,
1732 3843 1736 3856 ,

97 3891 181 3950 Neque
192 3888 274 3937 tamen
283 3887 459 3950 praeteritorum
473 3887 583 3937 meminit
592 3899 677 3937 senem
688 3888 765 3952 ullus,
778 3900 823 3937 nec
835 3902 879 3938 eu-
925 3901 972 3951 qna
986 3886 1112 3937 materiam
1128 3884 1267 3946 intormem,
1285 3886 1311 3934 el
1330 3883 1411 3933 adbuc
1423 3883 1614 3946 ultraromanis
1628 3888 1706 3938 consi·

97 3977 206 4039 spiratur
219 3975 308 4026 tutare.
329 3976 425 4026 iotirnoe
439 3989 498 4025 vero
510 3975 687 4025 deliberationis
699 3978 724 4026 et
738 3976 877 4027 considere·
923 3976 1044 4025 daremus.
1077 3976 1136 4022 llaec
1147 3973 1235 4035 qnippe
1249 3971 1405 4035 possibilitate
1418 3973 1499 4021 omnia
1512 3976 1562 4034 eei,
1573 3988 1628 4036 qum
1637 3988 1667 4025 ex
1677 3978 1723 4025 ea·

99 4064 172 4114 tionis
192 4064 331 4127 proprium,
343 4064 461 4126 cuiusque
478 4076 564 4113 sensus
582 4063 714 4125 intelligere
726 4065 879 4136 paesiopem,
925 4064 978 4114 deri
991 4064 1108 4127 possum,
1123 4061 1211 4112 ellectu
1223 4060 1303 4110 anmm
1313 4059 1421 4109 nundum
1436 4060 1564 4123 quicquam
1576 4080 1582 4111 ε
1593 4067 1619 4110 ut
1628 4074 1706 4111 massa

53 4145 57 4153 ’
74 4135 76 4138 ’
96 4153 121 4199 et
136 4164 166 4200 er
179 4151 221 4209 iis,
234 4162 290 4212 quac
302 4149 426 4212 nuntient,
445 4149 555 4211 colligere
571 4148 632 4213 quid
648 4150 680 4199 sit
695 4150 768 4214 illud,
782 4154 808 4201 et
818 4163 880 4213 pree·
925 4152 998 4213 aris,
1016 4153 1040 4201 et
1061 4150 1187 4199 intractata
1200 4149 1272 4212 ligna.
1306 4148 1400 4209 Tertia,
1415 4147 1455 4198 cni
1468 4148 1577 4199 accidens
1591 4150 1704 4201 ellectum

97 4252 154 4289 sens
163 4237 260 4299 quidem
269 4236 507 4299 aeetpere,abeenlie
516 4240 598 4288 autem
609 4238 760 4301 meminisse,
771 4239 879 4289 tutorum
925 4239 1019 4303 perlicit
1038 4252 1106 4303 eam,
1128 4240 1276 4301 exornatque
1291 4236 1446 4300 impressione
1459 4236 1557 4301 serulae
1579 4252 1587 4286 ,·
1607 4251 1706 4302 exque

98 4325 235 4391 previdere.
268 4325 359 4375 Debuit
371 4324 434 4374 idem
453 4326 563 4375 intimam
578 4326 667 4375 mentis
682 4326 878 4379 deliberationem
924 4332 1014 4390 torma,
1034 4343 1107 4392 quam
1125 4328 1247 4393 insignivit
1263 4340 1316 4389 ars,
1331 4327 1355 4376 id
1371 4327 1436 4391 quod
1452 4328 1583 4389 perlectum
1597 4328 1648 4390 est,
1659 4340 1704 4377 no-

98 4414 151 4463 sic:
166 4415 279 4463 russum
291 4416 331 4463 est
342 4416 427 4463 metm
439 4415 534 4464 calmet
546 4415 584 4462 uis
595 4413 771 4464 rationabilia.
781 4415 879 4466 liabent
925 4428 981 4466 meu
990 4415 1078 4479 accipit
1092 4416 1137 4465 :ut
1149 4417 1242 4474 emtus,
1257 4427 1312 4477 quae
1328 4428 1360 4465 er
1373 4414 1529 4464 similitudine
1544 4415 1643 4477 turmae,
1657 4426 1700 4465 cu-

100 4502 188 4565 quippe
199 4502 272 4551 etiam
284 4501 409 4551 mutarim
417 4502 503 4552 animae
512 4501 668 4564 principalem
678 4513 726 4563 que
737 4502 879 4552 discernunt
923 4506 962 4567 jus
982 4506 1020 4555 est
1033 4506 1127 4565 elalua,
1149 4503 1303 4554 simulacrum
1333 4506 1442 4553 vocatur.
1475 4503 1594 4565 similiter,
1615 4503 1704 4567 inquit,

99 4590 183 4651 cibos,
193 4590 359 4653 imaginentur,
371 4590 492 4639 declinant
504 4589 612 4649 insidias,
624 4591 746 4652 praerupta
759 4594 784 4639 et
797 4590 880 4652 praecl-
908 4592 999 4656 'borno
1018 4594 1084 4642 ccrle
1104 4592 1192 4641 animat
1209 4593 1265 4642 est:
1279 4592 1304 4643 et
1315 4591 1353 4641 eet
1367 4594 1393 4641 ut
1409 4590 1541 4653 silrmtris,
1555 4595 1579 4641 et
1592 4591 1704 4642 malerte-

99 4677 157 4738 pitia
184 4678 353 4741 anpersiliunl,
377 4678 578 4728 necessitudinem
613 4678 802 4738 recognoscunt,
830 4688 879 4753 pon
924 4680 966 4740 tls,
981 4679 1084 4729 essentie
1105 4680 1148 4728 :et
1166 4679 1221 4728 baec
1242 4680 1378 4743 composita
1397 4692 1425 4729 er
1445 4679 1545 4729 materia
1565 4680 1704 4745 ternaeque,

100 4768 182 4813 tamen
196 4765 378 4825 rationabilem,
389 4766 449 4828 quin
463 4764 543 4828 potina
557 4764 702 4815 naturalem.
738 4758 809 4813 Seius
820 4776 880 4813 vero
924 4766 1013 4831 quippe
1031 4780 1061 4817 ex
1075 4778 1175 4829 corpore
1190 4769 1300 4829 cunstat,
1321 4773 1345 4818 et
1358 4767 1439 4817 anima
1455 4780 1532 4829 :ergo
1549 4764 1638 4831 cnrpris
1652 4768 1705 4831 eius

99 4850 174 4898 buron
189 4862 220 4897 ex
231 4852 373 4902 mortalibus
388 4851 511 4914 principali
523 4850 610 4901 mentis
629 4850 707 4909 bono,
721 4848 767 4898 boc
788 4852 826 4899 est
843 4865 880 4899 ra·
926 4854 1026 4905 materie
1048 4857 1099 4916 est,
1123 4854 1203 4903 enirna
1224 4866 1284 4906 rere
1313 4855 1418 4916 species,
1440 4854 1493 4905 sire
1513 4856 1596 4905 tenua.
1629 4857 1705 4905 iuria

98 4936 179 4998 tione,
192 4938 276 5001 utitur,
294 4942 323 4989 ut
339 4940 372 4989 alt
391 4940 455 4991 idem
477 4940 632 5002 chrysippus.
666 4938 734 4987 stent
752 4950 839 4987 aranee
855 4938 896 4988 ln.
924 4954 997 5004 quam
1017 4941 1136 5003 speciem,
1152 4940 1176 4990 td
1192 4944 1230 4991 est
1252 4942 1370 5003 enimam,
1393 4941 1480 4991 animai
1493 4944 1530 4991 est
1549 4942 1701 5003 cognomina·

101 5024 230 5075 medietate
245 5026 320 5076 caeeis
333 5028 416 5077 omnia
434 5029 529 5077 litorum
542 5031 607 5077 tenet
620 5024 722 5099 pedibus
731 5025 839 5087 exordia,
852 5029 880 5076 ui
924 5031 985 5079 lum.
1020 5030 1087 5079 lianc
1097 5040 1154 5089 ergo
1168 5029 1286 5091 speciem,
1300 5042 1346 5091 qua
1359 5029 1493 5079 tornantur
1509 5022 1618 5093 singule,
1632 5043 1704 5093 gene·

99 5125 157 5163 eum
173 5113 238 5176 quod
258 5127 288 5163 er
309 5114 415 5165 bmtiolis
436 5116 515 5179 plagas
537 5114 664 5165 incurrerit
686 5128 717 5164 ex
737 5128 881 5177 quecunque
924 5116 1006 5167 raiiter
1019 5116 1158 5167 Aristoteles
1175 5118 1327 5181 ἐντελέχειαν,
1350 5116 1375 5167 ld
1392 5112 1442 5180 e'st,
1454 5118 1602 5169 absumere
1617 5119 1702 5182 perse·

1588 5210 1622 5253 ii.
