3959 5925
362 484 378 533 u
1053 473 1231 534 Puitunu

357 601 449 660 ίνωσιν
463 609 506 662 τοῦ
527 602 824 685 Διὸςθλαυσυνίχοντος
840 603 944 673 τδντῆς
965 604 1124 679 δυωδεκάδφς
1207 605 1305 679 (Stob.
1331 606 1427 682 Eclog.
1451 607 1503 665 tib.
1529 608 1541 665 l
1566 628 1628 687 cap.
1653 612 1715 678 2,3
1739 630 1807 689 pag.
1837 633 1877 667 ro
1901 614 1933 669 ed

357 688 476 766 ἀριθμόν.
501 690 584 749 Cont.
610 691 756 750 Plutarch.
790 692 826 749 de
856 691 932 750 lside
957 705 986 749 et
1013 693 1125 751 Osiride
1171 694 1253 753 Heer.
1277 693 1369 752 Verba
1385 695 1418 752 τδι
1440 697 1464 752 ἐν
1477 704 1512 773 τᾷ
1529 686 1624 774 σφαίρφ
1644 696 1753 754 librarii
1778 718 1885 756 errore
1900 700 1941 758 bis

357 797 420 855 cap.
444 780 480 835 3ο
495 791 523 835 et
537 779 609 853 76.)
738 844 742 851 ¹
1169 782 1277 859 scriptu
1300 782 1441 840 iieerenio
1465 795 1610 859 praeeunte
1636 784 1718 843 uncis
1743 784 1866 845 inclusi.
1889 792 1941 845 Er·
1964 844 1965 853 ,

400 882 434 921 ra.
461 863 593 931 Φιλόλαος
617 864 645 923 ii
666 866 733 941 perir
759 866 790 924 τὸ
815 864 997 942 μαθηματικὸν
1020 864 1125 941 μέγεθος
1169 880 1259 926 trema
1271 870 1360 943 vulgo
1381 870 1411 927 in
1431 870 1581 928 codicibus
1599 871 1642 928 sic
1661 870 1829 931 scribuntur
1848 896 1858 930 :
1875 878 1940 933 καὶὸ
1964 910 1965 925 ι

357 954 436 1029 τριχῆ
449 950 557 1010 διαστδν
573 953 599 1009 ἐν
609 953 730 1031 τετράδι,
745 952 871 1023 ποιότητα
891 952 936 1009 καλ
956 953 1055 1031 χρῶσιν
1069 954 1125 1009 ἐπι·
1169 955 1223 1033 (ai.
1241 956 1272 1031 d)
1286 964 1332 1021 τᾶς
1356 957 1465 1033 σφαίρας
1486 956 1578 1029 θλκάς,
1600 956 1736 1032 πέμπτον,
1758 978 1824 1036 quae
1853 980 1939 1036 quum

342 1035 508 1113 ’διιξαμίνης
528 1043 575 1109 τῆς
591 1039 691 1118 φύσεως
715 1041 743 1096 ἐν
767 1040 890 1115 πεντάδα,
907 1038 1025 1117 ψύχουσιν
1047 1038 1075 1096 δὲ
1099 1042 1125 1096 ἐν
1170 1042 1301 1117 quintum
1325 1041 1495 1099 elementum
1511 1044 1574 1100 sine
1593 1042 1684 1100 dubio
1704 1047 1740 1101 sit
1767 1044 1863 1101 aether
1888 1050 1937 1121 (rt.

358 1126 441 1198 ίξιίδι,
453 1132 512 1196 νοῦν
526 1126 553 1183 δὲ
567 1127 611 1183 καί
626 1126 713 1202 ὑγείαν
735 1125 780 1185 καλ
791 1126 822 1185 τὸ
832 1126 876 1184 ὑπ’
888 1128 968 1184 αὐτοῦ
989 1125 1125 1203 λεγόμενον
1168 1126 1272 1185 Theoi.
1287 1128 1401 1188 arithm.
1418 1148 1484 1205 pag.
1501 1130 1555 1205 18)
1570 1128 1612 1187 sic
1623 1132 1733 1187 mutavi
1745 1144 1773 1187 et
1791 1133 1939 1207 suppleri,

270 1211 272 1213 ’
358 1216 411 1291 φῶς
423 1216 449 1270 ἐν
461 1212 585 1289 {dispiter
593 1257 602 1290 ,
610 1211 680 1288 ’μετδι
691 1212 773 1271 ταῦτά
791 1236 868 1293 φησιν
885 1212 970 1291 ἔρωτα
980 1214 1026 1271 καί
1038 1213 1125 1288 φιλίαν
1167 1227 1200 1271 ut
1213 1214 1286 1281 θλκθς
1300 1216 1387 1295 αἰθήρ,
1398 1216 1516 1293 πέμπτον
1528 1234 1710 1294 reponerem.
1722 1225 1731 1289 )

357 1301 403 1359 καὶ
417 1306 495 1377 μῆτιν
515 1300 853 1376 intentiosissime&
870 1302 1002 1372 συμθῆναι
1016 1302 1069 1367 τοῖς
1082 1292 1125 1358 ού·
1208 1322 1244 1361 αι.
1262 1302 1393 1367 Φιλόλαος
1402 1302 1531 1379 ἄφθαρτον
1541 1302 1854 1379 τδνκόσμον.Λε’γειγοῦν
1868 1303 1941 1364 οὔτινα

358 1410 410 1447 σιν.
1169 1391 1194 1446 ἐν
1203 1394 1240 1468 τῷ
1249 1387 1308 1466 περὶ
1316 1392 1410 1469 ψυχῆς·
1418 1390 1493 1470 Παρὸ
1501 1390 1545 1447 καί
1556 1390 1682 1469 ἄφθαρτος
1693 1389 1940 1450 καλάκαταπόνατσε

397 1473 525 1552 (Auctor
547 1472 689 1547 Theolog.
711 1474 827 1532 arithm.
844 1492 874 1549 p.
902 1472 949 1529 56.
966 1471 1049 1531 Cous.
1072 1472 1124 1531 Cs-
1168 1477 1281 1551 διαμένει
1290 1476 1333 1536 τὸν
1347 1477 1451 1556 ἄπειρον
1461 1481 1552 1535 αἰῶνα·
1561 1479 1619 1535 οὔτε
1633 1476 1683 1555 γὰρ
1692 1476 1806 1535 ἔντοσθεν
1819 1479 1895 1535 ἄλλα
1909 1502 1940 1539 τις

357 1578 461 1620 atterat.
479 1561 514 1617 ad
526 1560 692 1619 Nicomach.
708 1561 827 1618 arithm.
839 1579 869 1636 p.
885 1558 947 1633 ὅθ.)
1169 1565 1238 1621 αἰτία
1248 1565 1442 1644 δυναμικωτέρα
1456 1566 1535 1630 αὐτᾶς
1548 1563 1713 1641 εὑρεθήσεται
1733 1566 1786 1621 οὔτ’
1799 1564 1936 1631 ἔκτοσθεν,
1964 1606 1965 1641 ,

398 1668 433 1706 ιο.
452 1647 506 1706 Καὶ
518 1645 640 1724 τέσσαρες
655 1647 734 1726 αἰρχαὶ
749 1651 793 1705 τοῦ
804 1644 869 1724 ζῴου
880 1650 925 1702 τοῦ
942 1648 1058 1721 λογικοῦ,
1074 1644 1125 1702 de·
1168 1656 1269 1730 φθεῖραι
1294 1651 1371 1709 αὐτὸν
1393 1652 1536 1727 δυναμένα,
1559 1650 1616 1709 ἀλλ’
1634 1642 1686 1722 ἧς·
1708 1652 1749 1708 ὅδε
1766 1655 1780 1707 d
1799 1650 1902 1723 κόσμος
1919 1652 1939 1714 ἐξ

357 1734 459 1813 περκαὶ
471 1733 637 1798 Φιλύλαθσέν
649 1739 686 1814 τῷ
700 1733 868 1814 περὶφύσεως
882 1729 961 1806 λέγει,
974 1731 1124 1809 ἐγκέφαλοι,
1168 1737 1365 1809 αἰῶνος,καλές
1379 1742 1460 1797 αἰῶνα
1473 1737 1600 1812 διαμένει,
1616 1730 1652 1803 εἶς
1667 1736 1717 1795 ὑπὸ
1732 1734 1938 1817 ἑνθςλτῷξυγγε-
1964 1746 1965 1788 i

357 1820 468 1899 καρδία,
481 1818 610 1898 ὀμφαλός,
629 1823 733 1879 αἰδοῖον·
755 1820 855 1900 κεφαλδ
878 1820 925 1895 μὲν
944 1817 1010 1889 vdeo,
1032 1820 1125 1899 καρδία
1167 1823 1247 1891 νίοςθ
1275 1824 1320 1881 καί
1346 1824 1477 1903 κρατίστω
1503 1825 1547 1882 καί
1576 1824 1738 1904 ἂνυπερθὲτω
1769 1825 1937 1901 κυίερνώμε-
1964 1818 1965 1849 ³

358 1906 385 1964 δὲ
408 1909 493 1984 ψυχᾶς
516 1906 563 1964 καί
581 1906 727 1978 αἰσθήσιος,
750 1905 866 1986 ὀμφαλὸς
885 1904 912 1962 δδ
940 1906 1056 1985 ριζώσιος
1081 1906 1126 1963 καὶ
1168 1934 1219 1978 νος,
1233 1911 1408 1990 Ἐχειδὲκαί
1422 1912 1468 1971 rior
1482 1912 1565 1990 ἀρχδιν
1588 1922 1633 1978 τᾶς
1654 1912 1764 1979 κινάσιύς
1782 1913 1879 1971 τεκαὶ
1898 1935 1939 1987 με·
1964 1912 1965 1925 ³

358 1994 496 2073 ereptore<
509 1999 547 2053 τῶ
561 1994 666 2075 πρώτω,
674 1996 769 2052 αἰδοῖον
784 1994 811 2051 δὲ
825 1994 970 2071 σπέρματος
980 1992 1125 2061 insudate<
1167 1999 1278 2063 estote:
1300 2003 1314 2057 t
1336 2000 1431 2075 κόσμος
1453 1990 1488 2065 εἷς
1511 1998 1559 2055 ἐὼν
1581 1999 1626 2057 καὶ
1650 1998 1757 2077 συνεχὴς
1785 2000 1835 2056 καὶ
1864 1999 1938 2076 φύει
1964 2056 1965 2063 ,

357 2103 385 2137 τε
403 2082 448 2136 καὶ
463 2079 600 2157 γεννάσιος
622 2082 762 2161 ἐγκέφαλος
782 2079 809 2139 δδ
827 2081 873 2138 τδν
888 2077 1015 2159 ἀνθρώπια
1029 2082 1124 2160 ἀρχάν,
1168 2085 1348 2164 διαπνεόμενος
1369 2084 1413 2143 καί
1432 2087 1618 2165 περιαγόμενος
1633 2086 1659 2154 ἐξ
1673 2084 1823 2165 ἀρχαδίιυ.θ
1841 2086 1898 2143 Καὶ
1916 2088 1941 2141 το
1964 2114 1965 2121 ¹

358 2166 453 2244 καρδία
467 2169 494 2223 δὲ
508 2166 554 2223 τὰν
572 2167 643 2249 ζώω,
657 2168 772 2246 θμφαλθς
786 2168 813 2225 δὲ
827 2167 874 2224 τδν
887 2170 977 2246 φυτῶ“,
993 2169 1086 2225 αἰδοῖον
1098 2166 1124 2225 δὲ
1169 2171 1215 2248 μὲν
1230 2170 1409 2246 άμετάθλατον
1431 2174 1523 2243 αὐτοῦ,
1545 2172 1574 2229 τδ
1595 2172 1621 2230 δὲ
1636 2172 1799 2247 μεταύάλλον
1814 2172 1888 2231 ἔστί·
1902 2176 1939 2229 καὶ
1964 2204 1965 2225 ι

358 2252 405 2309 τὰν
426 2252 592 2320 ξυναπάντων
614 2255 775 2335 [ἐμφαίνει]
1167 2260 1197 2316 τὸ
1210 2259 1256 2335 μὲν
1271 2257 1430 2333 ἀμετάθολον
1441 2258 1585 2342 ἀπδτθίςτθ
1596 2258 1655 2318 θλον
1668 2261 1845 2337 περιεχούσας
1862 2266 1939 2339 ψυχᾶς
1964 2292 1965 2337 ι

397 2340 520 2418 (Auctor
530 2342 667 2419 Tbeotog.
680 2343 797 2403 arithm.
810 2360 875 2419 pag.
888 2340 1026 2399 22.Patet
1037 2340 1125 2399 verba
1169 2347 1246 2423 μέχρι
1257 2344 1365 2411 σελάνας
1374 2350 1538 2425 περαιοῦται,
1559 2346 1588 2403 τὸ
1606 2346 1632 2404 δὲ
1649 2347 1813 2421 μεταὸάλλσν
1833 2347 1888 2403 ἀπὸ
1902 2356 1938 2409 εἰς
1964 2338 1965 2393 ἷ

357 2428 457 2508 κεφαλθ
472 2428 519 2503 μὲν
536 2434 595 2489 κτλ.
612 2448 705 2507 usque
720 2430 757 2488 ad
769 2426 936 2496 ξυναπάντων
950 2445 1013 2485 esse
1031 2429 1124 2506 ipsius
1167 2432 1276 2493 σελάνας
1290 2431 1368 2509 μέχρι
1388 2441 1434 2499 τᾶς
1447 2442 1504 2510 γᾶς.
1525 2432 1600 2493 Ἐπεί
1621 2433 1649 2491 δέ
1660 2455 1694 2510 γα
1710 2433 1754 2491 καὶ
1773 2433 1805 2492 τδ
1819 2433 1907 2491 κινέον
1918 2434 1938 2497 ἑξ
1964 2464 1965 2471 1

357 2515 496 2587 Philolai,
506 2517 538 2573 in
550 2517 658 2594 quibus
671 2536 725 2594 pro
737 2516 810 2588 νόου,
825 2517 926 2595 ψυχῆς,
937 2519 983 2571 τοῦ
998 2516 1122 2591 πρώτου,
1168 2519 1259 2583 αἰῶνος
1273 2520 1296 2582 ἐς
1310 2520 1392 2577 αἰῶνα
1401 2520 1549 2596 περιπολεῖ,
1563 2519 1592 2577 ri
1609 2520 1636 2577 δὲ
1648 2521 1793 2596 κινεόμενον
1808 2524 1851 2587 ὡς
1863 2521 1893 2577 τὸ
1904 2544 1937 2577 ar·
1964 2522 1965 2587 i

356 2601 502 2679 γεννάσως,
523 2601 680 2683 ἀνθρώπων,
704 2609 783 2683 φυτοῦ
798 2622 863 2660 cunr
886 2601 1024 2659 Boeclrhio
1038 2604 1123 2678 posui
1166 2604 1220 2663 νέον
1233 2604 1306 2681 ἄγει,
1322 2604 1388 2663 οὕτω
1405 2606 1544 2664 διατίθεται
1556 2612 1576 2643 ⁰·
1592 2608 1692 2682 ἀνάγκα
1712 2607 1741 2664 τὸ
1757 2608 1807 2683 μὲν
1833 2608 1938 2665 ἀεικίνα·

357 2689 424 2763 νόω,
443 2694 544 2769 ψυχᾶς,
556 2693 596 2748 τῶ
608 2690 718 2769 πρώτω,
731 2692 878 2767 γεννάσιος,
893 2688 1038 2765 ἀνθρώπω,
1053 2693 1123 2768 φυτῶ
1166 2710 1218 2765 ταν,
1229 2689 1259 2747 τδ
1276 2689 1436 2758 δὲ’ἀειπαθὲς
1455 2682 1537 2767 ἦμεν,
1556 2692 1641 2750 καὶτὸ
1663 2693 1709 2769 μὲν
1722 2691 1774 2751 νάω
1789 2693 1840 2751 καὶ
1863 2698 1939 2773 φυγίς
1964 2722 1965 2751 ι

355 2790 385 2835 et
404 2778 449 2834 καὶ
463 2792 528 2835 ante
549 2777 698 2843 acccersiit<
719 2778 823 2835 delevi.
852 2776 995 2834 Praererea
1015 2777 1046 2833 in
1067 2778 1124 2835 fine
1170 2778 1309 2857 ἀνάκτορον
1330 2775 1341 2813 ¹
1364 2786 1426 2850 πᾶν,
1440 2777 1470 2835 τδ
1484 2778 1511 2837 δὲ
1533 2777 1645 2856 γενίσιος
1658 2778 1703 2837 καὶ
1724 2779 1888 2855 μεταὸολᾶς
1902 2782 1939 2837 καὶ

356 2864 455 2923 addidi
469 2864 590 2923 verbum
610 2864 738 2942 ἐμφαίνει.
759 2866 913 2941 Sequentia
930 2875 1023 2921 autent
1037 2864 1123 2923 πάντα
1165 2864 1194 2923 τὸ
1208 2864 1254 2939 μίν
1269 2873 1366 2944 πρᾶτον
1379 2874 1412 2945 τᾷ
1427 2865 1521 2941 δυνάμι
1534 2866 1579 2924 καὶ
1595 2866 1735 2946 ὑπερέχον,
1750 2866 1781 2926 τδ
1795 2870 1821 2925 δ’
1838 2868 1940 2945 ὕστερον

355 2951 405 3030 γὰρ
421 2952 543 3011 θάλλουσι
555 2950 601 3009 καλ
613 2951 798 3028 βλαστάνουσι,
810 2971 897 3027 quum
911 2969 970 3007 non
981 2950 1123 3023 Philotas,
1166 2951 1211 3012 καὶ
1224 2950 1472 3032 καθυπερεχάμενον·
1487 2952 1517 3012 τδ
1533 2954 1555 3012 δ’
1566 2952 1593 3022 ἐξ
1607 2952 1759 3035 ἀμφοτέρων
1778 2954 1901 3026 τούτων,
1910 2963 1940 3014 rr}
1964 2944 1965 2998 ί

357 3039 406 3096 sed
420 3038 579 3097 Iamblicho
589 3040 651 3096 sive
663 3039 688 3095 T
690 3039 804 3113 heniog.
823 3032 957 3116 scriptori
971 3035 1125 3096 tribuenda
1168 3041 1214 3115 μὲν
1227 3042 1266 3099 ἀεὶ
1280 3042 1378 3108 θέοντος
1389 3041 1458 3114 θείω,
1475 3045 1511 3100 τῶ
1522 3041 1548 3100 δὲ
1567 3043 1607 3100 dri
1626 3042 1840 3119 μεταὸάλλοντος
1854 3067 1940 3122 γεννα·

356 3125 533 3197 viderentur,
549 3126 707 3184 omittenda
722 3127 854 3205 putavi.)
1166 3127 1202 3185 ar'r‘t
1216 3127 1320 3204 κόσμος.
1335 3128 1382 3187 Aria
1401 3129 1446 3187 καὶ
1459 3133 1544 3196 καλῶς
1559 3129 1589 3186 σίν
1608 3152 1646 3196 τις
1656 3132 1745 3207 λίγοιΒ
1758 3131 1865 3206 κόσμον
1881 3125 1940 3205 ἦμεν

396 3231 433 3271 κο.
453 3213 553 3293 Καλτδ
573 3215 598 3270 ἐν
614 3222 647 3292 τᾷ
661 3212 758 3292 σφαίρᾳ
777 3210 888 3288 πύματα
910 3211 986 3270 πέντε
1007 3213 1058 3270 ἐντί
1072 3215 1124 3291 [τὰ
1170 3213 1298 3294 ἐνέργειαν
1311 3215 1391 3274 ἀίδιον
1405 3219 1456 3274 θεῶ
1473 3215 1559 3274 md
1572 3215 1684 3294 γενέσιος
1697 3216 1765 3275 κατὰ
1781 3223 1941 3277 συνακολου·

357 3301 384 3355 δν
397 3307 431 3378 τᾷ
443 3298 558 3381 σφαίρᾳ]
576 3305 639 3377 πῦρ,
652 3300 721 3379 ὕδωρ
741 3300 786 3358 καλ
808 3310 843 3379 γᾶ
855 3300 900 3357 καί
918 3299 978 3376 θήρ,
994 3301 1038 3359 καλ
1054 3304 1124 3368 θεᾶς
1168 3300 1225 3360 θίαν
1238 3311 1284 3368 τᾶς
1295 3299 1491 3376 ’μεταθλατικθς
1506 3301 1604 3381 φύσιος.
1622 3305 1676 3364 Καὶ
1691 3307 1704 3361 ὁ
1722 3304 1770 3380 μὲν
1789 3309 1816 3370 ἐς
1831 3307 1876 3364 ἀεὶ
1891 3308 1941 3363 δια-

357 3387 467 3466 σφαίρας
482 3388 557 3453 ὁλκὸς
572 3387 660 3465 αἰθήρ,
672 3388 799 3464 πέμπτον.
1167 3388 1239 3465 μένει
1256 3391 1324 3448 κατὰ
1345 3392 1376 3450 τδ
1398 3391 1461 3450 αὐτὸ
1481 3392 1526 3450 καλ
1553 3390 1676 3458 ὡσαύτως
1689 3390 1771 3471 ἔχων,
1794 3390 1834 3450 τὰ
1860 3391 1939 3450 δὲκαὶ

388 3587 425 3630 rs.
444 3582 567 3631 Philolaus
587 3587 641 3644 post
663 3583 849 3645 magnitudinem
875 3584 1049 3632 mathematicae
1066 3597 1123 3646 pro·
1169 3597 1217 3646 qne
1233 3583 1314 3633 tabore
1324 3585 1446 3634 contectus
1457 3587 1572 3648 perpetuo
1584 3585 1668 3642 durat,
1681 3584 1800 3647 siquidem
1818 3599 1870 3635 nec
1884 3589 1940 3634 iam

356 3667 432 3729 priam
452 3682 554 3730 eamque
572 3668 695 3732 tripliciter
712 3669 737 3718 tn
753 3671 906 3731 quaternario
923 3683 1022 3719 numero
1041 3683 1124 3731 porre·
1166 3673 1244 3735 ipsum
1259 3683 1332 3720 musa
1343 3672 1463 3734 potentior
1479 3684 1550 3733 quam
1565 3671 1604 3720 itta
1617 3671 1728 3734 [anima]
1741 3672 1893 3734 reperietur,
1906 3687 1941 3720 ne·

356 3757 435 3815 σιιιια,
454 3756 593 3818 qualitatem
615 3759 640 3806 et
656 3756 784 3806 cotoratam
803 3755 904 3819 speciem
924 3769 974 3818 prae
989 3769 1015 3806 se
1035 3757 1124 3806 terente
1167 3770 1214 3819 que
1226 3758 1293 3806 extra
1304 3755 1445 3819 quidquam,
1461 3747 1525 3818 quod
1541 3769 1596 3806 eum
1612 3757 1712 3817 perdere
1728 3759 1826 3819 possit,
1845 3760 1890 3808 sed
1904 3759 1941 3806 tuit

356 3844 443 3890 natura
451 3843 475 3891 in
485 3832 602 3904 quir'rario,
613 3843 780 3892 animationem
790 3843 814 3890 in
825 3842 926 3903 senario,
938 3845 1042 3891 mentem
1052 3847 1077 3891 ct
1085 3855 1124 3890 sa-
1167 3843 1206 3891 tric
1220 3843 1328 3891 mundus
1345 3855 1376 3892 ex
1388 3845 1478 3892 eterno
1494 3845 1602 3903 tompore
1622 3845 1695 3905 atquc
1707 3844 1732 3892 in
1744 3847 1877 3894 oeternum
1894 3859 1941 3907 pcr-

355 3929 454 3978 nitatem
467 3931 492 3979 et
511 3929 574 3992 quod
591 3929 660 3978 abeo
674 3929 762 3978 dicitur
776 3930 857 3978 tumen
869 3929 893 3978 tn
910 3929 1059 3991 septenario,
1071 3929 1124 3990 post
1166 3931 1255 3988 manet,
1269 3927 1370 3976 unurah
1382 3939 1430 3976 uno
1443 3929 1543 3988 cognato
1552 3933 1577 3976 et
1590 3929 1786 3988 prestantissimi)
1802 3934 1835 3979 et
1848 3931 1940 3980 inexsu·

356 4015 409 4064 trec
422 4015 455 4065 ait
470 4027 577 4064 amorem
588 4021 613 4064 et
624 4016 754 4076 amicitiam
761 4022 786 4064 et
801 4016 950 4076 prudentiam
963 4020 987 4065 et
995 4016 1123 4066 sottcrttana
1167 4015 1266 4077 perabiti
1275 4015 1451 4076 gubernandus.
1464 4015 1540 4064 nubet
1551 4018 1631 4065 motus
1642 4029 1738 4078 quoque
1753 4029 1781 4065 ac
1793 4021 1939 4068 mutationis

355 4105 381 4153 tn
392 4103 515 4153 octonario
524 4115 626 4151 numero
636 4103 707 4151 rebus
715 4103 861 4163 contingere.
1166 4104 1306 4164 principium
1327 4115 1390 4180 ιιυιμ
1408 4107 1432 4151 et
1455 4102 1582 4151 continuus
1604 4103 1728 4162 mundus,
1746 4106 1852 4155 naturae
1873 4107 1942 4156 berre·

389 4196 426 4239 ιο.
440 4192 548 4247 Quatuor
560 4192 618 4238 sunt
630 4189 758 4250 animantis
777 4189 869 4238 ratione
887 4187 980 4250 praediri
993 4187 1122 4252 principia,
1167 4189 1343 4252 ticioperttatns
1356 4191 1420 4240 etex
1436 4192 1502 4252 omni
1513 4191 1645 4240 eternitate
1657 4189 1836 4241 circumactus.
1871 4199 1942 4254 atque

356 4275 559 4338 quemadmodum
575 4278 600 4325 et
619 4275 741 4325 Phitoiaus
761 4275 787 4324 in
806 4275 868 4324 iibro
883 4273 915 4323 dc
935 4287 1019 4325 rerum
1040 4278 1124 4324 natura
1166 4290 1214 4326 nna
1227 4277 1323 4338 quidem
1336 4291 1389 4339 pars
1407 4278 1459 4338 ejus
1474 4277 1628 4328 immutabitis
1645 4281 1695 4339 eat,
1711 4279 1786 4327 attera
1803 4281 1940 4338 muueris,

355 4365 423 4425 dicit,
435 4364 567 4427 cerebrum,
578 4377 627 4425 cor,
643 4364 782 4423 umbiticus,
795 4365 931 4423 veretrum3
942 4366 1015 4427 capnt
1026 4365 1122 4426 quidem
1166 4377 1179 4414 e
1198 4365 1283 4426 quibus
1301 4368 1366 4426 prior
1385 4366 1416 4415 ab
1434 4365 1513 4414 anima
1532 4377 1611 4414 rernm
1627 4365 1808 4414 universitatem
1835 4369 1942 4428 cingente
1964 4403 1965 4426 ,

325 4430 342 4527 ,’
355 4452 451 4511 mentis,
461 4465 502 4502 cor
511 4456 593 4501 autern
603 4452 690 4500 animae
701 4457 726 4500 et
735 4463 832 4529 sensus,
845 4450 974 4500 umbilicus
988 4464 1045 4500 tero
1059 4451 1122 4499 rudi·
1166 4465 1241 4512 usque
1255 4451 1285 4501 ad
1299 4452 1378 4501 tunam
1395 4453 1511 4514 pertinet,
1530 4453 1672 4514 posteriora
1685 4453 1742 4502 tuns
1757 4467 1843 4514 usque
1859 4457 1890 4502 ari
1901 4461 1941 4503 ter·
1964 4427 1965 4472 ί

355 4554 411 4592 curn
425 4541 533 4590 actarum
543 4541 568 4588 et
578 4543 695 4601 generate
704 4537 789 4601 primis
800 4538 1013 4600 partis,reretcum
1022 4537 1124 4600 denique
1167 4551 1225 4587 ram.
1239 4539 1387 4601 thuouiam
1400 4551 1436 4588 res
1451 4552 1550 4588 movens
1567 4537 1705 4602 quidemst
1719 4541 1812 4588 aetcrao
1836 4545 1941 4602 tempore
1964 4553 1965 4574 ι

357 4632 456 4682 supinis
467 4630 548 4680 σαιίεεί
562 4632 587 4679 ct
600 4628 781 4692 procreationis.
793 4631 828 4678 Dc
842 4629 934 4690 reliquo
946 4629 1072 4677 cerebrum
1085 4628 1124 4678 tro·
1166 4627 1190 4673 in
1208 4628 1324 4675 aeternum
1336 4627 1398 4675 uitro
1407 4626 1513 4686 citroque
1526 4629 1660 4684 commeat,
1679 4637 1717 4674 σοι
1726 4627 1791 4674 mota
1805 4633 1897 4677 antem
1915 4631 1941 4674 ιιι

355 4719 440 4780 minis,
456 4731 500 4767 cor
512 4717 632 4777 amantis,
643 4716 770 4765 umbiticus
780 4715 875 4778 plante,
886 4718 1007 4766 veretrum
1017 4715 1123 4765 omnium
1165 4713 1268 4762 afficitur
1279 4717 1305 4761 ut
1314 4727 1328 4761 a
1337 4715 1446 4762 morante
1460 4713 1586 4762 aufertur:
1601 4725 1696 4762 necesse
1708 4715 1745 4762 est
1758 4713 1869 4763 atteram
1883 4728 1942 4763 sem-

356 4807 427 4856 aimnt
441 4806 581 4869 principium
599 4803 714 4854 ostendit.
983 4807 988 4812 “
1166 4814 1207 4862 per
1220 4800 1447 4862 mobitem,atteranr
1460 4814 1553 4862 semper
1566 4800 1689 4863 patibilem
1701 4813 1767 4860 esse,
1784 4803 1868 4864 atque
1881 4803 1942 4850 ittam

386 4901 425 4945 κο.
439 4893 684 4957 Quinqueinsphaera
693 4905 791 4953 corpora
800 4891 960 4955 reperiuntur,
971 4891 1039 4954 ignis,
1052 4903 1137 4959 aqua,
1166 4889 1260 4952 quidem
1283 4891 1356 4939 totam
1382 4890 1468 4938 mentis
1489 4890 1513 4939 ct
1530 4891 1630 4950 enimse,
1656 4890 1716 4938 trarrc
1737 4893 1907 4951 generationis
1923 4896 1943 4937 ct

355 4987 421 5033 terra
431 4984 456 5032 et
464 4996 513 5043 aer,
527 4982 639 5045 quintum
656 4984 738 5031 antem
753 4980 829 5030 nttrer
839 4981 958 5042 spheram
977 4979 1085 5028 ambiens
1099 4981 1125 5027 et
1167 4977 1302 5026 mutationis
1318 4989 1369 5026 esse
1389 4975 1483 5038 sedem,
1507 4977 1620 5038 ittamquo
1641 4977 1666 5026 ri
1683 4977 1785 5038 priorem
1799 4983 1827 5026 et
1840 4979 1944 5041 superio
1964 4995 1965 5040 γ

356 5069 423 5132 quast
434 5069 539 5118 nahem.
1167 5077 1230 5123 rem,
1250 5063 1311 5113 tunc
1332 5065 1485 5125 posteriorem
1502 5065 1527 5113 et
1538 5063 1681 5114 interiorem.
1713 5065 1749 5112 Ex
1764 5068 1877 5128 utraque
1892 5079 1943 5114 rem
1964 5047 1965 5120 ί

387 5161 425 5204 21.
439 5153 558 5209 Philolaus
572 5157 643 5217 nogat
656 5155 754 5206 interire
770 5154 897 5204 mundum.
912 5153 951 5203 Sic
969 5153 1034 5201 enim
1049 5151 1083 5199 ait
1097 5152 1121 5199 in
1167 5151 1286 5212 portione,
1302 5151 1376 5201 attero
1389 5151 1469 5199 divina
1480 5163 1533 5212 qus
1542 5163 1636 5213 semper
1647 5151 1822 5211 currit,attcrs
1833 5159 1944 5224 generati
1964 5139 1965 5234 γ

355 5240 416 5291 titire
428 5241 458 5290 de
469 5242 566 5321 anima3
580 5245 729 5306 Quapropter
736 5240 808 5292 etiarn
820 5242 929 5292 interitus
942 5253 1028 5303 expers
1043 5239 1121 5288 nutto·
1166 5250 1219 5299 qrrro
1227 5250 1318 5300 semper
1328 5239 1443 5300 mutatur,
1457 5238 1561 5287 mundus
1572 5238 1717 5300 compositus
1730 5241 1775 5287 cst.
1820 5243 1947 5297 Quocirca
1964 5235 1965 5316 γ
