3959 5925
248 383 304 434 till
794 365 990 426 cflllclbll
1013 366 1323 430 COMMENTARIUS

246 511 313 560 naias
330 504 388 555 sisai
409 519 455 552 sao
472 504 500 552 sb
516 502 542 550 ὃν
559 503 621 550 ἀπο-ο
634 503 657 550 ἐν
668 499 791 563 sonnino
802 501 843 548 sai
865 500 965 561 κατέχον
978 499 1026 562 χὼ·
1072 499 1120 549 sint
1131 513 1212 549 renim
1223 501 1318 550 inillam
1333 502 1424 564 species
1435 504 1587 566 arelretypre,
1601 505 1654 555 aire
1665 507 1730 568 quod
1742 512 1851 574 esempls

247 609 288 654 pue
300 594 359 643 ςςοᾰ,
1072 586 1174 648 genuina
1192 588 1326 638 substantie
1339 589 1386 638 siat
1404 589 1512 652 prediis.
1547 594 1629 653 licum
1641 592 1706 642 enim
1724 596 1754 642 ad
1773 597 1853 657 cujas·

279 683 394 744 Denique
414 690 473 728 cnm
494 676 524 726 id
546 679 636 726 aniam
658 679 801 735 instaremus,
821 678 943 736 patimur
959 673 1029 737 qaod
1077 687 1150 737 quam
1165 675 1263 725 alterins
1274 675 1307 724 rei
1319 675 1499 726 similitudinem
1514 677 1576 728 lacte
1587 679 1658 740 alque
1668 678 1775 730 instituta
1787 687 1851 746 sual,

248 770 413 818 somniantes.
445 765 577 815 Putamus
600 767 670 814 enim
689 775 789 813 necesse
809 775 878 822 esse,
899 763 931 812 at
954 773 1029 811 omne
1074 763 1131 824 quia
1145 763 1536 826 nibilestoriginibusanthuias.
1570 767 1853 828 Imaginesveroexem·

247 857 315 921 qnod
335 857 391 917 esi,
408 856 437 902 in
458 853 547 917 attpsm
569 856 604 902 sit
626 853 680 902 iaco
695 855 823 918 positum,
844 851 1028 912 regionemque
1074 850 1332 912 plomm‚quia1untn
1348 853 1529 914 exemplasunt
1546 855 1633 912 lectae,
1652 855 1748 907 aliunde
1760 863 1854 920 oportet

246 945 362 994 obtineat
374 942 469 992 altam.
1074 936 1232 986 substantiam
1247 939 1394 1000 mutuentur,
1408 941 1434 986 ut
1444 939 1520 988 torma
1535 941 1639 989 socialis
1659 941 1773 992 naturalis
1788 945 1852 994 ensi·

147 1033 151 1040 '
246 1033 366 1082 Incertam
381 1032 404 1079 el
424 1029 567 1090 caligantem
588 1027 662 1076 animi
685 1026 760 1076 nostri
786 1025 958 1088 intentionem,
972 1037 1028 1073 cum
1068 1021 1346 1086 'stens‚eomparatione
1358 1026 1467 1087 imaginis
1481 1027 1550 1076 velut
1563 1027 1693 1091 archetypa
1704 1031 1795 1092 speeies
1809 1036 1853 1084 est.

247 1120 314 1168 silem
329 1122 440 1167 naturam
462 1115 659 1176 consideramus,
681 1113 750 1162 sanis
771 1113 871 1162 somniis
889 1115 1028 1174 comparat,
1074 1115 1155 1173 Imago
1168 1115 1290 1162 aulenses
1303 1117 1354 1162 arte
1368 1113 1445 1172 lacta,
1458 1117 1483 1162 el
1493 1113 1562 1175 iuxta
1581 1115 1735 1178 archetypam
1749 1119 1854 1180 speciem

247 1209 271 1257 et
286 1205 474 1268 opinionemque
487 1202 641 1254 exsesssibus
657 1203 772 1251 nascitur.
805 1199 968 1250 Elesslnrcum
976 1213 1028 1250 aar·
1074 1199 1190 1262 eligiala,
1212 1200 1257 1250 nisi
1274 1200 1360 1250 babeat
1379 1200 1515 1262 sili-ammi
1534 1201 1630 1262 quidem
1643 1202 1689 1252 erit
1704 1203 1811 1266 pictura,
1829 1206 1853 1256 id

248 1308 293 1357 pus
305 1291 401 1357 aliquod
415 1292 525 1342 ridemus
535 1295 579 1340 aut
587 1290 724 1352 tangimus,
736 1301 834 1338 neeesse
844 1291 881 1338 esi
895 1287 919 1337 id
932 1301 947 1336 a
960 1288 1030 1347 nobis
1073 1289 1123 1350 est,
1134 1281 1239 1349 comtes,
1250 1288 1271 1336 ai
1285 1290 1367 1338 aulem
1381 1289 1465 1337 liotore
1475 1324 1481 1347 ,
1492 1288 1515 1338 id
1530 1292 1583 1351 est,
1595 1289 1686 1352 lignum
1698 1291 1735 1340 rel
1747 1303 1796 1354 ms,
1808 1305 1853 1342 cea·

246 1383 330 1433 sentiri
343 1394 399 1432 mim
415 1381 473 1430 locis
486 1380 551 1440 suis,
565 1381 589 1428 el
610 1378 756 1439 regionibus.
789 1379 875 1439 Neqsre
894 1377 960 1426 enim
977 1377 1029 1425 alna
1075 1378 1180 1437 termene
1190 1375 1328 1437 lurjusmodl
1341 1375 1507 1438 supellectiles,
1519 1375 1613 1426 carebit
1626 1379 1852 1440 certoperleelione.

248 1485 316 1532 roco,
330 1482 375 1520 nec
396 1481 455 1518 vero
475 1468 528 1518 siue
542 1466 616 1529 sede,
637 1466 720 1516 sentiri
736 1478 825 1528 eorpus
842 1465 920 1514 allum
939 1467 1028 1527 potest.
1074 1465 1156 1524 igitur,
1170 1463 1228 1525 quia
1244 1463 1343 1513 sensiles
1361 1477 1458 1525 qnoque
1475 1465 1568 1526 species
1583 1463 1698 1526 imagines
1720 1470 1777 1515 suat
1797 1481 1852 1530 spe-

247 1558 311 1608 liicil
325 1569 382 1619 ergo
393 1569 438 1604 noa
449 1555 494 1604 lma
507 1552 623 1617 opinionis
633 1552 803 1615 percelebrare
812 1552 1029 1602 consuetudinalis
1073 1549 1164 1599 clerum
1176 1550 1376 1614 intelligibilium,
1386 1550 1451 1600 sicut
1462 1563 1527 1612 sscpe
1540 1550 1591 1612 jam
1604 1551 1721 1612 diximus,
1738 1555 1763 1602 et
1774 1553 1805 1603 sb
1816 1554 1852 1604 in·

246 1657 300 1693 esse
320 1643 442 1702 imbutos,
463 1644 492 1690 ut
512 1653 569 1689 cum
590 1652 629 1689 res
646 1637 810 1700 intelligibiles
838 1638 1030 1700 conbmulamor
1073 1637 1236 1700 telligibilibus
1249 1639 1409 1688 substantiam
1418 1638 1592 1688 trabunt:nee
1603 1639 1762 1690 substantiam
1774 1642 1853 1704 modo,

246 1732 342 1790 ammo,
354 1733 467 1793 potemus
480 1741 521 1778 eas
538 1727 672 1776 consistere
686 1727 767 1786 siluno
785 1727 810 1774 in
833 1725 901 1786 loeo,
924 1727 1029 1776 sellamve
1074 1726 1203 1776 sedetiam
1223 1725 1417 1786 similtudinem,
1435 1739 1497 1788 opus
1512 1729 1551 1776 est
1571 1726 1623 1790 bis,
1644 1726 1739 1791 opinor,
1752 1729 1812 1780 silva
1828 1729 1853 1779 in

247 1820 366 1880 regionem
380 1817 500 1875 obtinere,
514 1813 611 1876 perinde
624 1818 651 1863 nt
664 1813 747 1862 mundi
762 1825 868 1875 coeptu,
879 1812 945 1874 quod
955 1813 1029 1861 sitssm
1074 1827 1122 1876 qua
1136 1813 1209 1876 liant,
1222 1817 1247 1863 et
1256 1813 1417 1863 substantiam
1433 1813 1570 1863 sortianbrr.

246 1909 282 1956 est
298 1907 366 1966 loeo,
378 1915 453 1965 quem
465 1901 569 1964 complet
580 1901 702 1950 mundana
715 1899 806 1960 moles,
820 1900 911 1949 babens
924 1913 979 1949 sam
995 1913 1030 1950 re-
1105 1900 1853 1964 oebxbvlll.beindeinlerponitauctoritatemsuamdlcens‚

247 1995 355 2056 glanem,
377 2003 434 2053 qum
452 1990 572 2051 perceptis
590 2001 718 2049 corporum
741 1986 825 2036 tarmis
845 1990 961 2037 esomala
976 1990 1030 2050 est,
1074 2025 1079 2036 .
1105 1988 1181 2045 obsec
1197 1989 1238 2051 μὶν
1252 1987 1293 2038 οὖν
1309 1991 1338 2046 ii
1353 1989 1417 2052 παρὰ
1430 1995 1470 2046 τῆς
1485 1990 1630 2052 intestimo
1646 1992 1759 2052 λογισθεὶς
1777 1992 1802 2040 lu
1816 2008 1855 2041 ue.

247 2079 357 2130 videlicet
366 2079 460 2128 silvam.
506 2079 582 2139 coisse
594 2079 685 2139 parles,
698 2089 728 2125 ex
740 2075 829 2139 usibus
845 2078 953 2138 constal,
971 2076 1030 2138 quia
1075 2077 1166 2140 palatie
1183 2076 1286 2126 διδόσθω
1298 2077 1380 2137 λόγος,
1390 2077 1416 2125 ὄν
1432 2093 1457 2126 τι
1474 2077 1513 2124 καὶ
1533 2077 1611 2142 χώραν
1621 2077 1660 2126 ssi
1672 2078 1763 2140 γένεσιν
1779 2079 1854 2140 sisne,

247 2166 336 2217 divisas
348 2166 409 2216 loeis
422 2179 451 2215 ac
460 2164 597 2227 regionibus
606 2164 802 2224 consideramus,
813 2165 927 2225 putamus
938 2163 1029 2224 omnia,
1074 2163 1127 2228 spis
1141 2171 1222 2228 ςριχῇ,
1239 2166 1280 2214 ml
1294 2167 1346 2226 spis
1356 2165 1452 2226 siparis
1469 2163 1583 2224 γενέσθαι.

247 2269 303 2318 qoae
318 2257 389 2314 sunl,
400 2252 487 2304 eodem
505 2253 577 2302 modo
590 2251 721 2302 consistere
736 2251 761 2300 io
777 2251 836 2300 locis
850 2263 881 2300 ac
894 2251 1030 2312 regionibus
1108 2256 1171 2302 linc
1181 2255 1220 2302 est
1233 2251 1338 2315 quidem
1352 2263 1413 2302 mese
1424 2254 1558 2302 sententia
1569 2263 1656 2312 mens,
1672 2256 1780 2314 ease,et
1792 2257 1855 2304 ante

248 2341 328 2390 cadis.
361 2339 470 2402 maique
479 2338 500 2387 si
513 2339 567 2400 qun
579 2338 658 2400 disat,
670 2350 725 2387 esse
738 2337 897 2387 substantiam
907 2338 959 2386 sine
972 2337 1031 2386 sede
1075 2339 1169 2389 mnndi
1183 2352 1284 2403 quaque
1296 2339 1401 2389 sensilis
1415 2341 1612 2388 exornationem
1627 2338 1707 2394 tuine
1718 2341 1774 2390 tria
1788 2339 1855 2399 ime,

246 2439 277 2477 aa
298 2427 365 2488 loeo,
377 2437 436 2489 pum
457 2437 540 2488 nsque
553 2426 582 2473 in
600 2427 674 2474 terra
689 2437 772 2487 nepae
793 2427 821 2472 in
834 2423 897 2474 eoelo
912 2427 963 2484 sit,
974 2437 1030 2486 por·
1076 2431 1220 2490 exsistens,
1234 2427 1333 2486 laeum,
1346 2429 1546 2490 generationem.

248 2511 314 2561 teuto
329 2509 416 2560 similia
434 2509 483 2559 diei
502 2513 615 2572 putamus
629 2511 654 2558 et
676 2521 715 2558 res
735 2521 800 2556 rana
813 2509 901 2559 meotis
916 2509 1030 2570 opinions
1106 2519 1179 2566 snam
1203 2516 1326 2578 protiletur
1348 2514 1500 2566 seutentiam.
1533 2515 1626 2564 llerito.
1660 2513 1747 2565 Nubere
1769 2517 1855 2580 quippe

134 2637 152 2645 -
245 2599 383 2660 mareolas·
414 2595 573 2646 iamdudum
585 2595 751 2659 uoipueessb
764 2595 863 2644 ineunte
881 2599 953 2646 arete
966 2609 1028 2658 ora·
1076 2605 1185 2653 velerum
1198 2603 1271 2654 etiam
1283 2603 1461 2652 runcinatum
1472 2601 1847 2667 animadverterat‚qulppaquo

243 2684 408 2748 judicavimus
417 2697 506 2746 omna,
518 2682 583 2746 quod
598 2683 643 2744 sit,
656 2696 747 2746 eorpus
757 2695 826 2744 esse,
842 2684 1028 2746 necquidquam
1076 2705 1130 2741 rum
1144 2691 1250 2753 plerique
1263 2690 1314 2740 sols
1324 2689 1415 2752 opinati
1428 2690 1486 2738 sunt
1502 2701 1554 2740 esse
1567 2689 1680 2753 sensilia,
1694 2694 1722 2740 ut
1737 2691 1856 2754 Empedo-

245 2785 312 2834 esu,
328 2773 394 2834 uuus
406 2771 738 2830 commonebuntur,
750 2770 949 2831 munitoribus!
962 2771 1030 2820 verus
1075 2779 1137 2838 cleu
1151 2777 1191 2827 arn
1205 2777 1257 2827 sols
1266 2776 1438 2840 innituntur,
1451 2779 1477 2826 ur
1491 2777 1646 2828 parmulae
1659 2796 1665 2826 ι
1678 2776 1763 2827 stivam
1774 2780 1856 2828 nullus

245 2859 407 2910 ”seribdbut
420 2872 548 2922 tortilium
561 2858 687 2908 “edibilis
698 2857 820 2908 imbibit·
1075 2867 1175 2916 omnino
1188 2867 1269 2916 mente
1281 2867 1438 2928 conceperat,
1453 2868 1484 2914 nt
1496 2866 1546 2928 ipss
1560 2865 1623 2916 dixit
1639 2866 1664 2916 in
1682 2865 1856 2929 superioribus.

246 2992 249 2999 -
276 2952 358 3000 Ταῦτα
371 2949 400 3007 δὴ
413 2947 491 2997 πάντα
513 2948 555 2997 καὶ
569 2939 660 2997 esdron
676 2945 726 2995 ἄλλ’
748 2946 835 3009 ἀδελφὰ
860 2947 900 2995 καὶ
914 2947 966 3009 πῑΡὶ
986 2948 1029 3005 τήν
1075 2953 1133 3005 Vult
1147 2957 1228 3005 autem
1239 2953 1339 3017 intelligi
1351 2955 1476 3005 exsistens
1486 2953 1582 3016 quidem
1593 2953 1676 3005 ideam
1684 2953 1855 3016 intelligibilem

246 3042 380 3091 ἂοπνονιαὶ
390 3040 480 3097 ἀληθῶς
489 3034 558 3101 φύσιν
571 3038 722 3101 ὑπάρχουσαν
732 3038 778 3086 ini
794 3039 880 3094 ταύτης
889 3044 928 3096 τῆς
937 3037 1030 3100 inerud-
1075 3043 1194 3105 speciem,
1206 3042 1291 3093 iocum
1300 3044 1381 3091 aulem
1393 3042 1496 3101 silvam,
1512 3044 1707 3103 uenerationem
1717 3054 1848 3104 veroquam

219 3171 222 3178 .
249 3130 305 3184 taen
325 3128 354 3175 οὔ
367 3127 460 3175 δυνατοὶ
479 3124 606 3187 γιγνόμεθα
620 3125 749 3187 eusebius<
767 3124 917 3189 διοριζόμενθῑ
933 3125 1029 3183 τάληθὲς
1075 3130 1315 3194 transsequanus,
1330 3132 1464 3179 etcmteras
1482 3128 1583 3179 sensiles
1595 3129 1805 3179 coniormationes.
1825 3130 1856 3177 Et

245 3216 336 3278 λέγω,
350 3214 463 3269 testim
480 3214 533 3272 llil·
578 3221 589 3247 ’
1075 3221 1201 3268 exsistens
1217 3218 1328 3279 quidem,
1344 3216 1400 3279 uuis
1415 3218 1500 3279 suapte
1514 3218 1597 3267 natura
1614 3216 1655 3277 sit,
1670 3216 1783 3280 idemque
1804 3215 1858 3265 aliia

278 3303 436 3353 ὒθῦΧΙΝΠ·
455 3303 485 3350 Εἴ
495 3298 638 3349 ⁰⁰⁸⁶¹¹¹d¹b=
655 3297 686 3349 ⁰⁶
702 3310 783 3363 quam
795 3298 1028 3361 dtil'wssll'mm,
1075 3321 1172 3371 utraque
1190 3307 1261 3357 rebus
1273 3318 1345 3356 eausa
1353 3303 1482 3356 exsistendi
1494 3306 1533 3355 sii.
1554 3309 1646 3356 Locum
1658 3319 1716 3356 nero
1728 3311 1857 3369 propterea

248 3394 362 3455 itemque
375 3390 444 3440 atina
456 3390 681 3449 conmnunineas,
697 3400 730 3437 ne
744 3393 773 3436 ln
788 3389 953 3450 reputatione
968 3390 1029 3451 pai·
1073 3394 1139 3458 qued
1161 3394 1221 3444 utve
1241 3392 1415 3455 receptaculum
1442 3395 1479 3442 est
1498 3405 1628 3453 corporum
1649 3395 1674 3442 et
1696 3392 1857 3457 qualitatum,

246 3480 342 3531 denset
356 3476 563 3529 consideratione
582 3488 641 3526 aere
656 3478 805 3525 ambientis
822 3487 929 3537 verenae
941 3478 1028 3538 perni-
1074 3484 1262 3541 caeterommque
1274 3476 1406 3527 sensilium.
1443 3480 1638 3528 uenerationem
1651 3478 1858 3540 porroquialsmr

246 3566 306 3628 uilis
329 3569 434 3615 natura
442 3600 450 3626 ,
468 3566 553 3612 mente
568 3565 733 3612 consistimus
748 3563 857 3626 propter
875 3560 1028 3621 hujusmodi
1074 3581 1121 3617 non
1131 3567 1172 3616 diu
1187 3568 1339 3630 perseverant
1348 3566 1371 3614 ln
1383 3576 1433 3614 uno
1442 3566 1520 3625 statu,
1533 3564 1574 3615 sed
1586 3564 1632 3614 alia
1645 3577 1674 3615 er
1686 3564 1739 3613 aliis
1750 3564 1858 3615 invicem

244 3657 355 3705 samnia.
1073 3655 1240 3718 subrogentur.
1252 3642 1255 3649 '

276 3745 423 3791 Exsomilem
442 3739 631 3803 pervigilemque
655 3741 766 3789 mauram
791 3740 919 3799 nuncupat
938 3736 1026 3785 inlelll-
1104 3746 1153 3801 Τὴν
1162 3744 1188 3792 ei
1197 3742 1309 3804 γενέσεως
1319 3742 1412 3801 τιθήνην
1424 3741 1590 3803 bunnensibus
1601 3740 1642 3789 nsi
1655 3738 1799 3803 aupoupivnv
1815 3742 1857 3791 nai

245 3827 319 3892 gibile
336 3832 409 3889 atque
429 3828 599 3888 incorporeum
611 3838 701 3888 genna,
713 3824 778 3887 qood
795 3837 891 3888 semper
908 3824 971 3875 idem
989 3828 1028 3875 est
1073 3834 1114 3890 ete
1129 3840 1171 3895 γῆς
1186 3848 1212 3882 ee
1228 3834 1267 3881 eet
1285 3832 1352 3895 ἀέρος
1367 3830 1454 3894 μορφὰς
1472 3831 1608 3894 δεχομένην.

245 3914 589 3979 principalioruuesunsmn,
604 3912 737 3973 elusone,
750 3916 802 3963 nne
813 3926 917 3971 suasu.
928 3912 1028 3963 minime
1104 3922 1250 3972 cccxlix.
1268 3924 1358 3982 ruitur
1371 3921 1564 3982 uenerationis,
1580 3916 1674 3980 iuquit,
1693 3914 1853 3967 narrentan-

246 4002 378 4064 millib.
392 4002 482 4052 nnllam
497 4001 589 4051 ¹¹⁸th
604 4015 660 4049 ⁶⁰⁰¹
674 4000 786 4050 wniibbl
797 4001 953 4061 mitialem,
967 4012 1027 4063 buil
1074 4008 1222 4059 humectam
1232 4008 1314 4068 modo,
1326 4006 1400 4058 mado
1410 4010 1531 4069 lenitam,
1542 4010 1671 4069 terraque
1680 4006 1741 4057 item
1751 4006 1776 4055 et
1785 4007 1853 4055 aeris

237 4078 326 4143 ’mente
345 4090 483 4155 pereipibila
498 4108 505 4139 e
521 4094 598 4139 Deum
617 4088 727 4139 videlicet
747 4091 772 4139 et
797 4089 955 4152 cogitationes
972 4088 1026 4149 eius
1071 4095 1173 4154 fermus
1186 4098 1376 4157 eueetpteutem,

245 4177 405 4238 intelligibiles
420 4178 496 4239 atque
512 4177 665 4237 incorporeas
683 4175 783 4239 species.
817 4178 866 4225 llas
881 4188 953 4238 porra
973 4187 1027 4225 esse
1103 4183 1269 4233 uenerationis
1292 4182 1437 4234 nutriculam
1451 4183 1537 4232 sileam
1555 4180 1689 4244 signifieat,
1708 4179 1764 4243 quia
1782 4178 1843 4242 quid

245 4266 345 4329 quidam
358 4269 459 4326 negant,
474 4262 541 4327 qood
552 4263 591 4313 bis
604 4276 649 4313 usu
664 4262 752 4312 assidit
769 4276 798 4313 ex
810 4263 860 4312 allo
872 4266 897 4312 et
907 4262 1026 4325 protunda
1073 4268 1130 4330 quid
1151 4268 1267 4329 nascitur,
1286 4280 1408 4319 recussum
1430 4266 1502 4319 babet
1522 4266 1553 4316 ad
1576 4266 1687 4317 materias
1705 4264 1846 4328 principales

244 4366 340 4416 sopore.
373 4352 483 4415 lienique
497 4352 518 4401 si
532 4352 587 4413 qais
601 4364 643 4401 eos
656 4351 687 4399 ad
699 4349 925 4412 contemplationem
945 4362 1025 4400 veram
1072 4355 1180 4405 Materiae
1195 4355 1292 4405 demum
1313 4355 1455 4417 principales
1474 4353 1530 4403 buic
1552 4354 1576 4403 ia
1599 4357 1722 4417 acceptum
1738 4352 1847 4401 leruntur

245 4441 391 4502 minimeque
405 4441 543 4502 ”imm
556 4439 801 4489 “ffliioeiemifflm
815 4444 840 4488 ti
855 4438 1027 4488 immilllllibffl
1073 4446 1168 4496 Etenim
1186 4457 1270 4495 aarum
1289 4444 1397 4495 omnium
1417 4445 1476 4494 silea
1497 4444 1592 4505 nutrix,
1610 4443 1755 4506 easdemque
1766 4444 1846 4504 gestat

245 4545 343 4594 rernm,
356 4530 510 4592 indignantus
530 4542 559 4579 ac
577 4529 678 4579 moleste
695 4530 774 4578 imunt
794 4549 800 4578 :
822 4528 933 4579 similiter
951 4528 1028 4578 ulia·
1074 4537 1229 4583 Honestam
1250 4532 1333 4593 modo,
1353 4531 1429 4583 mado
1451 4534 1573 4593 lenitam.
1604 4534 1686 4581 lisele.
1717 4532 1770 4581 Nan
1789 4529 1854 4579 enim

245 4616 332 4668 Politia
344 4616 354 4681 [
364 4616 404 4666 lib.
419 4618 465 4667 vll
479 4616 532 4665 luit.
543 4614 553 4681 ]
566 4614 601 4665 illi
612 4615 729 4677 dedititii,
745 4618 866 4679 perpetuis
877 4616 951 4666 abditi
963 4619 1028 4667 lene·
1072 4622 1123 4685 ipsa
1141 4621 1201 4671 silva
1218 4621 1257 4671 nel
1271 4621 1432 4682 humectatur,
1451 4621 1489 4670 sel
1511 4620 1608 4682 ignitus,
1629 4617 1841 4669 immutationemr

244 4704 294 4756 bris
308 4704 526 4767 speluncadensis
547 4704 638 4754 sanabria
654 4718 744 4767 opacae.
776 4708 808 4756 at
827 4719 886 4756 sero
910 4706 951 4769 qui
970 4718 1027 4755 saa
1073 4708 1162 4772 patitur
1178 4709 1260 4759 ullam.
1294 4710 1399 4759 Omnino
1421 4710 1486 4759 enim
1507 4712 1543 4758 est
1565 4705 1787 4765 incommutabilis,
1809 4718 1853 4755 nar

244 4791 363 4855 protunda
375 4792 493 4855 imperilia
504 4791 636 4855 vindicant,
648 4792 791 4844 laboriosius
804 4794 869 4855 licet,
879 4808 908 4844 es
920 4793 1027 4843 tenebris
1074 4796 1180 4847 declinat
1197 4810 1211 4847 a
1226 4801 1313 4847 natura
1325 4810 1383 4860 sua,
1400 4796 1442 4847 sed
1458 4801 1485 4846 ut
1500 4810 1555 4860 qum
1569 4795 1668 4857 recipiet
1684 4794 1813 4856 utralitsles
1827 4794 1850 4841 el

244 4879 370 4929 adtamen
388 4882 547 4943 emerguntur
562 4880 592 4929 ad
608 4881 715 4933 scientim
734 4882 889 4947 unitatisque
905 4882 1026 4932 claritudi-
1072 4882 1220 4944 quantitates
1240 4880 1365 4941 humoris,
1384 4884 1408 4930 el
1423 4874 1491 4931 ilem'
1502 4879 1605 4939 caloris,
1625 4877 1757 4928 lsumealari
1780 4878 1851 4939 atque

244 4978 300 5015 nem
313 4966 426 5028 aspirent.
444 4970 493 5017 ltec
507 4968 608 5018 moleste
629 4969 723 5030 ierunt,
741 4970 886 5021 excellentes
901 4970 924 5019 in
938 4970 1026 5019 studiis
1072 4970 1140 5033 igniri
1153 4972 1259 5033 pulslnr.
1293 4970 1411 5031 Espienat
1423 4968 1569 5029 evidentius,
1579 4980 1635 5017 cum
1646 4964 1775 5029 adiungit:

245 5053 400 5135 inmanitatis
416 5055 482 5104 siros
498 5055 603 5107 dividere
619 5070 649 5106 ac
660 5072 771 5120 separare
785 5059 898 5109 sensilem
912 5058 1024 5121 inlelligi-
1102 5062 1148 5109 Καὶ
1162 5061 1203 5115 τὰς
1219 5065 1260 5121 γῆς
1279 5077 1305 5108 τε
1322 5060 1361 5109 καὶ
1389 5058 1454 5122 ἀέρος
1476 5056 1563 5121 μορφὰς
1580 5056 1723 5121 δεχομένην,
1745 5054 1785 5105 asi
1805 5052 1838 5104 is

245 5138 366 5220 bllsmqre
379 5144 507 5205 ualomm;
524 5145 610 5213 domae
626 5146 699 5196 eliam
717 5160 746 5197 aa
764 5148 942 5210 demonstrare,
959 5148 1024 5210 qood
1071 5149 1160 5205 τούτοις
1172 5150 1230 5197 ἀλλα
1244 5148 1305 5205 πάθη
1321 5148 1455 5209 ξυνέπεται,
1467 5146 1615 5210 πάσχουσαν.
1719 5160 1722 5167 ·
