<?xml version="1.0" encoding="UTF-8"?>
<!DOCTYPE html PUBLIC "-//W3C//DTD XHTML 1.0 Transitional//EN"
    "http://www.w3.org/TR/xhtml1/DTD/xhtml1-transitional.dtd">
<html xmlns="http://www.w3.org/1999/xhtml" xml:lang="en" lang="en">
 <head>
  <title>
</title>
<meta http-equiv="Content-Type" content="text/html;charset=utf-8" />
  <meta name='ocr-system' content='tesseract 3.04.00' />
  <meta name='ocr-capabilities' content='ocr_page ocr_carea ocr_par ocr_line ocrx_word'/>
</head>
<body>
  <div class='ocr_page' id='page_1' title='image "./fragmentaphilos02mullgoog/fragmentaphilos02mullgoog_0025.png"; bbox 0 0 3959 5925; ppageno 0'>
   <div class='ocr_carea' id='block_1_1' title="bbox 1479 402 1497 430">
    <p class='ocr_par' dir='ltr' id='par_1_1' title="bbox 1479 402 1497 430">
     <span class='ocr_line' id='line_1_1' title="bbox 1479 402 1497 430; baseline 0 -2"><span class='ocrx_word' id='word_1_1' title='bbox 1479 402 1497 430; x_wconf 63' lang='grc' dir='ltr'>Ι</span> 
     </span>
    </p>
   </div>
   <div class='ocr_carea' id='block_1_2' title="bbox 512 490 1714 590">
    <p class='ocr_par' dir='ltr' id='par_1_2' title="bbox 512 490 1714 590">
     <span class='ocr_line' id='line_1_2' title="bbox 512 490 1714 590; baseline 0.012 -41"><span class='ocrx_word' id='word_1_2' title='bbox 512 490 678 564; x_wconf 84' lang='lat' dir='ltr'>EJUSQUE</span> <span class='ocrx_word' id='word_1_3' title='bbox 697 491 910 553; x_wconf 86' lang='lat' dir='ltr'>DiSCIPULiS</span> <span class='ocrx_word' id='word_1_4' title='bbox 931 494 980 554; x_wconf 84' lang='lat' dir='ltr'>ET</span> <span class='ocrx_word' id='word_1_5' title='bbox 1001 495 1322 590; x_wconf 62' lang='lat' dir='ltr'>succussotttsus</span> <span class='ocrx_word' id='word_1_6' title='bbox 1671 520 1714 563; x_wconf 89' lang='grc' dir='ltr'>νιι</span> 
     </span>
    </p>
   </div>
   <div class='ocr_carea' id='block_1_3' title="bbox 108 623 1718 1147">
    <p class='ocr_par' dir='ltr' id='par_1_3' title="bbox 108 623 1718 1147">
     <span class='ocr_line' id='line_1_3' title="bbox 109 623 1715 709; baseline 0.006 -27"><span class='ocrx_word' id='word_1_7' title='bbox 109 642 162 691; x_wconf 79' lang='lat' dir='ltr'>tre,</span> <span class='ocrx_word' id='word_1_8' title='bbox 179 634 277 680; x_wconf 77' lang='lat' dir='ltr'>sextus</span> <span class='ocrx_word' id='word_1_9' title='bbox 289 625 325 678; x_wconf 88' lang='lat' dir='ltr'>de</span> <span class='ocrx_word' id='word_1_10' title='bbox 335 626 459 691; x_wconf 79' lang='lat' dir='ltr'>Cromna,</span> <span class='ocrx_word' id='word_1_11' title='bbox 473 636 558 699; x_wconf 88' lang='lat' dir='ltr'>atque</span> <span class='ocrx_word' id='word_1_12' title='bbox 568 623 630 680; x_wconf 89' lang='lat' dir='ltr'>aiii.</span> <span class='ocrx_word' id='word_1_13' title='bbox 642 623 735 681; x_wconf 91' lang='lat' dir='ltr'>Porro</span> <span class='ocrx_word' id='word_1_14' title='bbox 749 631 892 697; x_wconf 83' lang='lat' dir='ltr'>mysticum</span> <span class='ocrx_word' id='word_1_15' title='bbox 940 646 993 684; x_wconf 87' lang='lat' dir='ltr'>suo</span> <span class='ocrx_word' id='word_1_16' title='bbox 1006 640 1034 684; x_wconf 90' lang='lat' dir='ltr'>et</span> <span class='ocrx_word' id='word_1_17' title='bbox 1048 628 1165 686; x_wconf 83' lang='lat' dir='ltr'>nomine</span> <span class='ocrx_word' id='word_1_18' title='bbox 1171 629 1278 702; x_wconf 89' lang='lat' dir='ltr'>ederet,</span> <span class='ocrx_word' id='word_1_19' title='bbox 1291 630 1355 706; x_wconf 91' lang='lat' dir='ltr'>quis</span> <span class='ocrx_word' id='word_1_20' title='bbox 1368 629 1482 687; x_wconf 81' lang='lat' dir='ltr'>credat?</span> <span class='ocrx_word' id='word_1_21' title='bbox 1493 658 1505 681; x_wconf 79' lang='grc' dir='ltr'><strong>ι</strong></span> <span class='ocrx_word' id='word_1_22' title='bbox 1518 631 1650 709; x_wconf 89' lang='lat' dir='ltr'>Denique</span> <span class='ocrx_word' id='word_1_23' title='bbox 1663 633 1715 692; x_wconf 90' lang='lat' dir='ltr'>isi·</span> 
     </span>
     <span class='ocr_line' id='line_1_4' title="bbox 108 707 1715 798; baseline 0.01 -35"><span class='ocrx_word' id='word_1_24' title='bbox 108 728 263 765; x_wconf 82' lang='lat' dir='ltr'>sermouem</span> <span class='ocrx_word' id='word_1_25' title='bbox 273 707 356 785; x_wconf 88' lang='lat' dir='ltr'>ajunt</span> <span class='ocrx_word' id='word_1_26' title='bbox 366 708 487 786; x_wconf 80' lang='lat' dir='ltr'>Hippasi</span> <span class='ocrx_word' id='word_1_27' title='bbox 511 709 599 767; x_wconf 85' lang='lat' dir='ltr'>fuisse</span> <span class='ocrx_word' id='word_1_28' title='bbox 615 713 666 786; x_wconf 87' lang='lat' dir='ltr'>qui</span> <span class='ocrx_word' id='word_1_29' title='bbox 685 710 799 768; x_wconf 91' lang='lat' dir='ltr'>eumad</span> <span class='ocrx_word' id='word_1_30' title='bbox 815 712 892 771; x_wconf 88' lang='lat' dir='ltr'>inri-</span> <span class='ocrx_word' id='word_1_31' title='bbox 939 714 1028 771; x_wconf 89' lang='lat' dir='ltr'>dorus</span> <span class='ocrx_word' id='word_1_32' title='bbox 1040 714 1231 791; x_wconf 86' lang='lat' dir='ltr'>Orig.iii,a:</span> <span class='ocrx_word' id='word_1_33' title='bbox 1249 742 1261 768; x_wconf 81' lang='grc' dir='ltr'><strong>ι</strong></span> <span class='ocrx_word' id='word_1_34' title='bbox 1276 717 1405 791; x_wconf 81' lang='lat' dir='ltr'>Numeri,</span> <span class='ocrx_word' id='word_1_35' title='bbox 1418 719 1715 798; x_wconf 88' lang='lat' dir='ltr'>inquit,disciplinam</span> 
     </span>
     <span class='ocr_line' id='line_1_5' title="bbox 109 795 1716 881; baseline 0.008 -28"><span class='ocrx_word' id='word_1_36' title='bbox 109 796 188 853; x_wconf 81' lang='lat' dir='ltr'>diam</span> <span class='ocrx_word' id='word_1_37' title='bbox 201 796 376 873; x_wconf 76' lang='lat' dir='ltr'>Pythagorae</span> <span class='ocrx_word' id='word_1_38' title='bbox 388 795 568 854; x_wconf 88' lang='lat' dir='ltr'>conflandam</span> <span class='ocrx_word' id='word_1_39' title='bbox 584 796 744 875; x_wconf 78' lang='lat' dir='ltr'>scripserit.</span> <span class='ocrx_word' id='word_1_40' title='bbox 759 798 892 874; x_wconf 87' lang='lat' dir='ltr'>Denique</span> <span class='ocrx_word' id='word_1_41' title='bbox 939 802 1016 878; x_wconf 91' lang='lat' dir='ltr'>apud</span> <span class='ocrx_word' id='word_1_42' title='bbox 1024 802 1141 861; x_wconf 74' lang='lat' dir='ltr'>Graecos</span> <span class='ocrx_word' id='word_1_43' title='bbox 1151 803 1277 881; x_wconf 91' lang='lat' dir='ltr'>primum</span> <span class='ocrx_word' id='word_1_44' title='bbox 1288 804 1480 881; x_wconf 84' lang='lat' dir='ltr'>Pythagoram</span> <span class='ocrx_word' id='word_1_45' title='bbox 1489 819 1638 864; x_wconf 77' lang='lat' dir='ltr'><strong>autumant</strong></span> <span class='ocrx_word' id='word_1_46' title='bbox 1648 829 1716 866; x_wconf 91' lang='lat' dir='ltr'>con-</span> 
     </span>
     <span class='ocr_line' id='line_1_6' title="bbox 112 884 1717 969; baseline 0.006 -27"><span class='ocrx_word' id='word_1_47' title='bbox 112 886 186 943; x_wconf 86' lang='lat' dir='ltr'>sama</span> <span class='ocrx_word' id='word_1_48' title='bbox 202 898 246 943; x_wconf 89' lang='lat' dir='ltr'>est</span> <span class='ocrx_word' id='word_1_49' title='bbox 268 884 373 942; x_wconf 88' lang='lat' dir='ltr'>multas</span> <span class='ocrx_word' id='word_1_50' title='bbox 391 884 509 942; x_wconf 81' lang='lat' dir='ltr'>Astonis</span> <span class='ocrx_word' id='word_1_51' title='bbox 522 884 694 944; x_wconf 78' lang='lat' dir='ltr'>Crotoniatas</span> <span class='ocrx_word' id='word_1_52' title='bbox 717 898 893 943; x_wconf 90' lang='lat' dir='ltr'>commenta·</span> <span class='ocrx_word' id='word_1_53' title='bbox 939 889 1098 966; x_wconf 86' lang='lat' dir='ltr'>scripsisse.</span> <span class='ocrx_word' id='word_1_54' title='bbox 1114 916 1127 942; x_wconf 83' lang='lat'><strong>»</strong></span> <span class='ocrx_word' id='word_1_55' title='bbox 1142 889 1282 949; x_wconf 87' lang='lat' dir='ltr'>Similiter</span> <span class='ocrx_word' id='word_1_56' title='bbox 1293 891 1412 950; x_wconf 86' lang='lat' dir='ltr'>itialalas</span> <span class='ocrx_word' id='word_1_57' title='bbox 1430 893 1594 969; x_wconf 87' lang='lat' dir='ltr'>Chronogr.</span> <span class='ocrx_word' id='word_1_58' title='bbox 1608 895 1662 953; x_wconf 86' lang='lat' dir='ltr'>lib.</span> <span class='ocrx_word' id='word_1_59' title='bbox 1679 895 1717 951; x_wconf 84' lang='lat' dir='ltr'>i&#39;i</span> 
     </span>
     <span class='ocr_line' id='line_1_7' title="bbox 112 969 1717 1060; baseline 0.006 -29"><span class='ocrx_word' id='word_1_60' title='bbox 112 974 206 1031; x_wconf 89' lang='lat' dir='ltr'>tiones</span> <span class='ocrx_word' id='word_1_61' title='bbox 220 970 392 1049; x_wconf 69' lang='lat' dir='ltr'>Pythagorae</span> <span class='ocrx_word' id='word_1_62' title='bbox 419 990 481 1030; x_wconf 89' lang='lat' dir='ltr'>esse</span> <span class='ocrx_word' id='word_1_63' title='bbox 503 971 665 1031; x_wconf 87' lang='lat' dir='ltr'>attributas.</span> <span class='ocrx_word' id='word_1_64' title='bbox 689 969 784 1040; x_wconf 80' lang='lat' dir='ltr'>Quid?</span> <span class='ocrx_word' id='word_1_65' title='bbox 813 972 892 1049; x_wconf 87' lang='lat' dir='ltr'>quod</span> <span class='ocrx_word' id='word_1_66' title='bbox 939 994 968 1051; x_wconf 94' lang='lat' dir='ltr'>p.</span> <span class='ocrx_word' id='word_1_67' title='bbox 986 976 1042 1050; x_wconf 76' lang='lat'>¹59</span> <span class='ocrx_word' id='word_1_68' title='bbox 1056 978 1101 1036; x_wconf 88' lang='lat' dir='ltr'>ed.</span> <span class='ocrx_word' id='word_1_69' title='bbox 1114 976 1507 1057; x_wconf 69' lang='grc' dir='ltr'><strong>Βοιιιι.ικα“ιθπροειρημε’νος</strong></span> <span class='ocrx_word' id='word_1_70' title='bbox 1519 980 1546 1037; x_wconf 86' lang='grc' dir='ltr'>δὲ</span> <span class='ocrx_word' id='word_1_71' title='bbox 1562 972 1717 1060; x_wconf 82' lang='grc' dir='ltr'><strong>Πυθαγόρας</strong></span> 
     </span>
     <span class='ocr_line' id='line_1_8' title="bbox 112 1059 1718 1147; baseline 0.006 -28"><span class='ocrx_word' id='word_1_72' title='bbox 112 1063 163 1119; x_wconf 86' lang='grc' dir='ltr'><strong>Ιοιι</strong></span> <span class='ocrx_word' id='word_1_73' title='bbox 177 1060 266 1119; x_wconf 85' lang='lat' dir='ltr'>Chius</span> <span class='ocrx_word' id='word_1_74' title='bbox 281 1060 339 1139; x_wconf 79' lang='lat'>(38)</span> <span class='ocrx_word' id='word_1_75' title='bbox 354 1072 452 1118; x_wconf 89' lang='lat' dir='ltr'>narrat</span> <span class='ocrx_word' id='word_1_76' title='bbox 472 1059 664 1136; x_wconf 80' lang='lat' dir='ltr'>Pythagoram</span> <span class='ocrx_word' id='word_1_77' title='bbox 684 1062 817 1137; x_wconf 79' lang='lat' dir='ltr'>poemata</span> <span class='ocrx_word' id='word_1_78' title='bbox 834 1080 892 1117; x_wconf 92' lang='lat' dir='ltr'>non</span> <span class='ocrx_word' id='word_1_79' title='bbox 940 1063 954 1117; x_wconf 81' lang='lat' dir='ltr'>t</span> <span class='ocrx_word' id='word_1_80' title='bbox 969 1061 1071 1138; x_wconf 81' lang='grc' dir='ltr'><strong>Σάμιος</strong></span> <span class='ocrx_word' id='word_1_81' title='bbox 1084 1061 1132 1134; x_wconf 72' lang='grc' dir='ltr'>τὴν</span> <span class='ocrx_word' id='word_1_82' title='bbox 1145 1065 1318 1145; x_wconf 75' lang='grc' dir='ltr'><strong>ἀριθμητικὴν</strong></span> <span class='ocrx_word' id='word_1_83' title='bbox 1335 1069 1526 1146; x_wconf 77' lang='grc' dir='ltr'><strong>συνεγράψαιο.</strong></span> <span class='ocrx_word' id='word_1_84' title='bbox 1539 1071 1576 1124; x_wconf 83' lang='lat' dir='ltr'>lit</span> <span class='ocrx_word' id='word_1_85' title='bbox 1597 1082 1718 1147; x_wconf 89' lang='lat' dir='ltr'>uterque</span> 
     </span>
    </p>
   </div>
   <div class='ocr_carea' id='block_1_4' title="bbox 83 1145 893 3245">
    <p class='ocr_par' dir='ltr' id='par_1_4' title="bbox 83 1145 893 3245">
     <span class='ocr_line' id='line_1_9' title="bbox 111 1145 893 1224; baseline 0.004 -21"><span class='ocrx_word' id='word_1_86' title='bbox 111 1148 191 1205; x_wconf 89' lang='lat' dir='ltr'>nulia</span> <span class='ocrx_word' id='word_1_87' title='bbox 202 1146 258 1205; x_wconf 89' lang='lat' dir='ltr'>sub</span> <span class='ocrx_word' id='word_1_88' title='bbox 267 1145 376 1224; x_wconf 79' lang='lat' dir='ltr'>Orphei</span> <span class='ocrx_word' id='word_1_89' title='bbox 392 1147 511 1203; x_wconf 91' lang='lat' dir='ltr'>nomine</span> <span class='ocrx_word' id='word_1_90' title='bbox 520 1146 654 1205; x_wconf 86' lang='lat' dir='ltr'>edidisse.</span> <span class='ocrx_word' id='word_1_91' title='bbox 669 1146 712 1203; x_wconf 85' lang='lat' dir='ltr'>Ex</span> <span class='ocrx_word' id='word_1_92' title='bbox 722 1146 827 1205; x_wconf 91' lang='lat' dir='ltr'>horum</span> <span class='ocrx_word' id='word_1_93' title='bbox 843 1168 893 1206; x_wconf 90' lang='lat' dir='ltr'>nu·</span> 
     </span>
     <span class='ocr_line' id='line_1_10' title="bbox 112 1234 892 1312; baseline 0.004 -21"><span class='ocrx_word' id='word_1_94' title='bbox 112 1253 191 1293; x_wconf 88' lang='lat' dir='ltr'>mero</span> <span class='ocrx_word' id='word_1_95' title='bbox 203 1236 323 1297; x_wconf 79' lang='lat' dir='ltr'>fortasse</span> <span class='ocrx_word' id='word_1_96' title='bbox 336 1234 411 1293; x_wconf 89' lang='lat' dir='ltr'>iliud</span> <span class='ocrx_word' id='word_1_97' title='bbox 426 1235 480 1293; x_wconf 88' lang='lat' dir='ltr'>iuit</span> <span class='ocrx_word' id='word_1_98' title='bbox 490 1235 568 1312; x_wconf 90' lang='lat' dir='ltr'>quod</span> <span class='ocrx_word' id='word_1_99' title='bbox 578 1239 792 1311; x_wconf 76' lang='lat' dir='ltr'>Exploratorum</span> <span class='ocrx_word' id='word_1_100' title='bbox 807 1256 892 1294; x_wconf 87' lang='lat' dir='ltr'>voca-</span> 
     </span>
     <span class='ocr_line' id='line_1_11' title="bbox 111 1322 891 1402; baseline 0.006 -23"><span class='ocrx_word' id='word_1_101' title='bbox 111 1322 181 1381; x_wconf 90' lang='lat' dir='ltr'>bulo</span> <span class='ocrx_word' id='word_1_102' title='bbox 193 1326 365 1402; x_wconf 90' lang='lat' dir='ltr'>inscriptum</span> <span class='ocrx_word' id='word_1_103' title='bbox 377 1336 462 1402; x_wconf 88' lang='lat' dir='ltr'>poeta</span> <span class='ocrx_word' id='word_1_104' title='bbox 474 1324 571 1387; x_wconf 89' lang='lat' dir='ltr'>nescio</span> <span class='ocrx_word' id='word_1_105' title='bbox 582 1325 648 1402; x_wconf 90' lang='lat' dir='ltr'>quis</span> <span class='ocrx_word' id='word_1_106' title='bbox 657 1325 699 1383; x_wconf 90' lang='lat' dir='ltr'>sic</span> <span class='ocrx_word' id='word_1_107' title='bbox 713 1344 796 1402; x_wconf 78' lang='lat' dir='ltr'>orsus</span> <span class='ocrx_word' id='word_1_108' title='bbox 809 1339 871 1383; x_wconf 89' lang='lat' dir='ltr'>erat</span> <span class='ocrx_word' id='word_1_109' title='bbox 884 1344 891 1384; x_wconf 93' lang='lat'>:</span> 
     </span>
     <span class='ocr_line' id='line_1_12' title="bbox 114 1411 891 1491; baseline 0.001 -23"><span class='ocrx_word' id='word_1_110' title='bbox 114 1439 125 1459; x_wconf 76' lang='grc' dir='ltr'><strong>ι</strong></span> <span class='ocrx_word' id='word_1_111' title='bbox 141 1411 474 1491; x_wconf 85' lang='lat' dir='ltr'>impudenteradrersus</span> <span class='ocrx_word' id='word_1_112' title='bbox 486 1412 630 1471; x_wconf 92' lang='lat' dir='ltr'>neminem</span> <span class='ocrx_word' id='word_1_113' title='bbox 644 1425 671 1469; x_wconf 95' lang='lat' dir='ltr'>te</span> <span class='ocrx_word' id='word_1_114' title='bbox 680 1432 771 1488; x_wconf 86' lang='lat' dir='ltr'>geras.</span> <span class='ocrx_word' id='word_1_115' title='bbox 782 1412 891 1472; x_wconf 73' lang='lat' dir='ltr'>»stulu</span> 
     </span>
     <span class='ocr_line' id='line_1_13' title="bbox 110 1498 890 1558; baseline 0.004 -3"><span class='ocrx_word' id='word_1_116' title='bbox 110 1500 196 1556; x_wconf 88' lang='lat' dir='ltr'>etiam</span> <span class='ocrx_word' id='word_1_117' title='bbox 208 1501 265 1557; x_wconf 91' lang='lat' dir='ltr'>alia</span> <span class='ocrx_word' id='word_1_118' title='bbox 275 1501 346 1558; x_wconf 92' lang='lat' dir='ltr'>oiim</span> <span class='ocrx_word' id='word_1_119' title='bbox 357 1500 494 1558; x_wconf 82' lang='lat' dir='ltr'>ridentur</span> <span class='ocrx_word' id='word_1_120' title='bbox 507 1500 595 1557; x_wconf 88' lang='lat' dir='ltr'>fuisse</span> <span class='ocrx_word' id='word_1_121' title='bbox 606 1513 791 1557; x_wconf 90' lang='lat' dir='ltr'>monumenta</span> <span class='ocrx_word' id='word_1_122' title='bbox 801 1498 890 1558; x_wconf 91' lang='lat' dir='ltr'>Samii</span> 
     </span>
     <span class='ocr_line' id='line_1_14' title="bbox 111 1586 891 1667; baseline 0.004 -24"><span class='ocrx_word' id='word_1_123' title='bbox 111 1586 283 1665; x_wconf 80' lang='lat' dir='ltr'>philosophi</span> <span class='ocrx_word' id='word_1_124' title='bbox 298 1589 414 1647; x_wconf 86' lang='lat' dir='ltr'>nurnine</span> <span class='ocrx_word' id='word_1_125' title='bbox 428 1600 545 1659; x_wconf 82' lang='lat' dir='ltr'>oruata,</span> <span class='ocrx_word' id='word_1_126' title='bbox 558 1605 682 1663; x_wconf 93' lang='lat' dir='ltr'>quorum</span> <span class='ocrx_word' id='word_1_127' title='bbox 700 1588 821 1665; x_wconf 87' lang='lat' dir='ltr'>sparsim</span> <span class='ocrx_word' id='word_1_128' title='bbox 841 1608 891 1667; x_wconf 78' lang='lat' dir='ltr'>ye-</span> 
     </span>
     <span class='ocr_line' id='line_1_15' title="bbox 83 1674 891 1748; baseline 0.001 -18"><span class='ocrx_word' id='word_1_129' title='bbox 83 1724 87 1735; x_wconf 86' lang='grc'><strong>,</strong></span> <span class='ocrx_word' id='word_1_130' title='bbox 111 1686 191 1731; x_wconf 89' lang='lat' dir='ltr'>teres</span> <span class='ocrx_word' id='word_1_131' title='bbox 212 1675 375 1733; x_wconf 85' lang='lat' dir='ltr'>meminere.</span> <span class='ocrx_word' id='word_1_132' title='bbox 390 1674 503 1738; x_wconf 83' lang='lat' dir='ltr'>Etenim</span> <span class='ocrx_word' id='word_1_133' title='bbox 523 1674 712 1748; x_wconf 83' lang='lat' dir='ltr'>Prognostica</span> <span class='ocrx_word' id='word_1_134' title='bbox 732 1695 796 1733; x_wconf 90' lang='lat' dir='ltr'>eum</span> <span class='ocrx_word' id='word_1_135' title='bbox 818 1696 891 1732; x_wconf 92' lang='lat' dir='ltr'>con-</span> 
     </span>
     <span class='ocr_line' id='line_1_16' title="bbox 113 1761 890 1838; baseline 0.003 -20"><span class='ocrx_word' id='word_1_136' title='bbox 113 1762 217 1819; x_wconf 86' lang='lat' dir='ltr'>iecisse</span> <span class='ocrx_word' id='word_1_137' title='bbox 231 1772 329 1820; x_wconf 78' lang='lat' dir='ltr'>auctor</span> <span class='ocrx_word' id='word_1_138' title='bbox 342 1774 384 1821; x_wconf 87' lang='lat' dir='ltr'>est</span> <span class='ocrx_word' id='word_1_139' title='bbox 396 1761 513 1821; x_wconf 81' lang='lat' dir='ltr'>&#39;isetzes</span> <span class='ocrx_word' id='word_1_140' title='bbox 527 1761 583 1838; x_wconf 81' lang='grc'>(39)</span> <span class='ocrx_word' id='word_1_141' title='bbox 597 1762 720 1821; x_wconf 89' lang='lat' dir='ltr'>Chiliad.</span> <span class='ocrx_word' id='word_1_142' title='bbox 735 1764 788 1824; x_wconf 94' lang='lat' dir='ltr'>iib.</span> <span class='ocrx_word' id='word_1_143' title='bbox 800 1762 839 1836; x_wconf 90' lang='grc' dir='ltr'>ΙΙ,</span> <span class='ocrx_word' id='word_1_144' title='bbox 854 1766 890 1821; x_wconf 83' lang='grc'>55</span> 
     </span>
     <span class='ocr_line' id='line_1_17' title="bbox 109 1849 892 1927; baseline 0.006 -21"><span class='ocrx_word' id='word_1_145' title='bbox 109 1851 279 1927; x_wconf 85' lang='lat' dir='ltr'>pariterque</span> <span class='ocrx_word' id='word_1_146' title='bbox 300 1850 363 1927; x_wconf 87' lang='lat' dir='ltr'>ejus</span> <span class='ocrx_word' id='word_1_147' title='bbox 384 1851 420 1908; x_wconf 92' lang='lat' dir='ltr'>ad</span> <span class='ocrx_word' id='word_1_148' title='bbox 435 1849 545 1907; x_wconf 85' lang='lat' dir='ltr'>Abarin</span> <span class='ocrx_word' id='word_1_149' title='bbox 568 1849 733 1909; x_wconf 86' lang='lat' dir='ltr'>Orationem</span> <span class='ocrx_word' id='word_1_150' title='bbox 753 1867 892 1911; x_wconf 86' lang='lat' dir='ltr'>memorat</span> 
     </span>
     <span class='ocr_line' id='line_1_18' title="bbox 108 1936 887 2017; baseline 0.005 -24"><span class='ocrx_word' id='word_1_151' title='bbox 108 1936 232 1995; x_wconf 85' lang='lat' dir='ltr'>Procius</span> <span class='ocrx_word' id='word_1_152' title='bbox 245 1938 406 1996; x_wconf 85' lang='lat' dir='ltr'>Comment.</span> <span class='ocrx_word' id='word_1_153' title='bbox 427 1937 480 1995; x_wconf 86' lang='lat' dir='ltr'>tib.</span> <span class='ocrx_word' id='word_1_154' title='bbox 499 1936 542 1994; x_wconf 95' lang='lat' dir='ltr'>ili</span> <span class='ocrx_word' id='word_1_155' title='bbox 562 1938 592 1995; x_wconf 91' lang='lat' dir='ltr'>in</span> <span class='ocrx_word' id='word_1_156' title='bbox 615 1938 687 1998; x_wconf 86' lang='lat' dir='ltr'>Piat.</span> <span class='ocrx_word' id='word_1_157' title='bbox 702 1937 777 1996; x_wconf 90' lang='lat' dir='ltr'>Tim.</span> <span class='ocrx_word' id='word_1_158' title='bbox 790 1958 819 2017; x_wconf 91' lang='lat' dir='ltr'>p.</span> <span class='ocrx_word' id='word_1_159' title='bbox 836 1949 887 2007; x_wconf 77' lang='lat'>141</span> 
     </span>
     <span class='ocr_line' id='line_1_19' title="bbox 109 2024 891 2104; baseline 0.005 -23"><span class='ocrx_word' id='word_1_160' title='bbox 109 2025 217 2101; x_wconf 70' lang='lat' dir='ltr'>illio),</span> <span class='ocrx_word' id='word_1_161' title='bbox 229 2024 375 2103; x_wconf 89' lang='lat' dir='ltr'>quisimui</span> <span class='ocrx_word' id='word_1_162' title='bbox 386 2025 531 2104; x_wconf 90' lang='lat' dir='ltr'>iiymnum</span> <span class='ocrx_word' id='word_1_163' title='bbox 542 2024 754 2102; x_wconf 85' lang='lat' dir='ltr'>Pythagoreum</span> <span class='ocrx_word' id='word_1_164' title='bbox 769 2026 826 2104; x_wconf 79' lang='grc' dir='ltr'>((ι)</span> <span class='ocrx_word' id='word_1_165' title='bbox 839 2028 891 2086; x_wconf 90' lang='lat' dir='ltr'>aii·</span> 
     </span>
     <span class='ocr_line' id='line_1_20' title="bbox 109 2112 893 2191; baseline 0.004 -20"><span class='ocrx_word' id='word_1_166' title='bbox 109 2114 224 2191; x_wconf 88' lang='lat' dir='ltr'>quoties</span> <span class='ocrx_word' id='word_1_167' title='bbox 234 2114 342 2171; x_wconf 89' lang='lat' dir='ltr'>laudat.</span> <span class='ocrx_word' id='word_1_168' title='bbox 355 2112 435 2175; x_wconf 76' lang='lat' dir='ltr'>Adde</span> <span class='ocrx_word' id='word_1_169' title='bbox 448 2112 526 2189; x_wconf 93' lang='lat' dir='ltr'>quod</span> <span class='ocrx_word' id='word_1_170' title='bbox 538 2114 715 2190; x_wconf 87' lang='lat' dir='ltr'>Pythagoras</span> <span class='ocrx_word' id='word_1_171' title='bbox 727 2118 804 2172; x_wconf 89' lang='lat' dir='ltr'>testis</span> <span class='ocrx_word' id='word_1_172' title='bbox 814 2115 893 2175; x_wconf 88' lang='lat' dir='ltr'>adhi-</span> 
     </span>
     <span class='ocr_line' id='line_1_21' title="bbox 110 2200 891 2281; baseline 0.003 -21"><span class='ocrx_word' id='word_1_173' title='bbox 110 2201 196 2260; x_wconf 86' lang='lat' dir='ltr'>betur</span> <span class='ocrx_word' id='word_1_174' title='bbox 210 2201 248 2260; x_wconf 88' lang='lat' dir='ltr'>ab</span> <span class='ocrx_word' id='word_1_175' title='bbox 261 2201 374 2259; x_wconf 81' lang='lat' dir='ltr'>AEliano</span> <span class='ocrx_word' id='word_1_176' title='bbox 388 2203 446 2277; x_wconf 76' lang='lat' dir='ltr'>(ia)</span> <span class='ocrx_word' id='word_1_177' title='bbox 460 2201 496 2259; x_wconf 90' lang='lat' dir='ltr'>de</span> <span class='ocrx_word' id='word_1_178' title='bbox 507 2203 622 2259; x_wconf 87' lang='lat' dir='ltr'>animai.</span> <span class='ocrx_word' id='word_1_179' title='bbox 635 2201 687 2259; x_wconf 93' lang='lat' dir='ltr'>lib.</span> <span class='ocrx_word' id='word_1_180' title='bbox 703 2200 780 2261; x_wconf 82' lang='lat' dir='ltr'>iiiiii</span> <span class='ocrx_word' id='word_1_181' title='bbox 796 2222 859 2281; x_wconf 91' lang='lat' dir='ltr'>cap.</span> <span class='ocrx_word' id='word_1_182' title='bbox 873 2206 891 2262; x_wconf 85' lang='lat'>8</span> 
     </span>
     <span class='ocr_line' id='line_1_22' title="bbox 110 2287 892 2367; baseline 0.003 -21"><span class='ocrx_word' id='word_1_183' title='bbox 110 2302 137 2346; x_wconf 90' lang='lat' dir='ltr'>et</span> <span class='ocrx_word' id='word_1_184' title='bbox 150 2312 179 2366; x_wconf 85' lang='lat'>9,</span> <span class='ocrx_word' id='word_1_185' title='bbox 192 2290 321 2366; x_wconf 85' lang='lat' dir='ltr'>itemque</span> <span class='ocrx_word' id='word_1_186' title='bbox 331 2288 368 2347; x_wconf 89' lang='lat' dir='ltr'>ab</span> <span class='ocrx_word' id='word_1_187' title='bbox 383 2288 519 2348; x_wconf 81' lang='lat' dir='ltr'>Athenaeo</span> <span class='ocrx_word' id='word_1_188' title='bbox 535 2288 593 2367; x_wconf 78' lang='grc'>(1.3)</span> <span class='ocrx_word' id='word_1_189' title='bbox 602 2288 653 2348; x_wconf 92' lang='lat' dir='ltr'>lib.</span> <span class='ocrx_word' id='word_1_190' title='bbox 664 2287 702 2345; x_wconf 87' lang='lat' dir='ltr'>tv</span> <span class='ocrx_word' id='word_1_191' title='bbox 715 2310 743 2366; x_wconf 93' lang='lat' dir='ltr'>p.</span> <span class='ocrx_word' id='word_1_192' title='bbox 758 2292 811 2347; x_wconf 78' lang='lat'>183</span> <span class='ocrx_word' id='word_1_193' title='bbox 821 2290 851 2347; x_wconf 82' lang='lat' dir='ltr'>P.</span> <span class='ocrx_word' id='word_1_194' title='bbox 864 2303 892 2348; x_wconf 89' lang='lat' dir='ltr'>et</span> 
     </span>
     <span class='ocr_line' id='line_1_23' title="bbox 111 2375 891 2455; baseline 0.003 -22"><span class='ocrx_word' id='word_1_195' title='bbox 111 2375 162 2437; x_wconf 90' lang='lat' dir='ltr'>iih.</span> <span class='ocrx_word' id='word_1_196' title='bbox 175 2376 240 2433; x_wconf 80' lang='lat' dir='ltr'>xlv</span> <span class='ocrx_word' id='word_1_197' title='bbox 250 2398 279 2455; x_wconf 90' lang='lat' dir='ltr'>p.</span> <span class='ocrx_word' id='word_1_198' title='bbox 293 2378 349 2443; x_wconf 75' lang='lat'>631.</span> <span class='ocrx_word' id='word_1_199' title='bbox 365 2376 403 2447; x_wconf 76' lang='lat' dir='ltr'>A,</span> <span class='ocrx_word' id='word_1_200' title='bbox 417 2376 448 2437; x_wconf 91' lang='lat' dir='ltr'>in</span> <span class='ocrx_word' id='word_1_201' title='bbox 461 2376 498 2434; x_wconf 86' lang='lat' dir='ltr'>iis</span> <span class='ocrx_word' id='word_1_202' title='bbox 510 2396 574 2454; x_wconf 87' lang='lat' dir='ltr'>quae</span> <span class='ocrx_word' id='word_1_203' title='bbox 587 2380 623 2433; x_wconf 86' lang='lat' dir='ltr'>de</span> <span class='ocrx_word' id='word_1_204' title='bbox 636 2380 716 2433; x_wconf 84' lang='lat' dir='ltr'>rubro</span> <span class='ocrx_word' id='word_1_205' title='bbox 730 2384 803 2433; x_wconf 85' lang='lat' dir='ltr'>mari</span> <span class='ocrx_word' id='word_1_206' title='bbox 816 2397 891 2435; x_wconf 90' lang='lat' dir='ltr'>com-</span> 
     </span>
     <span class='ocr_line' id='line_1_24' title="bbox 111 2454 893 2539; baseline 0.003 -18"><span class='ocrx_word' id='word_1_207' title='bbox 111 2477 254 2523; x_wconf 88' lang='lat' dir='ltr'>mentatus</span> <span class='ocrx_word' id='word_1_208' title='bbox 264 2476 335 2521; x_wconf 89' lang='lat' dir='ltr'>erat.</span> <span class='ocrx_word' id='word_1_209' title='bbox 346 2464 455 2521; x_wconf 90' lang='lat' dir='ltr'>Verum</span> <span class='ocrx_word' id='word_1_210' title='bbox 468 2463 529 2521; x_wconf 84' lang='lat' dir='ltr'>haec</span> <span class='ocrx_word' id='word_1_211' title='bbox 537 2464 612 2521; x_wconf 90' lang='lat' dir='ltr'>aiius</span> <span class='ocrx_word' id='word_1_212' title='bbox 621 2463 792 2539; x_wconf 78' lang='lat' dir='ltr'>Pythagoraa</span> <span class='ocrx_word' id='word_1_213' title='bbox 804 2454 893 2523; x_wconf 81' lang='lat' dir='ltr'>luisse</span> 
     </span>
     <span class='ocr_line' id='line_1_25' title="bbox 111 2551 892 2631; baseline 0 -21"><span class='ocrx_word' id='word_1_214' title='bbox 111 2554 169 2611; x_wconf 87' lang='lat' dir='ltr'>riri</span> <span class='ocrx_word' id='word_1_215' title='bbox 193 2555 271 2612; x_wconf 93' lang='lat' dir='ltr'>docti</span> <span class='ocrx_word' id='word_1_216' title='bbox 296 2553 435 2631; x_wconf 89' lang='lat' dir='ltr'>suspicati</span> <span class='ocrx_word' id='word_1_217' title='bbox 450 2564 526 2613; x_wconf 86' lang='lat' dir='ltr'>sunt.</span> <span class='ocrx_word' id='word_1_218' title='bbox 542 2551 573 2609; x_wconf 86' lang='lat' dir='ltr'>Si</span> <span class='ocrx_word' id='word_1_219' title='bbox 589 2552 719 2609; x_wconf 87' lang='lat' dir='ltr'>Plinium</span> <span class='ocrx_word' id='word_1_220' title='bbox 744 2556 892 2629; x_wconf 88' lang='lat' dir='ltr'>sequimur</span> 
     </span>
     <span class='ocr_line' id='line_1_26' title="bbox 112 2638 892 2718; baseline -0.001 -19"><span class='ocrx_word' id='word_1_221' title='bbox 112 2654 169 2701; x_wconf 90' lang='lat' dir='ltr'>nat.</span> <span class='ocrx_word' id='word_1_222' title='bbox 186 2642 256 2701; x_wconf 90' lang='lat' dir='ltr'>hist.</span> <span class='ocrx_word' id='word_1_223' title='bbox 273 2638 442 2710; x_wconf 75' lang='lat' dir='ltr'>tihxxltl,</span> <span class='ocrx_word' id='word_1_224' title='bbox 461 2660 507 2711; x_wconf 87' lang='lat'>17,</span> <span class='ocrx_word' id='word_1_225' title='bbox 521 2638 633 2697; x_wconf 87' lang='lat' dir='ltr'>Samius</span> <span class='ocrx_word' id='word_1_226' title='bbox 648 2639 839 2718; x_wconf 91' lang='lat' dir='ltr'>philosophus</span> <span class='ocrx_word' id='word_1_227' title='bbox 856 2639 892 2698; x_wconf 91' lang='lat' dir='ltr'>de</span> 
     </span>
     <span class='ocr_line' id='line_1_27' title="bbox 111 2726 889 2802; baseline 0.001 -19"><span class='ocrx_word' id='word_1_228' title='bbox 111 2726 268 2787; x_wconf 89' lang='lat' dir='ltr'>herbarum</span> <span class='ocrx_word' id='word_1_229' title='bbox 293 2726 451 2786; x_wconf 73' lang='lat' dir='ltr'>virtutibus</span> <span class='ocrx_word' id='word_1_230' title='bbox 475 2727 617 2802; x_wconf 83' lang='lat' dir='ltr'>singulari</span> <span class='ocrx_word' id='word_1_231' title='bbox 644 2728 794 2785; x_wconf 85' lang='lat' dir='ltr'>volumine</span> <span class='ocrx_word' id='word_1_232' title='bbox 816 2729 889 2802; x_wconf 90' lang='lat' dir='ltr'>egit,</span> 
     </span>
     <span class='ocr_line' id='line_1_28' title="bbox 112 2813 891 2894; baseline 0.003 -21"><span class='ocrx_word' id='word_1_233' title='bbox 112 2817 190 2891; x_wconf 93' lang='lat' dir='ltr'>quod</span> <span class='ocrx_word' id='word_1_234' title='bbox 204 2817 255 2874; x_wconf 89' lang='lat' dir='ltr'>aiii</span> <span class='ocrx_word' id='word_1_235' title='bbox 270 2816 442 2894; x_wconf 83' lang='lat' dir='ltr'>Cleemporo</span> <span class='ocrx_word' id='word_1_236' title='bbox 457 2813 569 2872; x_wconf 89' lang='lat' dir='ltr'>medico</span> <span class='ocrx_word' id='word_1_237' title='bbox 586 2817 779 2891; x_wconf 80' lang='lat' dir='ltr'>assignabant.</span> <span class='ocrx_word' id='word_1_238' title='bbox 803 2842 815 2867; x_wconf 80' lang='grc' dir='ltr'><strong>ι</strong></span> <span class='ocrx_word' id='word_1_239' title='bbox 834 2818 891 2876; x_wconf 89' lang='lat' dir='ltr'>Sed</span> 
     </span>
     <span class='ocr_line' id='line_1_29' title="bbox 112 2902 891 2982; baseline 0.005 -23"><span class='ocrx_word' id='word_1_240' title='bbox 112 2902 298 2981; x_wconf 73' lang='lat' dir='ltr'>Pythagora,</span> <span class='ocrx_word' id='word_1_241' title='bbox 313 2904 424 2981; x_wconf 87' lang='lat' dir='ltr'>inquit,</span> <span class='ocrx_word' id='word_1_242' title='bbox 440 2902 573 2982; x_wconf 83' lang='lat' dir='ltr'>pertinax</span> <span class='ocrx_word' id='word_1_243' title='bbox 588 2902 663 2962; x_wconf 85' lang='lat' dir='ltr'>iama</span> <span class='ocrx_word' id='word_1_244' title='bbox 677 2904 891 2982; x_wconf 85' lang='lat' dir='ltr'>antiquitasque</span> 
     </span>
     <span class='ocr_line' id='line_1_30' title="bbox 111 2991 891 3069; baseline 0.003 -23"><span class='ocrx_word' id='word_1_245' title='bbox 111 2991 262 3050; x_wconf 83' lang='lat' dir='ltr'>vindicant</span> <span class='ocrx_word' id='word_1_246' title='bbox 273 3014 281 3048; x_wconf 74' lang='lat' dir='ltr'>a</span> <span class='ocrx_word' id='word_1_247' title='bbox 291 3005 319 3049; x_wconf 90' lang='lat' dir='ltr'>et</span> <span class='ocrx_word' id='word_1_248' title='bbox 328 2992 358 3048; x_wconf 93' lang='lat' dir='ltr'>id</span> <span class='ocrx_word' id='word_1_249' title='bbox 370 2992 466 3069; x_wconf 86' lang='lat' dir='ltr'>ipsum</span> <span class='ocrx_word' id='word_1_250' title='bbox 478 2995 675 3054; x_wconf 86' lang='lat' dir='ltr'>auctoritatem</span> <span class='ocrx_word' id='word_1_251' title='bbox 687 2993 832 3050; x_wconf 91' lang='lat' dir='ltr'>volumini</span> <span class='ocrx_word' id='word_1_252' title='bbox 848 2992 891 3049; x_wconf 85' lang='lat' dir='ltr'>ai-</span> 
     </span>
     <span class='ocr_line' id='line_1_31' title="bbox 113 3077 890 3156; baseline 0.001 -22"><span class='ocrx_word' id='word_1_253' title='bbox 113 3080 182 3149; x_wconf 83' lang='lat' dir='ltr'>fert,</span> <span class='ocrx_word' id='word_1_254' title='bbox 194 3079 219 3136; x_wconf 89' lang='lat' dir='ltr'>si</span> <span class='ocrx_word' id='word_1_255' title='bbox 230 3077 377 3154; x_wconf 90' lang='lat' dir='ltr'>quisalius</span> <span class='ocrx_word' id='word_1_256' title='bbox 388 3098 464 3136; x_wconf 83' lang='lat' dir='ltr'>curta</span> <span class='ocrx_word' id='word_1_257' title='bbox 475 3099 534 3138; x_wconf 87' lang='lat' dir='ltr'>suae</span> <span class='ocrx_word' id='word_1_258' title='bbox 543 3099 617 3156; x_wconf 90' lang='lat' dir='ltr'>opus</span> <span class='ocrx_word' id='word_1_259' title='bbox 630 3078 683 3136; x_wconf 93' lang='lat' dir='ltr'>iiio</span> <span class='ocrx_word' id='word_1_260' title='bbox 694 3081 761 3137; x_wconf 84' lang='lat' dir='ltr'>viro</span> <span class='ocrx_word' id='word_1_261' title='bbox 770 3080 890 3154; x_wconf 90' lang='lat' dir='ltr'>dignum</span> 
     </span>
     <span class='ocr_line' id='line_1_32' title="bbox 108 3165 891 3245; baseline 0.001 -23"><span class='ocrx_word' id='word_1_262' title='bbox 108 3165 274 3242; x_wconf 81' lang='lat' dir='ltr'>judicarit,</span> <span class='ocrx_word' id='word_1_263' title='bbox 290 3166 366 3242; x_wconf 92' lang='lat' dir='ltr'>quod</span> <span class='ocrx_word' id='word_1_264' title='bbox 377 3168 478 3229; x_wconf 89' lang='lat' dir='ltr'>iecisse</span> <span class='ocrx_word' id='word_1_265' title='bbox 492 3167 713 3245; x_wconf 85' lang='lat' dir='ltr'>Cleemporum,</span> <span class='ocrx_word' id='word_1_266' title='bbox 731 3187 820 3244; x_wconf 84' lang='lat' dir='ltr'>quum</span> <span class='ocrx_word' id='word_1_267' title='bbox 834 3167 891 3224; x_wconf 88' lang='lat' dir='ltr'>alia</span> 
     </span>
    </p>
   </div>
   <div class='ocr_carea' id='block_1_5' title="bbox 107 3297 894 5364">
    <p class='ocr_par' dir='ltr' id='par_1_5' title="bbox 590 3297 602 3326">
     <span class='ocr_line' id='line_1_33' title="bbox 590 3297 602 3326; baseline 0 0"><span class='ocrx_word' id='word_1_268' title='bbox 590 3297 602 3326; x_wconf 64' lang='grc' dir='ltr'><strong>θ</strong></span> 
     </span>
    </p>

    <p class='ocr_par' dir='ltr' id='par_1_6' title="bbox 107 3335 893 5152">
     <span class='ocr_line' id='line_1_34' title="bbox 109 3335 892 3400; baseline 0.003 -17"><span class='ocrx_word' id='word_1_269' title='bbox 109 3335 223 3384; x_wconf 79' lang='grc' dir='ltr'><strong>τωνιότον</strong></span> <span class='ocrx_word' id='word_1_270' title='bbox 229 3335 353 3398; x_wconf 81' lang='grc' dir='ltr'><strong>γραφέντας</strong></span> <span class='ocrx_word' id='word_1_271' title='bbox 361 3336 496 3394; x_wconf 77' lang='grc' dir='ltr'><strong>ἀνατεθῆναι</strong></span> <span class='ocrx_word' id='word_1_272' title='bbox 506 3335 640 3400; x_wconf 77' lang='grc' dir='ltr'><strong>Πυθαγόρα.</strong></span> <span class='ocrx_word' id='word_1_273' title='bbox 648 3339 768 3384; x_wconf 84' lang='lat' dir='ltr'>DeSucro</span> <span class='ocrx_word' id='word_1_274' title='bbox 779 3339 892 3386; x_wconf 87' lang='lat' dir='ltr'>Sermone</span> 
     </span>
     <span class='ocr_line' id='line_1_35' title="bbox 110 3405 891 3468; baseline 0 -14"><span class='ocrx_word' id='word_1_275' title='bbox 110 3407 162 3454; x_wconf 83' lang='grc' dir='ltr'><strong>Ιιιεσ</strong></span> <span class='ocrx_word' id='word_1_276' title='bbox 175 3407 290 3467; x_wconf 87' lang='lat' dir='ltr'>leguntur</span> <span class='ocrx_word' id='word_1_277' title='bbox 300 3405 364 3468; x_wconf 79' lang='lat' dir='ltr'>apud</span> <span class='ocrx_word' id='word_1_278' title='bbox 375 3405 536 3456; x_wconf 83' lang='lat' dir='ltr'>lamblichum</span> <span class='ocrx_word' id='word_1_279' title='bbox 552 3407 595 3454; x_wconf 85' lang='lat' dir='ltr'>rit.</span> <span class='ocrx_word' id='word_1_280' title='bbox 610 3407 681 3466; x_wconf 87' lang='lat' dir='ltr'>Pyth.</span> <span class='ocrx_word' id='word_1_281' title='bbox 695 3411 724 3455; x_wconf 83' lang='grc'>16</span> <span class='ocrx_word' id='word_1_282' title='bbox 740 3424 746 3452; x_wconf 90' lang='lat'>:</span> <span class='ocrx_word' id='word_1_283' title='bbox 760 3406 802 3454; x_wconf 79' lang='grc' dir='ltr'><strong>οὐκ</strong></span> <span class='ocrx_word' id='word_1_284' title='bbox 816 3406 849 3458; x_wconf 74' lang='lat' dir='ltr'>iu</span> <span class='ocrx_word' id='word_1_285' title='bbox 863 3406 891 3464; x_wconf 76' lang='lat' dir='ltr'>aa</span> 
     </span>
     <span class='ocr_line' id='line_1_36' title="bbox 109 3477 892 3550; baseline 0 -24"><span class='ocrx_word' id='word_1_286' title='bbox 109 3478 148 3526; x_wconf 80' lang='lat' dir='ltr'>oti-r</span> <span class='ocrx_word' id='word_1_287' title='bbox 161 3477 290 3548; x_wconf 77' lang='grc' dir='ltr'><strong>άμφίόολρν</strong></span> <span class='ocrx_word' id='word_1_288' title='bbox 303 3479 398 3539; x_wconf 79' lang='grc' dir='ltr'><strong>γέγονε,</strong></span> <span class='ocrx_word' id='word_1_289' title='bbox 410 3478 436 3525; x_wconf 87' lang='grc' dir='ltr'><strong>τό</strong></span> <span class='ocrx_word' id='word_1_290' title='bbox 445 3478 485 3532; x_wconf 82' lang='grc' dir='ltr'><strong>τὰς</strong></span> <span class='ocrx_word' id='word_1_291' title='bbox 495 3477 599 3550; x_wconf 59' lang='grc' dir='ltr'><strong>ἀφορμάς</strong></span> <span class='ocrx_word' id='word_1_292' title='bbox 607 3477 671 3540; x_wconf 83' lang='grc' dir='ltr'><strong>παρὰ</strong></span> <span class='ocrx_word' id='word_1_293' title='bbox 681 3477 782 3544; x_wconf 58' lang='lat' dir='ltr'>’upupa</span> <span class='ocrx_word' id='word_1_294' title='bbox 792 3477 892 3526; x_wconf 77' lang='grc' dir='ltr'><strong>λαθόντα</strong></span> 
     </span>
     <span class='ocr_line' id='line_1_37' title="bbox 110 3547 892 3611; baseline -0.003 -13"><span class='ocrx_word' id='word_1_295' title='bbox 110 3547 257 3611; x_wconf 71' lang='grc' dir='ltr'><strong>Πυθαγόραν,</strong></span> <span class='ocrx_word' id='word_1_296' title='bbox 268 3548 378 3603; x_wconf 75' lang='grc' dir='ltr'>συντάξαι</span> <span class='ocrx_word' id='word_1_297' title='bbox 393 3548 432 3597; x_wconf 89' lang='grc' dir='ltr'>τὸν</span> <span class='ocrx_word' id='word_1_298' title='bbox 446 3549 497 3610; x_wconf 82' lang='grc' dir='ltr'><strong>περὶ</strong></span> <span class='ocrx_word' id='word_1_299' title='bbox 510 3550 568 3596; x_wconf 86' lang='grc' dir='ltr'><strong>θεῶν</strong></span> <span class='ocrx_word' id='word_1_300' title='bbox 582 3548 659 3607; x_wconf 85' lang='grc' dir='ltr'><strong>λόγον,</strong></span> <span class='ocrx_word' id='word_1_301' title='bbox 670 3547 695 3595; x_wconf 88' lang='grc' dir='ltr'><strong>όν</strong></span> <span class='ocrx_word' id='word_1_302' title='bbox 712 3549 751 3595; x_wconf 84' lang='grc' dir='ltr'>καί</span> <span class='ocrx_word' id='word_1_303' title='bbox 766 3548 835 3608; x_wconf 86' lang='grc' dir='ltr'><strong>Ἱερόν</strong></span> <span class='ocrx_word' id='word_1_304' title='bbox 853 3547 892 3596; x_wconf 87' lang='grc' dir='ltr'><strong>διὰ</strong></span> 
     </span>
     <span class='ocr_line' id='line_1_38' title="bbox 108 3613 891 3679; baseline -0.003 -13"><span class='ocrx_word' id='word_1_305' title='bbox 108 3622 177 3666; x_wconf 79' lang='grc' dir='ltr'><strong>τοῦτο</strong></span> <span class='ocrx_word' id='word_1_306' title='bbox 192 3613 364 3678; x_wconf 71' lang='grc' dir='ltr'><strong>ἐπεγράψαμεν,</strong></span> <span class='ocrx_word' id='word_1_307' title='bbox 377 3617 408 3672; x_wconf 84' lang='grc' dir='ltr'>ὡς</span> <span class='ocrx_word' id='word_1_308' title='bbox 430 3617 458 3664; x_wconf 81' lang='grc' dir='ltr'>ἂν</span> <span class='ocrx_word' id='word_1_309' title='bbox 476 3616 503 3664; x_wconf 76' lang='grc' dir='ltr'>ἐκ</span> <span class='ocrx_word' id='word_1_310' title='bbox 520 3621 561 3665; x_wconf 79' lang='grc' dir='ltr'><strong>τοῦ</strong></span> <span class='ocrx_word' id='word_1_311' title='bbox 583 3617 759 3676; x_wconf 79' lang='grc' dir='ltr'><strong>μυστικωτάτου</strong></span> <span class='ocrx_word' id='word_1_312' title='bbox 774 3617 891 3679; x_wconf 84' lang='grc' dir='ltr'><strong>άπευθυμ·</strong></span> 
     </span>
     <span class='ocr_line' id='line_1_39' title="bbox 109 3683 891 3750; baseline -0.003 -14"><span class='ocrx_word' id='word_1_313' title='bbox 109 3687 178 3750; x_wconf 83' lang='grc' dir='ltr'><strong>μένον</strong></span> <span class='ocrx_word' id='word_1_314' title='bbox 186 3685 238 3749; x_wconf 76' lang='grc' dir='ltr'><strong>περὶ</strong></span> <span class='ocrx_word' id='word_1_315' title='bbox 245 3683 412 3749; x_wconf 87' lang='grc' dir='ltr'><strong>Ὀρφεῑτόπου,</strong></span> <span class='ocrx_word' id='word_1_316' title='bbox 421 3685 465 3734; x_wconf 80' lang='lat' dir='ltr'>sita</span> <span class='ocrx_word' id='word_1_317' title='bbox 475 3685 545 3740; x_wconf 87' lang='grc' dir='ltr'><strong>όντως</strong></span> <span class='ocrx_word' id='word_1_318' title='bbox 556 3691 597 3734; x_wconf 86' lang='grc' dir='ltr'><strong>τοῦ</strong></span> <span class='ocrx_word' id='word_1_319' title='bbox 609 3685 703 3748; x_wconf 82' lang='grc' dir='ltr'><strong>ἀνδρός,</strong></span> <span class='ocrx_word' id='word_1_320' title='bbox 714 3689 746 3741; x_wconf 86' lang='grc' dir='ltr'>ὡς</span> <span class='ocrx_word' id='word_1_321' title='bbox 756 3689 778 3734; x_wconf 85' lang='lat' dir='ltr'>oi</span> <span class='ocrx_word' id='word_1_322' title='bbox 788 3687 891 3736; x_wconf 85' lang='grc' dir='ltr'><strong>πλεῖστοι</strong></span> 
     </span>
     <span class='ocr_line' id='line_1_40' title="bbox 107 3755 891 3818; baseline 0 -14"><span class='ocrx_word' id='word_1_323' title='bbox 107 3759 218 3818; x_wconf 81' lang='grc' dir='ltr'><strong>λέγουσι,</strong></span> <span class='ocrx_word' id='word_1_324' title='bbox 228 3755 371 3818; x_wconf 85' lang='grc' dir='ltr'><strong>σύγγραμμά</strong></span> <span class='ocrx_word' id='word_1_325' title='bbox 384 3757 455 3816; x_wconf 82' lang='grc' dir='ltr'><strong>ἐστιν,</strong></span> <span class='ocrx_word' id='word_1_326' title='bbox 470 3757 516 3804; x_wconf 81' lang='lat' dir='ltr'>tire</span> <span class='ocrx_word' id='word_1_327' title='bbox 528 3757 677 3817; x_wconf 75' lang='grc' dir='ltr'><strong>Τηλαύγους,</strong></span> <span class='ocrx_word' id='word_1_328' title='bbox 690 3759 721 3811; x_wconf 86' lang='grc' dir='ltr'>ὡς</span> <span class='ocrx_word' id='word_1_329' title='bbox 735 3756 790 3805; x_wconf 81' lang='grc' dir='ltr'><strong>ίνιοι</strong></span> <span class='ocrx_word' id='word_1_330' title='bbox 804 3762 845 3805; x_wconf 87' lang='grc' dir='ltr'><strong>τοῦ</strong></span> <span class='ocrx_word' id='word_1_331' title='bbox 857 3758 891 3805; x_wconf 89' lang='grc' dir='ltr'><strong>δι-</strong></span> 
     </span>
     <span class='ocr_line' id='line_1_41' title="bbox 109 3825 891 3888; baseline 0.001 -15"><span class='ocrx_word' id='word_1_332' title='bbox 109 3825 251 3874; x_wconf 79' lang='grc' dir='ltr'><strong>δασκαλείου</strong></span> <span class='ocrx_word' id='word_1_333' title='bbox 262 3825 379 3888; x_wconf 87' lang='grc' dir='ltr'><strong>Ιλλόγιμοι</strong></span> <span class='ocrx_word' id='word_1_334' title='bbox 390 3828 430 3875; x_wconf 87' lang='grc' dir='ltr'>καὶ</span> <span class='ocrx_word' id='word_1_335' title='bbox 443 3826 572 3882; x_wconf 79' lang='grc' dir='ltr'>ἀξιόπιστοι</span> <span class='ocrx_word' id='word_1_336' title='bbox 587 3827 785 3888; x_wconf 79' lang='grc' dir='ltr'><strong>διαθεόαιοῦνται,</strong></span> <span class='ocrx_word' id='word_1_337' title='bbox 799 3828 825 3876; x_wconf 79' lang='grc' dir='ltr'>ἐκ</span> <span class='ocrx_word' id='word_1_338' title='bbox 846 3832 891 3876; x_wconf 84' lang='grc' dir='ltr'>τῶν</span> 
     </span>
     <span class='ocr_line' id='line_1_42' title="bbox 109 3895 892 3960; baseline 0 -14"><span class='ocrx_word' id='word_1_339' title='bbox 109 3897 284 3960; x_wconf 84' lang='grc' dir='ltr'><strong>θπομνημάτων</strong></span> <span class='ocrx_word' id='word_1_340' title='bbox 296 3901 343 3944; x_wconf 83' lang='grc' dir='ltr'>τῶν</span> <span class='ocrx_word' id='word_1_341' title='bbox 357 3901 433 3959; x_wconf 80' lang='grc' dir='ltr'><strong>Δαμοῖ</strong></span> <span class='ocrx_word' id='word_1_342' title='bbox 445 3902 473 3958; x_wconf 73' lang='grc' dir='ltr'>τῇ</span> <span class='ocrx_word' id='word_1_343' title='bbox 485 3898 577 3960; x_wconf 81' lang='grc' dir='ltr'><strong>θυγατρὶ</strong></span> <span class='ocrx_word' id='word_1_344' title='bbox 586 3897 767 3960; x_wconf 76' lang='grc' dir='ltr'>ἀπολειφθέντων</span> <span class='ocrx_word' id='word_1_345' title='bbox 775 3895 892 3947; x_wconf 77' lang='grc' dir='ltr'><strong>ὑπἀὐτοῦ</strong></span> 
     </span>
     <span class='ocr_line' id='line_1_43' title="bbox 111 3967 892 4030; baseline 0.005 -17"><span class='ocrx_word' id='word_1_346' title='bbox 111 3972 151 4014; x_wconf 78' lang='grc' dir='ltr'><strong>τοῦ</strong></span> <span class='ocrx_word' id='word_1_347' title='bbox 162 3967 312 4030; x_wconf 82' lang='grc' dir='ltr'><strong>Πυθαγόρου.</strong></span> <span class='ocrx_word' id='word_1_348' title='bbox 322 3967 441 4016; x_wconf 86' lang='lat' dir='ltr'>Diodorus</span> <span class='ocrx_word' id='word_1_349' title='bbox 449 3967 544 4018; x_wconf 81' lang='lat' dir='ltr'>Siculus</span> <span class='ocrx_word' id='word_1_350' title='bbox 555 3967 597 4016; x_wconf 92' lang='lat' dir='ltr'>lib.</span> <span class='ocrx_word' id='word_1_351' title='bbox 609 3969 630 4028; x_wconf 91' lang='lat'>1,</span> <span class='ocrx_word' id='word_1_352' title='bbox 644 3975 672 4016; x_wconf 83' lang='grc'>98</span> <span class='ocrx_word' id='word_1_353' title='bbox 683 3968 739 4017; x_wconf 85' lang='lat' dir='ltr'>item</span> <span class='ocrx_word' id='word_1_354' title='bbox 753 3968 892 4030; x_wconf 80' lang='lat' dir='ltr'>Pythagorae</span> 
     </span>
     <span class='ocr_line' id='line_1_44' title="bbox 111 4036 892 4100; baseline 0.004 -17"><span class='ocrx_word' id='word_1_355' title='bbox 111 4036 176 4085; x_wconf 86' lang='lat' dir='ltr'>istud</span> <span class='ocrx_word' id='word_1_356' title='bbox 197 4036 420 4086; x_wconf 79' lang='lat' dir='ltr'>commentariolum</span> <span class='ocrx_word' id='word_1_357' title='bbox 439 4037 538 4086; x_wconf 80' lang='lat' dir='ltr'>ascribit</span> <span class='ocrx_word' id='word_1_358' title='bbox 553 4036 589 4085; x_wconf 88' lang='lat' dir='ltr'>his</span> <span class='ocrx_word' id='word_1_359' title='bbox 602 4036 700 4085; x_wconf 82' lang='lat' dir='ltr'>veritis:</span> <span class='ocrx_word' id='word_1_360' title='bbox 715 4038 851 4100; x_wconf 74' lang='grc' dir='ltr'><strong>Πυθαγόραν</strong></span> <span class='ocrx_word' id='word_1_361' title='bbox 867 4055 892 4086; x_wconf 81' lang='grc' dir='ltr'><strong>τε</strong></span> 
     </span>
     <span class='ocr_line' id='line_1_45' title="bbox 112 4105 892 4172; baseline 0.003 -18"><span class='ocrx_word' id='word_1_362' title='bbox 112 4107 140 4155; x_wconf 77' lang='grc' dir='ltr'>τά</span> <span class='ocrx_word' id='word_1_363' title='bbox 156 4105 218 4154; x_wconf 83' lang='grc' dir='ltr'><strong>κατὰ</strong></span> <span class='ocrx_word' id='word_1_364' title='bbox 231 4107 271 4155; x_wconf 84' lang='grc' dir='ltr'>τὸν</span> <span class='ocrx_word' id='word_1_365' title='bbox 285 4107 346 4168; x_wconf 70' lang='lat' dir='ltr'>lapda</span> <span class='ocrx_word' id='word_1_366' title='bbox 359 4106 427 4167; x_wconf 89' lang='grc' dir='ltr'><strong>λόγον</strong></span> <span class='ocrx_word' id='word_1_367' title='bbox 438 4108 477 4156; x_wconf 85' lang='grc' dir='ltr'>καί</span> <span class='ocrx_word' id='word_1_368' title='bbox 488 4108 517 4156; x_wconf 82' lang='grc' dir='ltr'>τά</span> <span class='ocrx_word' id='word_1_369' title='bbox 532 4108 591 4155; x_wconf 81' lang='grc' dir='ltr'><strong>κατὰ</strong></span> <span class='ocrx_word' id='word_1_370' title='bbox 606 4108 746 4169; x_wconf 78' lang='grc' dir='ltr'><strong>γεωμετρίαν</strong></span> <span class='ocrx_word' id='word_1_371' title='bbox 756 4108 892 4172; x_wconf 82' lang='grc' dir='ltr'><strong>θεωρήματα</strong></span> 
     </span>
     <span class='ocr_line' id='line_1_46' title="bbox 112 4175 892 4241; baseline 0.003 -17"><span class='ocrx_word' id='word_1_372' title='bbox 112 4179 152 4225; x_wconf 84' lang='grc' dir='ltr'>καὶ</span> <span class='ocrx_word' id='word_1_373' title='bbox 165 4177 196 4225; x_wconf 86' lang='grc' dir='ltr'>τά</span> <span class='ocrx_word' id='word_1_374' title='bbox 205 4177 256 4238; x_wconf 76' lang='grc' dir='ltr'><strong>περὶ</strong></span> <span class='ocrx_word' id='word_1_375' title='bbox 267 4177 321 4232; x_wconf 79' lang='grc' dir='ltr'><strong>τοὺς</strong></span> <span class='ocrx_word' id='word_1_376' title='bbox 333 4176 443 4240; x_wconf 77' lang='grc' dir='ltr'><strong>ἀριθμούς</strong></span> <span class='ocrx_word' id='word_1_377' title='bbox 449 4214 456 4236; x_wconf 96' lang='grc'><strong>,</strong></span> <span class='ocrx_word' id='word_1_378' title='bbox 465 4176 498 4225; x_wconf 73' lang='grc' dir='ltr'><strong>ἔτι</strong></span> <span class='ocrx_word' id='word_1_379' title='bbox 510 4177 535 4225; x_wconf 74' lang='grc' dir='ltr'>δὲ</span> <span class='ocrx_word' id='word_1_380' title='bbox 545 4178 585 4234; x_wconf 80' lang='grc' dir='ltr'>τὴν</span> <span class='ocrx_word' id='word_1_381' title='bbox 597 4177 628 4232; x_wconf 76' lang='grc' dir='ltr'>εἰς</span> <span class='ocrx_word' id='word_1_382' title='bbox 640 4175 686 4225; x_wconf 78' lang='grc' dir='ltr'>πάν</span> <span class='ocrx_word' id='word_1_383' title='bbox 700 4181 758 4238; x_wconf 73' lang='grc' dir='ltr'><strong>ζῷον</strong></span> <span class='ocrx_word' id='word_1_384' title='bbox 768 4184 808 4236; x_wconf 78' lang='grc' dir='ltr'>τῆς</span> <span class='ocrx_word' id='word_1_385' title='bbox 817 4182 892 4241; x_wconf 83' lang='grc' dir='ltr'><strong>ψυχῆς</strong></span> 
     </span>
     <span class='ocr_line' id='line_1_47' title="bbox 113 4246 891 4310; baseline 0.005 -16"><span class='ocrx_word' id='word_1_386' title='bbox 113 4247 243 4308; x_wconf 75' lang='grc' dir='ltr'><strong>μεταόολὴν</strong></span> <span class='ocrx_word' id='word_1_387' title='bbox 258 4249 337 4309; x_wconf 79' lang='grc' dir='ltr'><strong>μαθεῖν</strong></span> <span class='ocrx_word' id='word_1_388' title='bbox 348 4246 402 4309; x_wconf 83' lang='grc' dir='ltr'><strong>παρ’</strong></span> <span class='ocrx_word' id='word_1_389' title='bbox 412 4247 553 4309; x_wconf 76' lang='grc' dir='ltr'><strong>Αἰγυπτίων,</strong></span> <span class='ocrx_word' id='word_1_390' title='bbox 569 4246 614 4298; x_wconf 86' lang='lat' dir='ltr'>sed</span> <span class='ocrx_word' id='word_1_391' title='bbox 628 4249 756 4308; x_wconf 71' lang='lat' dir='ltr'>Cercopum</span> <span class='ocrx_word' id='word_1_392' title='bbox 771 4249 891 4310; x_wconf 81' lang='lat' dir='ltr'>Pythago·</span> 
     </span>
     <span class='ocr_line' id='line_1_48' title="bbox 113 4315 891 4379; baseline 0.005 -15"><span class='ocrx_word' id='word_1_393' title='bbox 113 4329 182 4365; x_wconf 88' lang='lat' dir='ltr'>reum</span> <span class='ocrx_word' id='word_1_394' title='bbox 202 4315 254 4376; x_wconf 84' lang='lat' dir='ltr'>ejus</span> <span class='ocrx_word' id='word_1_395' title='bbox 270 4319 392 4365; x_wconf 86' lang='lat' dir='ltr'>auctorem</span> <span class='ocrx_word' id='word_1_396' title='bbox 413 4319 535 4377; x_wconf 78' lang='lat' dir='ltr'>nuncupat</span> <span class='ocrx_word' id='word_1_397' title='bbox 556 4318 670 4378; x_wconf 76' lang='lat' dir='ltr'>Epigenes</span> <span class='ocrx_word' id='word_1_398' title='bbox 688 4315 751 4379; x_wconf 85' lang='lat' dir='ltr'>apud</span> <span class='ocrx_word' id='word_1_399' title='bbox 772 4318 891 4368; x_wconf 85' lang='lat' dir='ltr'>clement.</span> 
     </span>
     <span class='ocr_line' id='line_1_49' title="bbox 112 4386 890 4448; baseline 0.003 -14"><span class='ocrx_word' id='word_1_400' title='bbox 112 4389 183 4436; x_wconf 81' lang='lat' dir='ltr'>Alex.</span> <span class='ocrx_word' id='word_1_401' title='bbox 196 4389 283 4434; x_wconf 83' lang='lat' dir='ltr'>strom.</span> <span class='ocrx_word' id='word_1_402' title='bbox 296 4386 450 4448; x_wconf 75' lang='lat' dir='ltr'>thipasa</span> <span class='ocrx_word' id='word_1_403' title='bbox 466 4388 543 4436; x_wconf 75' lang='grc'>3-1141</span> <span class='ocrx_word' id='word_1_404' title='bbox 555 4387 618 4435; x_wconf 90' lang='lat' dir='ltr'>enim</span> <span class='ocrx_word' id='word_1_405' title='bbox 631 4388 755 4437; x_wconf 82' lang='lat' dir='ltr'>Clemens:</span> <span class='ocrx_word' id='word_1_406' title='bbox 769 4389 890 4448; x_wconf 78' lang='grc' dir='ltr'><strong>Ἐπιγένης</strong></span> 
     </span>
     <span class='ocr_line' id='line_1_50' title="bbox 112 4456 892 4520; baseline 0.001 -14"><span class='ocrx_word' id='word_1_407' title='bbox 112 4458 137 4506; x_wconf 80' lang='grc' dir='ltr'>δὲ</span> <span class='ocrx_word' id='word_1_408' title='bbox 148 4457 173 4505; x_wconf 83' lang='grc' dir='ltr'>ἐν</span> <span class='ocrx_word' id='word_1_409' title='bbox 185 4461 233 4512; x_wconf 84' lang='grc' dir='ltr'><strong>τοῖς</strong></span> <span class='ocrx_word' id='word_1_410' title='bbox 243 4457 294 4518; x_wconf 82' lang='grc' dir='ltr'><strong>περὶ</strong></span> <span class='ocrx_word' id='word_1_411' title='bbox 308 4461 349 4514; x_wconf 87' lang='grc' dir='ltr'>τῆς</span> <span class='ocrx_word' id='word_1_412' title='bbox 363 4458 395 4512; x_wconf 82' lang='grc' dir='ltr'>είς</span> <span class='ocrx_word' id='word_1_413' title='bbox 406 4456 492 4518; x_wconf 83' lang='grc' dir='ltr'><strong>Ὀρφέα</strong></span> <span class='ocrx_word' id='word_1_414' title='bbox 505 4457 621 4514; x_wconf 78' lang='grc' dir='ltr'><strong>ποιήσεως</strong></span> <span class='ocrx_word' id='word_1_415' title='bbox 633 4458 750 4519; x_wconf 79' lang='grc' dir='ltr'><strong>Κάρκοπος</strong></span> <span class='ocrx_word' id='word_1_416' title='bbox 765 4457 822 4506; x_wconf 81' lang='grc' dir='ltr'><strong>εἶναι</strong></span> <span class='ocrx_word' id='word_1_417' title='bbox 833 4459 892 4520; x_wconf 78' lang='grc' dir='ltr'><strong>λέγει</strong></span> 
     </span>
     <span class='ocr_line' id='line_1_51' title="bbox 112 4526 893 4590; baseline 0.001 -14"><span class='ocrx_word' id='word_1_418' title='bbox 112 4533 153 4576; x_wconf 82' lang='grc' dir='ltr'><strong>τοῦ</strong></span> <span class='ocrx_word' id='word_1_419' title='bbox 167 4527 325 4589; x_wconf 76' lang='grc' dir='ltr'><strong>Πυθαγορείου</strong></span> <span class='ocrx_word' id='word_1_420' title='bbox 335 4529 376 4584; x_wconf 79' lang='grc' dir='ltr'>τὴν</span> <span class='ocrx_word' id='word_1_421' title='bbox 389 4527 420 4582; x_wconf 77' lang='grc' dir='ltr'>εἰς</span> <span class='ocrx_word' id='word_1_422' title='bbox 431 4527 488 4590; x_wconf 77' lang='grc' dir='ltr'><strong>ᾅδου</strong></span> <span class='ocrx_word' id='word_1_423' title='bbox 501 4528 635 4576; x_wconf 74' lang='grc' dir='ltr'><strong>Κατόᾶασιν</strong></span> <span class='ocrx_word' id='word_1_424' title='bbox 645 4529 684 4575; x_wconf 89' lang='grc' dir='ltr'>καὶ</span> <span class='ocrx_word' id='word_1_425' title='bbox 695 4528 735 4576; x_wconf 83' lang='grc' dir='ltr'><strong>τόν</strong></span> <span class='ocrx_word' id='word_1_426' title='bbox 745 4529 804 4589; x_wconf 76' lang='grc' dir='ltr'><strong>ἱερὸν</strong></span> <span class='ocrx_word' id='word_1_427' title='bbox 814 4526 893 4589; x_wconf 87' lang='grc' dir='ltr'><strong>λόγον,</strong></span> 
     </span>
     <span class='ocr_line' id='line_1_52' title="bbox 113 4596 892 4659; baseline -0.001 -13"><span class='ocrx_word' id='word_1_428' title='bbox 113 4599 151 4646; x_wconf 84' lang='grc' dir='ltr'><strong>τόν</strong></span> <span class='ocrx_word' id='word_1_429' title='bbox 173 4597 199 4646; x_wconf 86' lang='grc' dir='ltr'>δὲ</span> <span class='ocrx_word' id='word_1_430' title='bbox 217 4599 304 4646; x_wconf 85' lang='grc' dir='ltr'><strong>πέπλον</strong></span> <span class='ocrx_word' id='word_1_431' title='bbox 318 4596 402 4644; x_wconf 80' lang='grc' dir='ltr'><strong>καὶτὰ</strong></span> <span class='ocrx_word' id='word_1_432' title='bbox 420 4597 507 4657; x_wconf 83' lang='grc' dir='ltr'><strong>φυσικά</strong></span> <span class='ocrx_word' id='word_1_433' title='bbox 521 4597 651 4659; x_wconf 87' lang='grc' dir='ltr'><strong>Βροντίνου.</strong></span> <span class='ocrx_word' id='word_1_434' title='bbox 666 4600 696 4645; x_wconf 87' lang='lat' dir='ltr'>ltt</span> <span class='ocrx_word' id='word_1_435' title='bbox 715 4597 786 4645; x_wconf 85' lang='lat' dir='ltr'>modo</span> <span class='ocrx_word' id='word_1_436' title='bbox 804 4597 892 4657; x_wconf 76' lang='lat' dir='ltr'>Pyttra-</span> 
     </span>
     <span class='ocr_line' id='line_1_53' title="bbox 113 4665 891 4730; baseline 0.003 -16"><span class='ocrx_word' id='word_1_437' title='bbox 113 4683 194 4728; x_wconf 69' lang='lat' dir='ltr'>piram</span> <span class='ocrx_word' id='word_1_438' title='bbox 204 4669 277 4718; x_wconf 84' lang='lat' dir='ltr'>modo</span> <span class='ocrx_word' id='word_1_439' title='bbox 285 4667 407 4730; x_wconf 89' lang='lat' dir='ltr'>Orpheum</span> <span class='ocrx_word' id='word_1_440' title='bbox 415 4668 479 4716; x_wconf 88' lang='lat' dir='ltr'>Sacri</span> <span class='ocrx_word' id='word_1_441' title='bbox 487 4667 602 4716; x_wconf 85' lang='lat' dir='ltr'>sermonis</span> <span class='ocrx_word' id='word_1_442' title='bbox 611 4665 756 4716; x_wconf 78' lang='lat' dir='ltr'>mnditorem</span> <span class='ocrx_word' id='word_1_443' title='bbox 764 4665 891 4716; x_wconf 84' lang='lat' dir='ltr'>trabebant.</span> 
     </span>
     <span class='ocr_line' id='line_1_54' title="bbox 114 4737 889 4800; baseline 0.003 -14"><span class='ocrx_word' id='word_1_444' title='bbox 114 4740 173 4789; x_wconf 80' lang='lat' dir='ltr'>Vide</span> <span class='ocrx_word' id='word_1_445' title='bbox 193 4738 384 4788; x_wconf 75' lang='lat' dir='ltr'>dis=ertationem</span> <span class='ocrx_word' id='word_1_446' title='bbox 405 4737 435 4786; x_wconf 88' lang='lat' dir='ltr'>de</span> <span class='ocrx_word' id='word_1_447' title='bbox 456 4737 553 4800; x_wconf 87' lang='lat' dir='ltr'>orpheo</span> <span class='ocrx_word' id='word_1_448' title='bbox 570 4738 618 4786; x_wconf 87' lang='lat' dir='ltr'>rol.</span> <span class='ocrx_word' id='word_1_449' title='bbox 637 4740 646 4786; x_wconf 93' lang='lat' dir='ltr'>i</span> <span class='ocrx_word' id='word_1_450' title='bbox 665 4750 687 4798; x_wconf 90' lang='lat' dir='ltr'>p.</span> <span class='ocrx_word' id='word_1_451' title='bbox 705 4743 747 4787; x_wconf 84' lang='grc'>163</span> <span class='ocrx_word' id='word_1_452' title='bbox 764 4739 788 4786; x_wconf 89' lang='lat' dir='ltr'>et</span> <span class='ocrx_word' id='word_1_453' title='bbox 802 4737 889 4798; x_wconf 82' lang='lat' dir='ltr'>iragm.</span> 
     </span>
     <span class='ocr_line' id='line_1_55' title="bbox 115 4807 893 4873; baseline -0.003 -15"><span class='ocrx_word' id='word_1_454' title='bbox 115 4811 189 4873; x_wconf 87' lang='lat' dir='ltr'>orph.</span> <span class='ocrx_word' id='word_1_455' title='bbox 203 4811 306 4859; x_wconf 77' lang='lat' dir='ltr'>xivlit</span> <span class='ocrx_word' id='word_1_456' title='bbox 321 4822 344 4870; x_wconf 91' lang='grc' dir='ltr'>ρ.</span> <span class='ocrx_word' id='word_1_457' title='bbox 363 4811 415 4859; x_wconf 81' lang='lat' dir='ltr'>tas.</span> <span class='ocrx_word' id='word_1_458' title='bbox 431 4810 551 4857; x_wconf 72' lang='lat' dir='ltr'>caeterum</span> <span class='ocrx_word' id='word_1_459' title='bbox 566 4807 596 4857; x_wconf 89' lang='lat' dir='ltr'>ab</span> <span class='ocrx_word' id='word_1_460' title='bbox 610 4808 656 4856; x_wconf 90' lang='lat' dir='ltr'>hoc</span> <span class='ocrx_word' id='word_1_461' title='bbox 674 4807 734 4856; x_wconf 89' lang='lat' dir='ltr'>libro</span> <span class='ocrx_word' id='word_1_462' title='bbox 754 4807 804 4856; x_wconf 88' lang='lat' dir='ltr'>sine</span> <span class='ocrx_word' id='word_1_463' title='bbox 820 4807 893 4857; x_wconf 89' lang='lat' dir='ltr'>dubio</span> 
     </span>
     <span class='ocr_line' id='line_1_56' title="bbox 115 4875 892 4939; baseline -0.001 -12"><span class='ocrx_word' id='word_1_464' title='bbox 115 4881 224 4930; x_wconf 76' lang='lat' dir='ltr'>diversus</span> <span class='ocrx_word' id='word_1_465' title='bbox 238 4878 283 4926; x_wconf 86' lang='lat' dir='ltr'>luit</span> <span class='ocrx_word' id='word_1_466' title='bbox 295 4881 371 4928; x_wconf 85' lang='lat' dir='ltr'>sacer</span> <span class='ocrx_word' id='word_1_467' title='bbox 385 4875 508 4939; x_wconf 80' lang='lat' dir='ltr'>Arignotes</span> <span class='ocrx_word' id='word_1_468' title='bbox 518 4882 620 4935; x_wconf 70' lang='lat' dir='ltr'>Sumo,</span> <span class='ocrx_word' id='word_1_469' title='bbox 634 4890 709 4936; x_wconf 83' lang='lat' dir='ltr'>quum</span> <span class='ocrx_word' id='word_1_470' title='bbox 724 4877 839 4925; x_wconf 81' lang='lat' dir='ltr'>Bacclucu</span> <span class='ocrx_word' id='word_1_471' title='bbox 854 4891 892 4926; x_wconf 89' lang='lat' dir='ltr'>so-</span> 
     </span>
     <span class='ocr_line' id='line_1_57' title="bbox 115 4945 892 5010; baseline -0.006 -12"><span class='ocrx_word' id='word_1_472' title='bbox 115 4950 164 4998; x_wconf 87' lang='lat' dir='ltr'>lum</span> <span class='ocrx_word' id='word_1_473' title='bbox 179 4951 204 4998; x_wconf 86' lang='lat' dir='ltr'>et</span> <span class='ocrx_word' id='word_1_474' title='bbox 218 4947 311 4998; x_wconf 80' lang='lat' dir='ltr'>cereris</span> <span class='ocrx_word' id='word_1_475' title='bbox 331 4947 442 5008; x_wconf 87' lang='lat' dir='ltr'>mysteria</span> <span class='ocrx_word' id='word_1_476' title='bbox 460 4947 600 4996; x_wconf 88' lang='lat' dir='ltr'>contineret.</span> <span class='ocrx_word' id='word_1_477' title='bbox 615 4945 701 4996; x_wconf 85' lang='lat' dir='ltr'>suidas</span> <span class='ocrx_word' id='word_1_478' title='bbox 724 4958 747 4993; x_wconf 86' lang='lat' dir='ltr'>r.</span> <span class='ocrx_word' id='word_1_479' title='bbox 760 4945 892 5010; x_wconf 79' lang='grc' dir='ltr'><strong>Ἀριγνώτη·</strong></span> 
     </span>
     <span class='ocr_line' id='line_1_58' title="bbox 117 5016 891 5078; baseline -0.006 -9"><span class='ocrx_word' id='word_1_480' title='bbox 117 5021 222 5075; x_wconf 79' lang='grc' dir='ltr'><strong>συνέταξε</strong></span> <span class='ocrx_word' id='word_1_481' title='bbox 231 5017 298 5067; x_wconf 76' lang='grc' dir='ltr'><strong>τάδε·</strong></span> <span class='ocrx_word' id='word_1_482' title='bbox 310 5016 430 5078; x_wconf 86' lang='grc' dir='ltr'><strong>Βακχικά·</strong></span> <span class='ocrx_word' id='word_1_483' title='bbox 447 5017 531 5066; x_wconf 79' lang='grc' dir='ltr'><strong>ἔστιδὲ</strong></span> <span class='ocrx_word' id='word_1_484' title='bbox 543 5018 593 5078; x_wconf 83' lang='grc' dir='ltr'><strong>περὶ</strong></span> <span class='ocrx_word' id='word_1_485' title='bbox 606 5021 653 5064; x_wconf 84' lang='grc' dir='ltr'>τῶν</span> <span class='ocrx_word' id='word_1_486' title='bbox 666 5022 705 5073; x_wconf 87' lang='grc' dir='ltr'>τῆς</span> <span class='ocrx_word' id='word_1_487' title='bbox 720 5017 838 5078; x_wconf 79' lang='grc' dir='ltr'><strong>Δήμητρος</strong></span> <span class='ocrx_word' id='word_1_488' title='bbox 848 5033 891 5078; x_wconf 91' lang='grc' dir='ltr'><strong>μυ-</strong></span> 
     </span>
     <span class='ocr_line' id='line_1_59' title="bbox 117 5085 820 5152; baseline -0.006 -15"><span class='ocrx_word' id='word_1_489' title='bbox 117 5090 214 5152; x_wconf 88' lang='grc' dir='ltr'><strong>στηρίων</strong></span> <span class='ocrx_word' id='word_1_490' title='bbox 228 5085 399 5150; x_wconf 78' lang='grc' dir='ltr'><strong>ἐπιγράμματα.</strong></span> <span class='ocrx_word' id='word_1_491' title='bbox 411 5087 522 5148; x_wconf 85' lang='grc' dir='ltr'><strong>Γράφεται</strong></span> <span class='ocrx_word' id='word_1_492' title='bbox 533 5086 606 5132; x_wconf 81' lang='grc' dir='ltr'><strong>δὲκαὶ</strong></span> <span class='ocrx_word' id='word_1_493' title='bbox 618 5087 686 5147; x_wconf 85' lang='grc' dir='ltr'><strong>Ἰερδς</strong></span> <span class='ocrx_word' id='word_1_494' title='bbox 696 5085 762 5147; x_wconf 89' lang='grc' dir='ltr'><strong>λόγος</strong></span> <span class='ocrx_word' id='word_1_495' title='bbox 771 5088 820 5134; x_wconf 88' lang='grc' dir='ltr'><strong>κτλ,</strong></span> 
     </span>
    </p>

    <p class='ocr_par' dir='ltr' id='par_1_7' title="bbox 118 5155 894 5364">
     <span class='ocr_line' id='line_1_60' title="bbox 147 5155 893 5223; baseline -0.007 -14"><span class='ocrx_word' id='word_1_496' title='bbox 147 5159 435 5223; x_wconf 58' lang='lat' dir='ltr'>(rumigerabantur</span> <span class='ocrx_word' id='word_1_497' title='bbox 447 5158 487 5206; x_wconf 88' lang='lat' dir='ltr'>lib.</span> <span class='ocrx_word' id='word_1_498' title='bbox 500 5157 569 5214; x_wconf 78' lang='lat' dir='ltr'>vill,</span> <span class='ocrx_word' id='word_1_499' title='bbox 582 5155 676 5204; x_wconf 74' lang='grc' dir='ltr'><strong>θιἸων</strong></span> <span class='ocrx_word' id='word_1_500' title='bbox 688 5157 736 5205; x_wconf 83' lang='grc' dir='ltr'>δὲθ</span> <span class='ocrx_word' id='word_1_501' title='bbox 747 5159 802 5210; x_wconf 79' lang='grc' dir='ltr'><strong>Χῖος</strong></span> <span class='ocrx_word' id='word_1_502' title='bbox 814 5157 893 5211; x_wconf 74' lang='grc' dir='ltr'><strong>ἐντοῖς</strong></span> 
     </span>
     <span class='ocr_line' id='line_1_61' title="bbox 118 5225 892 5293; baseline -0.005 -15"><span class='ocrx_word' id='word_1_503' title='bbox 118 5233 234 5293; x_wconf 85' lang='grc' dir='ltr'><strong>τριαγμοῖς</strong></span> <span class='ocrx_word' id='word_1_504' title='bbox 246 5244 317 5290; x_wconf 86' lang='grc' dir='ltr'><strong>φησιν</strong></span> <span class='ocrx_word' id='word_1_505' title='bbox 330 5227 399 5276; x_wconf 85' lang='grc' dir='ltr'><strong>αὐτὸν</strong></span> <span class='ocrx_word' id='word_1_506' title='bbox 415 5227 463 5276; x_wconf 84' lang='grc' dir='ltr'><strong>ἔνια</strong></span> <span class='ocrx_word' id='word_1_507' title='bbox 475 5227 607 5283; x_wconf 65' lang='lat' dir='ltr'>notiam</span> <span class='ocrx_word' id='word_1_508' title='bbox 619 5225 746 5286; x_wconf 76' lang='grc' dir='ltr'><strong>ἀνενεγκεῖν</strong></span> <span class='ocrx_word' id='word_1_509' title='bbox 758 5227 790 5281; x_wconf 83' lang='grc' dir='ltr'>εἰς</span> <span class='ocrx_word' id='word_1_510' title='bbox 799 5225 892 5288; x_wconf 76' lang='grc' dir='ltr'><strong>Ὀρφέα.</strong></span> 
     </span>
     <span class='ocr_line' id='line_1_62' title="bbox 120 5295 894 5364; baseline -0.008 -13"><span class='ocrx_word' id='word_1_511' title='bbox 120 5303 192 5351; x_wconf 64' lang='grc' dir='ltr'><strong>Αὐτοῦ</strong></span> <span class='ocrx_word' id='word_1_512' title='bbox 203 5302 297 5364; x_wconf 77' lang='grc' dir='ltr'><strong>λέγουσι</strong></span> <span class='ocrx_word' id='word_1_513' title='bbox 308 5300 348 5347; x_wconf 84' lang='grc' dir='ltr'>καὶ</span> <span class='ocrx_word' id='word_1_514' title='bbox 361 5297 413 5354; x_wconf 80' lang='grc' dir='ltr'><strong>τοὺς</strong></span> <span class='ocrx_word' id='word_1_515' title='bbox 425 5296 615 5353; x_wconf 81' lang='grc' dir='ltr'><strong>κατασκοπιάδας</strong></span> <span class='ocrx_word' id='word_1_516' title='bbox 628 5295 655 5345; x_wconf 77' lang='grc' dir='ltr'><strong>οὗ</strong></span> <span class='ocrx_word' id='word_1_517' title='bbox 666 5296 721 5358; x_wconf 84' lang='lat' dir='ltr'>(leg.</span> <span class='ocrx_word' id='word_1_518' title='bbox 732 5296 894 5354; x_wconf 70' lang='grc' dir='ltr'><strong>κατασκόπους</strong></span> 
     </span>
    </p>
   </div>
   <div class='ocr_carea' id='block_1_6' title="bbox 937 1149 1721 3246">
    <p class='ocr_par' dir='ltr' id='par_1_8' title="bbox 937 1149 1721 3246">
     <span class='ocr_line' id='line_1_63' title="bbox 940 1149 1717 1232; baseline 0.015 -27"><span class='ocrx_word' id='word_1_519' title='bbox 940 1149 1050 1208; x_wconf 81' lang='lat' dir='ltr'>fallitur</span> <span class='ocrx_word' id='word_1_520' title='bbox 1066 1152 1202 1228; x_wconf 86' lang='lat' dir='ltr'>magistro</span> <span class='ocrx_word' id='word_1_521' title='bbox 1216 1173 1270 1229; x_wconf 91' lang='lat' dir='ltr'>pro</span> <span class='ocrx_word' id='word_1_522' title='bbox 1286 1153 1438 1232; x_wconf 81' lang='lat' dir='ltr'>discipulis</span> <span class='ocrx_word' id='word_1_523' title='bbox 1454 1175 1488 1212; x_wconf 88' lang='lat' dir='ltr'>ac</span> <span class='ocrx_word' id='word_1_524' title='bbox 1503 1157 1717 1217; x_wconf 87' lang='lat' dir='ltr'>successoribus</span> 
     </span>
     <span class='ocr_line' id='line_1_64' title="bbox 939 1238 1716 1320; baseline 0.012 -26"><span class='ocrx_word' id='word_1_525' title='bbox 939 1239 1098 1296; x_wconf 87' lang='lat' dir='ltr'>nominato.</span> <span class='ocrx_word' id='word_1_526' title='bbox 1116 1238 1214 1317; x_wconf 87' lang='lat' dir='ltr'>Neque</span> <span class='ocrx_word' id='word_1_527' title='bbox 1235 1242 1331 1299; x_wconf 89' lang='lat' dir='ltr'>minor</span> <span class='ocrx_word' id='word_1_528' title='bbox 1354 1257 1397 1301; x_wconf 91' lang='lat' dir='ltr'>est</span> <span class='ocrx_word' id='word_1_529' title='bbox 1414 1244 1523 1300; x_wconf 78' lang='lat' dir='ltr'>hialaiae</span> <span class='ocrx_word' id='word_1_530' title='bbox 1540 1245 1597 1320; x_wconf 73' lang='lat' dir='ltr'>(lli</span> <span class='ocrx_word' id='word_1_531' title='bbox 1613 1258 1642 1303; x_wconf 89' lang='lat' dir='ltr'>et</span> <span class='ocrx_word' id='word_1_532' title='bbox 1662 1246 1716 1303; x_wconf 85' lang='lat' dir='ltr'>Ce-</span> 
     </span>
     <span class='ocr_line' id='line_1_65' title="bbox 939 1324 1719 1409; baseline 0.013 -28"><span class='ocrx_word' id='word_1_533' title='bbox 939 1324 1023 1382; x_wconf 91' lang='lat' dir='ltr'>dreni</span> <span class='ocrx_word' id='word_1_534' title='bbox 1044 1346 1126 1383; x_wconf 89' lang='lat' dir='ltr'>error</span> <span class='ocrx_word' id='word_1_535' title='bbox 1146 1328 1197 1403; x_wconf 92' lang='lat' dir='ltr'>qui</span> <span class='ocrx_word' id='word_1_536' title='bbox 1219 1325 1369 1386; x_wconf 88' lang='lat' dir='ltr'>historiam</span> <span class='ocrx_word' id='word_1_537' title='bbox 1390 1329 1461 1387; x_wconf 89' lang='lat' dir='ltr'>beili</span> <span class='ocrx_word' id='word_1_538' title='bbox 1479 1332 1554 1388; x_wconf 89' lang='lat' dir='ltr'>inter</span> <span class='ocrx_word' id='word_1_539' title='bbox 1568 1332 1676 1409; x_wconf 88' lang='lat' dir='ltr'>Cyrum</span> <span class='ocrx_word' id='word_1_540' title='bbox 1690 1348 1719 1391; x_wconf 90' lang='lat' dir='ltr'>et</span> 
     </span>
     <span class='ocr_line' id='line_1_66' title="bbox 939 1408 1718 1491; baseline 0.018 -25"><span class='ocrx_word' id='word_1_541' title='bbox 939 1408 1053 1471; x_wconf 88' lang='lat' dir='ltr'>Samios</span> <span class='ocrx_word' id='word_1_542' title='bbox 1067 1417 1138 1488; x_wconf 89' lang='lat' dir='ltr'>gesti</span> <span class='ocrx_word' id='word_1_543' title='bbox 1150 1434 1167 1470; x_wconf 90' lang='lat' dir='ltr'>a</span> <span class='ocrx_word' id='word_1_544' title='bbox 1179 1413 1345 1491; x_wconf 84' lang='lat' dir='ltr'>Pythagora</span> <span class='ocrx_word' id='word_1_545' title='bbox 1360 1416 1464 1475; x_wconf 87' lang='lat' dir='ltr'>litteris</span> <span class='ocrx_word' id='word_1_546' title='bbox 1476 1419 1637 1476; x_wconf 88' lang='lat' dir='ltr'>mandatam</span> <span class='ocrx_word' id='word_1_547' title='bbox 1656 1440 1718 1479; x_wconf 88' lang='lat' dir='ltr'>esse</span> 
     </span>
     <span class='ocr_line' id='line_1_67' title="bbox 939 1500 1718 1585; baseline 0.012 -29"><span class='ocrx_word' id='word_1_548' title='bbox 939 1500 1092 1560; x_wconf 87' lang='lat' dir='ltr'>affirmant.</span> <span class='ocrx_word' id='word_1_549' title='bbox 1108 1500 1202 1560; x_wconf 80' lang='lat' dir='ltr'>Taceo</span> <span class='ocrx_word' id='word_1_550' title='bbox 1223 1504 1335 1578; x_wconf 85' lang='lat' dir='ltr'>magica</span> <span class='ocrx_word' id='word_1_551' title='bbox 1357 1506 1486 1581; x_wconf 85' lang='lat' dir='ltr'>quaedam</span> <span class='ocrx_word' id='word_1_552' title='bbox 1503 1508 1643 1583; x_wconf 91' lang='lat' dir='ltr'>opuscula</span> <span class='ocrx_word' id='word_1_553' title='bbox 1664 1529 1718 1585; x_wconf 94' lang='lat' dir='ltr'>po-</span> 
     </span>
     <span class='ocr_line' id='line_1_68' title="bbox 939 1587 1718 1672; baseline 0.009 -28"><span class='ocrx_word' id='word_1_554' title='bbox 939 1587 1112 1648; x_wconf 89' lang='lat' dir='ltr'>sterioribus</span> <span class='ocrx_word' id='word_1_555' title='bbox 1137 1590 1250 1648; x_wconf 82' lang='lat' dir='ltr'>saecuiis</span> <span class='ocrx_word' id='word_1_556' title='bbox 1273 1591 1445 1667; x_wconf 71' lang='lat' dir='ltr'>Pythagorae</span> <span class='ocrx_word' id='word_1_557' title='bbox 1466 1594 1630 1669; x_wconf 87' lang='lat' dir='ltr'>supposita,</span> <span class='ocrx_word' id='word_1_558' title='bbox 1655 1615 1718 1672; x_wconf 82' lang='lat' dir='ltr'>qnae</span> 
     </span>
     <span class='ocr_line' id='line_1_69' title="bbox 938 1675 1719 1755; baseline 0.01 -24"><span class='ocrx_word' id='word_1_559' title='bbox 938 1675 1043 1752; x_wconf 84' lang='lat' dir='ltr'>partim</span> <span class='ocrx_word' id='word_1_560' title='bbox 1060 1675 1209 1751; x_wconf 87' lang='lat' dir='ltr'>divulgata</span> <span class='ocrx_word' id='word_1_561' title='bbox 1220 1691 1288 1736; x_wconf 90' lang='lat' dir='ltr'>sunt</span> <span class='ocrx_word' id='word_1_562' title='bbox 1301 1679 1406 1755; x_wconf 91' lang='lat' dir='ltr'>partim</span> <span class='ocrx_word' id='word_1_563' title='bbox 1420 1681 1505 1735; x_wconf 91' lang='lat' dir='ltr'>etiam</span> <span class='ocrx_word' id='word_1_564' title='bbox 1521 1700 1598 1737; x_wconf 91' lang='lat' dir='ltr'>nunc</span> <span class='ocrx_word' id='word_1_565' title='bbox 1617 1682 1648 1738; x_wconf 93' lang='lat' dir='ltr'>in</span> <span class='ocrx_word' id='word_1_566' title='bbox 1670 1702 1719 1738; x_wconf 92' lang='lat' dir='ltr'>co-</span> 
     </span>
     <span class='ocr_line' id='line_1_70' title="bbox 937 1762 1719 1843; baseline 0.01 -24"><span class='ocrx_word' id='word_1_567' title='bbox 937 1762 1053 1839; x_wconf 73' lang='lat' dir='ltr'>dicibus</span> <span class='ocrx_word' id='word_1_568' title='bbox 1067 1783 1153 1821; x_wconf 88' lang='lat' dir='ltr'>manu</span> <span class='ocrx_word' id='word_1_569' title='bbox 1170 1767 1294 1823; x_wconf 86' lang='lat' dir='ltr'>exaratis</span> <span class='ocrx_word' id='word_1_570' title='bbox 1308 1779 1419 1824; x_wconf 77' lang='lat' dir='ltr'>exstant</span> <span class='ocrx_word' id='word_1_571' title='bbox 1431 1765 1504 1843; x_wconf 77' lang='grc'>(1.5).</span> <span class='ocrx_word' id='word_1_572' title='bbox 1520 1769 1629 1843; x_wconf 79' lang='lat' dir='ltr'>hgmen</span> <span class='ocrx_word' id='word_1_573' title='bbox 1641 1770 1719 1827; x_wconf 91' lang='lat' dir='ltr'>clau·</span> 
     </span>
     <span class='ocr_line' id='line_1_71' title="bbox 938 1849 1719 1934; baseline 0.01 -28"><span class='ocrx_word' id='word_1_574' title='bbox 938 1849 1008 1908; x_wconf 89' lang='lat' dir='ltr'>dant</span> <span class='ocrx_word' id='word_1_575' title='bbox 1022 1850 1111 1909; x_wconf 90' lang='lat' dir='ltr'>Samii</span> <span class='ocrx_word' id='word_1_576' title='bbox 1132 1852 1300 1930; x_wconf 89' lang='lat' dir='ltr'>philosophi</span> <span class='ocrx_word' id='word_1_577' title='bbox 1323 1852 1444 1930; x_wconf 86' lang='lat' dir='ltr'>ejusque</span> <span class='ocrx_word' id='word_1_578' title='bbox 1465 1867 1636 1912; x_wconf 87' lang='lat' dir='ltr'>sectatorum</span> <span class='ocrx_word' id='word_1_579' title='bbox 1657 1858 1719 1934; x_wconf 92' lang='lat' dir='ltr'>epi·</span> 
     </span>
     <span class='ocr_line' id='line_1_72' title="bbox 938 1938 1719 2016; baseline 0.008 -23"><span class='ocrx_word' id='word_1_580' title='bbox 938 1938 1035 2010; x_wconf 85' lang='lat' dir='ltr'>stolae,</span> <span class='ocrx_word' id='word_1_581' title='bbox 1058 1959 1122 2016; x_wconf 88' lang='lat' dir='ltr'>quae</span> <span class='ocrx_word' id='word_1_582' title='bbox 1149 1938 1186 1997; x_wconf 88' lang='lat' dir='ltr'>ab</span> <span class='ocrx_word' id='word_1_583' title='bbox 1215 1940 1385 1998; x_wconf 89' lang='lat' dir='ltr'>hominibus</span> <span class='ocrx_word' id='word_1_584' title='bbox 1410 1940 1484 1997; x_wconf 89' lang='lat' dir='ltr'>maie</span> <span class='ocrx_word' id='word_1_585' title='bbox 1509 1942 1618 1999; x_wconf 90' lang='lat' dir='ltr'>sedulis</span> <span class='ocrx_word' id='word_1_586' title='bbox 1648 1944 1719 2001; x_wconf 91' lang='lat' dir='ltr'>oiim</span> 
     </span>
     <span class='ocr_line' id='line_1_73' title="bbox 938 2026 1719 2107; baseline 0.009 -26"><span class='ocrx_word' id='word_1_587' title='bbox 938 2026 1069 2083; x_wconf 89' lang='lat' dir='ltr'>coniictae</span> <span class='ocrx_word' id='word_1_588' title='bbox 1082 2026 1229 2086; x_wconf 89' lang='lat' dir='ltr'>Oreiiiana</span> <span class='ocrx_word' id='word_1_589' title='bbox 1243 2029 1426 2106; x_wconf 87' lang='lat' dir='ltr'>potissimum</span> <span class='ocrx_word' id='word_1_590' title='bbox 1447 2027 1577 2087; x_wconf 90' lang='lat' dir='ltr'>editione</span> <span class='ocrx_word' id='word_1_591' title='bbox 1599 2029 1719 2107; x_wconf 73' lang='lat' dir='ltr'>(l6l&#39;ce-</span> 
     </span>
     <span class='ocr_line' id='line_1_74' title="bbox 938 2111 1502 2193; baseline 0.012 -23"><span class='ocrx_word' id='word_1_592' title='bbox 938 2111 1143 2193; x_wconf 83' lang='lat' dir='ltr'>lebrataesunt.</span> <span class='ocrx_word' id='word_1_593' title='bbox 1341 2184 1345 2190; x_wconf 28' lang='lat'><strong><em>¹</em></strong></span> <span class='ocrx_word' id='word_1_594' title='bbox 1497 2168 1502 2177; x_wconf 90' lang='lat'>.</span> 
     </span>
     <span class='ocr_line' id='line_1_75' title="bbox 978 2195 1718 2281; baseline 0.007 -23"><span class='ocrx_word' id='word_1_595' title='bbox 978 2199 1229 2270; x_wconf 89' lang='lat' dir='ltr'>Quemadmodum</span> <span class='ocrx_word' id='word_1_596' title='bbox 1251 2222 1322 2261; x_wconf 81' lang='lat' dir='ltr'>vero</span> <span class='ocrx_word' id='word_1_597' title='bbox 1342 2204 1393 2280; x_wconf 93' lang='lat' dir='ltr'>qui</span> <span class='ocrx_word' id='word_1_598' title='bbox 1414 2203 1450 2261; x_wconf 90' lang='lat' dir='ltr'>ad</span> <span class='ocrx_word' id='word_1_599' title='bbox 1472 2195 1594 2261; x_wconf 88' lang='lat' dir='ltr'>rationis</span> <span class='ocrx_word' id='word_1_600' title='bbox 1613 2204 1718 2281; x_wconf 90' lang='lat' dir='ltr'>Pytha·</span> 
     </span>
     <span class='ocr_line' id='line_1_76' title="bbox 938 2291 1721 2367; baseline 0.008 -21"><span class='ocrx_word' id='word_1_601' title='bbox 938 2308 1033 2365; x_wconf 86' lang='lat' dir='ltr'>goreae</span> <span class='ocrx_word' id='word_1_602' title='bbox 1043 2310 1173 2347; x_wconf 86' lang='lat' dir='ltr'>normam</span> <span class='ocrx_word' id='word_1_603' title='bbox 1186 2294 1275 2349; x_wconf 84' lang='lat' dir='ltr'>vitam</span> <span class='ocrx_word' id='word_1_604' title='bbox 1288 2291 1452 2367; x_wconf 82' lang='lat' dir='ltr'>dirigebant</span> <span class='ocrx_word' id='word_1_605' title='bbox 1463 2311 1494 2349; x_wconf 87' lang='lat' dir='ltr'>se</span> <span class='ocrx_word' id='word_1_606' title='bbox 1504 2310 1613 2366; x_wconf 90' lang='lat' dir='ltr'>suaque</span> <span class='ocrx_word' id='word_1_607' title='bbox 1622 2294 1721 2352; x_wconf 79' lang='lat' dir='ltr'>orinia</span> 
     </span>
     <span class='ocr_line' id='line_1_77' title="bbox 938 2378 1721 2455; baseline 0.005 -21"><span class='ocrx_word' id='word_1_608' title='bbox 938 2378 1110 2455; x_wconf 72' lang='lat' dir='ltr'>praeceptori</span> <span class='ocrx_word' id='word_1_609' title='bbox 1123 2378 1203 2435; x_wconf 83' lang='lat' dir='ltr'>reiut</span> <span class='ocrx_word' id='word_1_610' title='bbox 1217 2388 1417 2436; x_wconf 86' lang='lat' dir='ltr'>consecrantes</span> <span class='ocrx_word' id='word_1_611' title='bbox 1437 2380 1469 2435; x_wconf 90' lang='lat' dir='ltr'>in</span> <span class='ocrx_word' id='word_1_612' title='bbox 1491 2378 1633 2437; x_wconf 91' lang='lat' dir='ltr'>librorum</span> <span class='ocrx_word' id='word_1_613' title='bbox 1653 2398 1721 2438; x_wconf 91' lang='lat' dir='ltr'>suo·</span> 
     </span>
     <span class='ocr_line' id='line_1_78' title="bbox 938 2463 1718 2541; baseline 0.006 -20"><span class='ocrx_word' id='word_1_614' title='bbox 938 2484 1003 2523; x_wconf 90' lang='lat' dir='ltr'>rum</span> <span class='ocrx_word' id='word_1_615' title='bbox 1018 2463 1162 2523; x_wconf 80' lang='lat' dir='ltr'>frontibus</span> <span class='ocrx_word' id='word_1_616' title='bbox 1180 2464 1353 2541; x_wconf 76' lang='lat' dir='ltr'>Pythagorae</span> <span class='ocrx_word' id='word_1_617' title='bbox 1366 2484 1471 2523; x_wconf 89' lang='lat' dir='ltr'>nomen</span> <span class='ocrx_word' id='word_1_618' title='bbox 1492 2465 1691 2525; x_wconf 89' lang='lat' dir='ltr'>inscribebant</span> <span class='ocrx_word' id='word_1_619' title='bbox 1709 2486 1718 2527; x_wconf 79' lang='grc' dir='ltr'><strong>τ</strong></span> 
     </span>
     <span class='ocr_line' id='line_1_79' title="bbox 938 2552 1720 2631; baseline 0.004 -21"><span class='ocrx_word' id='word_1_620' title='bbox 938 2554 981 2611; x_wconf 89' lang='lat' dir='ltr'>sic</span> <span class='ocrx_word' id='word_1_621' title='bbox 994 2554 1109 2612; x_wconf 87' lang='lat' dir='ltr'>eosdem</span> <span class='ocrx_word' id='word_1_622' title='bbox 1132 2554 1243 2625; x_wconf 88' lang='lat' dir='ltr'>ierunt,</span> <span class='ocrx_word' id='word_1_623' title='bbox 1256 2554 1281 2611; x_wconf 90' lang='lat' dir='ltr'>si</span> <span class='ocrx_word' id='word_1_624' title='bbox 1306 2553 1376 2630; x_wconf 92' lang='lat' dir='ltr'>quid</span> <span class='ocrx_word' id='word_1_625' title='bbox 1397 2553 1429 2610; x_wconf 93' lang='lat' dir='ltr'>in</span> <span class='ocrx_word' id='word_1_626' title='bbox 1450 2552 1625 2631; x_wconf 88' lang='lat' dir='ltr'>disputando</span> <span class='ocrx_word' id='word_1_627' title='bbox 1648 2574 1720 2613; x_wconf 89' lang='lat' dir='ltr'>con·</span> 
     </span>
     <span class='ocr_line' id='line_1_80' title="bbox 939 2639 1721 2717; baseline 0.006 -22"><span class='ocrx_word' id='word_1_628' title='bbox 939 2639 1104 2709; x_wconf 91' lang='lat' dir='ltr'>tenderent,</span> <span class='ocrx_word' id='word_1_629' title='bbox 1120 2659 1209 2715; x_wconf 87' lang='lat' dir='ltr'>qutun</span> <span class='ocrx_word' id='word_1_630' title='bbox 1226 2659 1263 2696; x_wconf 82' lang='lat' dir='ltr'>ex</span> <span class='ocrx_word' id='word_1_631' title='bbox 1284 2641 1344 2698; x_wconf 90' lang='lat' dir='ltr'>iliis</span> <span class='ocrx_word' id='word_1_632' title='bbox 1365 2654 1556 2716; x_wconf 80' lang='lat' dir='ltr'>quaereretur,</span> <span class='ocrx_word' id='word_1_633' title='bbox 1570 2660 1661 2717; x_wconf 86' lang='lat' dir='ltr'>quare</span> <span class='ocrx_word' id='word_1_634' title='bbox 1680 2643 1721 2700; x_wconf 86' lang='lat' dir='ltr'>ita</span> 
     </span>
     <span class='ocr_line' id='line_1_81' title="bbox 938 2726 1720 2805; baseline 0.004 -21"><span class='ocrx_word' id='word_1_635' title='bbox 938 2740 1026 2798; x_wconf 89' lang='lat' dir='ltr'>esset,</span> <span class='ocrx_word' id='word_1_636' title='bbox 1038 2726 1212 2803; x_wconf 89' lang='lat' dir='ltr'>respondere</span> <span class='ocrx_word' id='word_1_637' title='bbox 1235 2728 1336 2785; x_wconf 90' lang='lat' dir='ltr'>soiitos</span> <span class='ocrx_word' id='word_1_638' title='bbox 1353 2750 1359 2783; x_wconf 92' lang='lat'>:</span> <span class='ocrx_word' id='word_1_639' title='bbox 1377 2727 1441 2803; x_wconf 88' lang='lat' dir='ltr'>ipse</span> <span class='ocrx_word' id='word_1_640' title='bbox 1462 2726 1538 2785; x_wconf 80' lang='lat' dir='ltr'>dixit</span> <span class='ocrx_word' id='word_1_641' title='bbox 1558 2730 1630 2804; x_wconf 74' lang='grc'>((7).</span> <span class='ocrx_word' id='word_1_642' title='bbox 1654 2728 1720 2805; x_wconf 86' lang='lat' dir='ltr'>ipse</span> 
     </span>
     <span class='ocr_line' id='line_1_82' title="bbox 937 2812 1720 2891; baseline 0.003 -20"><span class='ocrx_word' id='word_1_643' title='bbox 937 2827 1032 2871; x_wconf 89' lang='lat' dir='ltr'>autem</span> <span class='ocrx_word' id='word_1_644' title='bbox 1055 2826 1116 2871; x_wconf 88' lang='lat' dir='ltr'>erat</span> <span class='ocrx_word' id='word_1_645' title='bbox 1137 2812 1326 2889; x_wconf 85' lang='lat' dir='ltr'>Pythagoras.</span> <span class='ocrx_word' id='word_1_646' title='bbox 1341 2814 1467 2871; x_wconf 85' lang='lat' dir='ltr'>Tantum</span> <span class='ocrx_word' id='word_1_647' title='bbox 1487 2816 1589 2889; x_wconf 90' lang='lat' dir='ltr'>opinio</span> <span class='ocrx_word' id='word_1_648' title='bbox 1612 2815 1720 2891; x_wconf 88' lang='lat' dir='ltr'>praeju·</span> 
     </span>
     <span class='ocr_line' id='line_1_83' title="bbox 938 2901 1721 2979; baseline 0.005 -21"><span class='ocrx_word' id='word_1_649' title='bbox 938 2901 1031 2959; x_wconf 88' lang='lat' dir='ltr'>dicata</span> <span class='ocrx_word' id='word_1_650' title='bbox 1054 2913 1183 2979; x_wconf 89' lang='lat' dir='ltr'>poterat,</span> <span class='ocrx_word' id='word_1_651' title='bbox 1204 2914 1237 2957; x_wconf 87' lang='lat' dir='ltr'>ut</span> <span class='ocrx_word' id='word_1_652' title='bbox 1266 2901 1352 2958; x_wconf 89' lang='lat' dir='ltr'>etiam</span> <span class='ocrx_word' id='word_1_653' title='bbox 1382 2902 1446 2959; x_wconf 91' lang='lat' dir='ltr'>sine</span> <span class='ocrx_word' id='word_1_654' title='bbox 1471 2903 1586 2962; x_wconf 87' lang='lat' dir='ltr'>ratione</span> <span class='ocrx_word' id='word_1_655' title='bbox 1612 2902 1721 2962; x_wconf 84' lang='lat' dir='ltr'>valeret</span> 
     </span>
     <span class='ocr_line' id='line_1_84' title="bbox 938 2991 1719 3070; baseline 0.005 -22"><span class='ocrx_word' id='word_1_656' title='bbox 938 2991 1105 3048; x_wconf 84' lang='lat' dir='ltr'>auctoritas.</span> <span class='ocrx_word' id='word_1_657' title='bbox 1121 2991 1192 3060; x_wconf 82' lang='lat' dir='ltr'>Quae</span> <span class='ocrx_word' id='word_1_658' title='bbox 1206 3010 1251 3048; x_wconf 86' lang='lat' dir='ltr'>res</span> <span class='ocrx_word' id='word_1_659' title='bbox 1271 3010 1334 3052; x_wconf 89' lang='lat' dir='ltr'>eam</span> <span class='ocrx_word' id='word_1_660' title='bbox 1355 2992 1416 3048; x_wconf 80' lang='lat' dir='ltr'>rim</span> <span class='ocrx_word' id='word_1_661' title='bbox 1436 2991 1553 3065; x_wconf 90' lang='lat' dir='ltr'>habuit,</span> <span class='ocrx_word' id='word_1_662' title='bbox 1567 3005 1599 3050; x_wconf 89' lang='lat' dir='ltr'>nt</span> <span class='ocrx_word' id='word_1_663' title='bbox 1619 3013 1719 3070; x_wconf 85' lang='lat' dir='ltr'>prooe-</span> 
     </span>
     <span class='ocr_line' id='line_1_85' title="bbox 937 3077 1719 3156; baseline 0.004 -21"><span class='ocrx_word' id='word_1_664' title='bbox 937 3077 1023 3136; x_wconf 89' lang='lat' dir='ltr'>dente</span> <span class='ocrx_word' id='word_1_665' title='bbox 1042 3091 1173 3156; x_wconf 87' lang='lat' dir='ltr'>tempore</span> <span class='ocrx_word' id='word_1_666' title='bbox 1192 3079 1344 3156; x_wconf 88' lang='lat' dir='ltr'>paullatim</span> <span class='ocrx_word' id='word_1_667' title='bbox 1365 3080 1497 3154; x_wconf 82' lang='lat' dir='ltr'>magistri</span> <span class='ocrx_word' id='word_1_668' title='bbox 1520 3081 1635 3138; x_wconf 84' lang='lat' dir='ltr'>decreta</span> <span class='ocrx_word' id='word_1_669' title='bbox 1655 3101 1719 3138; x_wconf 90' lang='lat' dir='ltr'>cnm</span> 
     </span>
     <span class='ocr_line' id='line_1_86' title="bbox 937 3167 1720 3246; baseline 0.004 -22"><span class='ocrx_word' id='word_1_670' title='bbox 937 3167 1146 3244; x_wconf 87' lang='lat' dir='ltr'>discipulorum</span> <span class='ocrx_word' id='word_1_671' title='bbox 1170 3187 1202 3225; x_wconf 90' lang='lat' dir='ltr'>ac</span> <span class='ocrx_word' id='word_1_672' title='bbox 1227 3180 1400 3226; x_wconf 89' lang='lat' dir='ltr'>sectatorum</span> <span class='ocrx_word' id='word_1_673' title='bbox 1425 3168 1541 3246; x_wconf 86' lang='lat' dir='ltr'>placitis</span> <span class='ocrx_word' id='word_1_674' title='bbox 1562 3169 1720 3228; x_wconf 82' lang='lat' dir='ltr'>confunde·</span> 
     </span>
    </p>
   </div>
   <div class='ocr_carea' id='block_1_7' title="bbox 938 3335 1746 3610">
    <p class='ocr_par' dir='ltr' id='par_1_9' title="bbox 938 3335 1746 3610">
     <span class='ocr_line' id='line_1_87' title="bbox 939 3335 1720 3400; baseline 0.008 -19"><span class='ocrx_word' id='word_1_675' title='bbox 939 3336 981 3396; x_wconf 85' lang='grc' dir='ltr'>ὧν)</span> <span class='ocrx_word' id='word_1_676' title='bbox 1003 3337 1101 3397; x_wconf 72' lang='grc' dir='ltr'><strong>ἡάρχὴ·</strong></span> <span class='ocrx_word' id='word_1_677' title='bbox 1124 3338 1165 3392; x_wconf 82' lang='grc' dir='ltr'>Μὴ</span> <span class='ocrx_word' id='word_1_678' title='bbox 1188 3337 1281 3385; x_wconf 86' lang='grc' dir='ltr'><strong>όιναίδτυ</strong></span> <span class='ocrx_word' id='word_1_679' title='bbox 1301 3336 1355 3398; x_wconf 73' lang='lat' dir='ltr'>(leg.</span> <span class='ocrx_word' id='word_1_680' title='bbox 1374 3335 1505 3398; x_wconf 86' lang='grc' dir='ltr'><strong>άναιδτύου)</strong></span> <span class='ocrx_word' id='word_1_681' title='bbox 1526 3339 1615 3398; x_wconf 84' lang='grc' dir='ltr'><strong>μηδενί.</strong></span> <span class='ocrx_word' id='word_1_682' title='bbox 1631 3338 1720 3400; x_wconf 78' lang='grc' dir='ltr'>-(3θ)</span> 
     </span>
     <span class='ocr_line' id='line_1_88' title="bbox 938 3404 1719 3470; baseline 0.003 -16"><span class='ocrx_word' id='word_1_683' title='bbox 938 3407 1037 3454; x_wconf 78' lang='lat' dir='ltr'>&#39;i&#39;zeises</span> <span class='ocrx_word' id='word_1_684' title='bbox 1051 3404 1152 3455; x_wconf 84' lang='lat' dir='ltr'>cluliad.</span> <span class='ocrx_word' id='word_1_685' title='bbox 1166 3406 1207 3453; x_wconf 88' lang='lat' dir='ltr'>lib.</span> <span class='ocrx_word' id='word_1_686' title='bbox 1221 3409 1254 3464; x_wconf 86' lang='grc' dir='ltr'>ΙΙ,</span> <span class='ocrx_word' id='word_1_687' title='bbox 1267 3414 1297 3456; x_wconf 82' lang='lat'>55</span> <span class='ocrx_word' id='word_1_688' title='bbox 1316 3425 1323 3454; x_wconf 77' lang='lat' dir='ltr'>a</span> <span class='ocrx_word' id='word_1_689' title='bbox 1338 3408 1367 3454; x_wconf 82' lang='lat'>‘0</span> <span class='ocrx_word' id='word_1_690' title='bbox 1385 3407 1522 3470; x_wconf 76' lang='grc' dir='ltr'><strong>Πυθαγόρας</strong></span> <span class='ocrx_word' id='word_1_691' title='bbox 1533 3409 1572 3468; x_wconf 84' lang='grc' dir='ltr'>δέ,</span> <span class='ocrx_word' id='word_1_692' title='bbox 1586 3409 1635 3462; x_wconf 87' lang='grc' dir='ltr'><strong>υίδς</strong></span> <span class='ocrx_word' id='word_1_693' title='bbox 1653 3411 1719 3466; x_wconf 83' lang='grc' dir='ltr'><strong>Μνη-</strong></span> 
     </span>
     <span class='ocr_line' id='line_1_89' title="bbox 938 3475 1746 3540; baseline 0.001 -15"><span class='ocrx_word' id='word_1_694' title='bbox 938 3479 1029 3538; x_wconf 84' lang='grc' dir='ltr'><strong>σάρχου</strong></span> <span class='ocrx_word' id='word_1_695' title='bbox 1042 3481 1084 3524; x_wconf 81' lang='grc' dir='ltr'><strong>τοῦ</strong></span> <span class='ocrx_word' id='word_1_696' title='bbox 1097 3475 1199 3536; x_wconf 76' lang='grc' dir='ltr'><strong>Σαμίου,</strong></span> <span class='ocrx_word' id='word_1_697' title='bbox 1213 3478 1249 3524; x_wconf 81' lang='grc' dir='ltr'>Οὐ</span> <span class='ocrx_word' id='word_1_698' title='bbox 1262 3477 1331 3536; x_wconf 84' lang='grc' dir='ltr'><strong>μόνον</strong></span> <span class='ocrx_word' id='word_1_699' title='bbox 1347 3477 1505 3540; x_wconf 80' lang='grc' dir='ltr'><strong>προεγίνωσκε</strong></span> <span class='ocrx_word' id='word_1_700' title='bbox 1518 3479 1596 3533; x_wconf 84' lang='grc' dir='ltr'><strong>καλῶς</strong></span> <span class='ocrx_word' id='word_1_701' title='bbox 1610 3479 1678 3533; x_wconf 76' lang='grc' dir='ltr'><strong>αὐτός</strong></span> <span class='ocrx_word' id='word_1_702' title='bbox 1691 3478 1721 3528; x_wconf 82' lang='grc' dir='ltr'>τὰ</span> <span class='ocrx_word' id='word_1_703' title='bbox 1741 3503 1746 3510; x_wconf 92' lang='grc'><strong>-</strong></span> 
     </span>
     <span class='ocr_line' id='line_1_90' title="bbox 938 3545 1720 3610; baseline 0 -16"><span class='ocrx_word' id='word_1_704' title='bbox 938 3545 1027 3600; x_wconf 79' lang='grc' dir='ltr'><strong>πάντα,</strong></span> <span class='ocrx_word' id='word_1_705' title='bbox 1039 3545 1106 3593; x_wconf 83' lang='grc' dir='ltr'><strong>Ἀλλά</strong></span> <span class='ocrx_word' id='word_1_706' title='bbox 1122 3562 1149 3605; x_wconf 85' lang='grc' dir='ltr'>γε</span> <span class='ocrx_word' id='word_1_707' title='bbox 1169 3547 1209 3594; x_wconf 88' lang='grc' dir='ltr'>καὶ</span> <span class='ocrx_word' id='word_1_708' title='bbox 1227 3551 1276 3602; x_wconf 83' lang='grc' dir='ltr'><strong>τοῖς</strong></span> <span class='ocrx_word' id='word_1_709' title='bbox 1292 3547 1404 3610; x_wconf 74' lang='grc' dir='ltr'><strong>χρῄζουσι</strong></span> <span class='ocrx_word' id='word_1_710' title='bbox 1422 3548 1452 3594; x_wconf 88' lang='grc' dir='ltr'>τὰ</span> <span class='ocrx_word' id='word_1_711' title='bbox 1467 3548 1578 3607; x_wconf 80' lang='grc' dir='ltr'><strong>μελλοντα</strong></span> <span class='ocrx_word' id='word_1_712' title='bbox 1596 3548 1720 3606; x_wconf 74' lang='grc' dir='ltr'><strong>γινώσκειν</strong></span> 
     </span>
    </p>
   </div>
   <div class='ocr_carea' id='block_1_8' title="bbox 938 3615 1802 3683">
    <p class='ocr_par' dir='ltr' id='par_1_10' title="bbox 938 3615 1802 3683">
     <span class='ocr_line' id='line_1_91' title="bbox 938 3615 1802 3683; baseline -0.003 -15"><span class='ocrx_word' id='word_1_713' title='bbox 938 3617 1107 3683; x_wconf 84' lang='grc' dir='ltr'><strong>Προγνωστικά</strong></span> <span class='ocrx_word' id='word_1_714' title='bbox 1129 3618 1249 3679; x_wconf 79' lang='grc' dir='ltr'><strong>κατελειψε</strong></span> <span class='ocrx_word' id='word_1_715' title='bbox 1262 3616 1357 3679; x_wconf 84' lang='grc' dir='ltr'><strong>διάφορα</strong></span> <span class='ocrx_word' id='word_1_716' title='bbox 1372 3615 1458 3677; x_wconf 80' lang='grc' dir='ltr'><strong>βιόλία.</strong></span> <span class='ocrx_word' id='word_1_717' title='bbox 1469 3643 1499 3656; x_wconf 92' lang='lat'>-</span> <span class='ocrx_word' id='word_1_718' title='bbox 1514 3616 1566 3676; x_wconf 87' lang='grc'>(46)</span> <span class='ocrx_word' id='word_1_719' title='bbox 1580 3617 1680 3665; x_wconf 82' lang='lat' dir='ltr'>Procius</span> <span class='ocrx_word' id='word_1_720' title='bbox 1695 3617 1720 3666; x_wconf 87' lang='lat' dir='ltr'>itt</span> <span class='ocrx_word' id='word_1_721' title='bbox 1797 3625 1802 3636; x_wconf 89' lang='grc'><strong>’</strong></span> 
     </span>
    </p>
   </div>
   <div class='ocr_carea' id='block_1_9' title="bbox 938 3685 1720 3748">
    <p class='ocr_par' dir='ltr' id='par_1_11' title="bbox 938 3685 1720 3748">
     <span class='ocr_line' id='line_1_92' title="bbox 938 3685 1720 3748; baseline -0.003 -11"><span class='ocrx_word' id='word_1_722' title='bbox 938 3689 999 3737; x_wconf 87' lang='lat' dir='ltr'>Tim.</span> <span class='ocrx_word' id='word_1_723' title='bbox 1014 3701 1038 3748; x_wconf 86' lang='grc' dir='ltr'>ρ.</span> <span class='ocrx_word' id='word_1_724' title='bbox 1052 3691 1093 3737; x_wconf 86' lang='grc'>141</span> <span class='ocrx_word' id='word_1_725' title='bbox 1105 3689 1126 3734; x_wconf 89' lang='grc' dir='ltr'><strong>Π</strong></span> <span class='ocrx_word' id='word_1_726' title='bbox 1139 3701 1144 3728; x_wconf 85' lang='lat'>=</span> <span class='ocrx_word' id='word_1_727' title='bbox 1155 3687 1261 3748; x_wconf 82' lang='grc' dir='ltr'><strong>καὶπρὸς</strong></span> <span class='ocrx_word' id='word_1_728' title='bbox 1271 3685 1418 3745; x_wconf 82' lang='grc' dir='ltr'><strong>τούτοις,ότι</strong></span> <span class='ocrx_word' id='word_1_729' title='bbox 1428 3685 1595 3747; x_wconf 30' lang='grc' dir='ltr'><strong>τθνψδρθαλμθν</strong></span> <span class='ocrx_word' id='word_1_730' title='bbox 1607 3685 1720 3748; x_wconf 80' lang='grc' dir='ltr'><strong>ἀνάλογον</strong></span> 
     </span>
    </p>
   </div>
   <div class='ocr_carea' id='block_1_10' title="bbox 938 3754 1811 3820">
    <p class='ocr_par' dir='ltr' id='par_1_12' title="bbox 938 3754 1811 3820">
     <span class='ocr_line' id='line_1_93' title="bbox 938 3754 1811 3820; baseline 0 -14"><span class='ocrx_word' id='word_1_731' title='bbox 938 3759 997 3807; x_wconf 82' lang='grc' dir='ltr'><strong>εἶναι</strong></span> <span class='ocrx_word' id='word_1_732' title='bbox 1015 3761 1050 3819; x_wconf 87' lang='grc' dir='ltr'>τῷ</span> <span class='ocrx_word' id='word_1_733' title='bbox 1066 3759 1121 3820; x_wconf 83' lang='grc' dir='ltr'><strong>πυρὶ</strong></span> <span class='ocrx_word' id='word_1_734' title='bbox 1140 3757 1255 3805; x_wconf 87' lang='grc' dir='ltr'><strong>δείκνυσιν</strong></span> <span class='ocrx_word' id='word_1_735' title='bbox 1275 3759 1289 3804; x_wconf 90' lang='grc' dir='ltr'><strong>ό</strong></span> <span class='ocrx_word' id='word_1_736' title='bbox 1309 3754 1448 3817; x_wconf 81' lang='grc' dir='ltr'><strong>Πυθαγόρας</strong></span> <span class='ocrx_word' id='word_1_737' title='bbox 1463 3756 1487 3802; x_wconf 74' lang='lat' dir='ltr'>tv</span> <span class='ocrx_word' id='word_1_738' title='bbox 1506 3760 1541 3816; x_wconf 81' lang='grc' dir='ltr'>τῷ</span> <span class='ocrx_word' id='word_1_739' title='bbox 1558 3757 1615 3817; x_wconf 86' lang='grc' dir='ltr'><strong>πρὸς</strong></span> <span class='ocrx_word' id='word_1_740' title='bbox 1628 3757 1720 3817; x_wconf 79' lang='grc' dir='ltr'><strong>Ἀδαριν</strong></span> <span class='ocrx_word' id='word_1_741' title='bbox 1803 3797 1811 3814; x_wconf 85' lang='grc'><strong>.</strong></span> 
     </span>
    </p>
   </div>
   <div class='ocr_carea' id='block_1_11' title="bbox 937 3825 1722 5286">
    <p class='ocr_par' dir='ltr' id='par_1_13' title="bbox 937 3825 1722 5286">
     <span class='ocr_line' id='line_1_94' title="bbox 937 3825 1722 3891; baseline 0 -15"><span class='ocrx_word' id='word_1_742' title='bbox 937 3827 1049 3889; x_wconf 69' lang='grc' dir='ltr'><strong>λόγω-</strong></span> <span class='ocrx_word' id='word_1_743' title='bbox 1060 3827 1109 3889; x_wconf 87' lang='grc'>(41)</span> <span class='ocrx_word' id='word_1_744' title='bbox 1124 3827 1223 3874; x_wconf 85' lang='lat' dir='ltr'>Procius</span> <span class='ocrx_word' id='word_1_745' title='bbox 1239 3825 1264 3872; x_wconf 90' lang='lat' dir='ltr'>in</span> <span class='ocrx_word' id='word_1_746' title='bbox 1280 3825 1342 3873; x_wconf 80' lang='lat' dir='ltr'>Tim.</span> <span class='ocrx_word' id='word_1_747' title='bbox 1356 3837 1409 3885; x_wconf 82' lang='lat' dir='ltr'>pag.</span> <span class='ocrx_word' id='word_1_748' title='bbox 1428 3829 1473 3873; x_wconf 79' lang='grc'>169</span> <span class='ocrx_word' id='word_1_749' title='bbox 1490 3826 1509 3873; x_wconf 89' lang='lat' dir='ltr'>B</span> <span class='ocrx_word' id='word_1_750' title='bbox 1522 3842 1529 3872; x_wconf 74' lang='grc' dir='ltr'><strong>ι</strong></span> <span class='ocrx_word' id='word_1_751' title='bbox 1547 3825 1638 3888; x_wconf 80' lang='grc' dir='ltr'><strong>πρόεισι</strong></span> <span class='ocrx_word' id='word_1_752' title='bbox 1651 3827 1722 3891; x_wconf 85' lang='grc' dir='ltr'><strong>γὰρθ</strong></span> 
     </span>
     <span class='ocr_line' id='line_1_95' title="bbox 938 3893 1719 3958; baseline 0.003 -14"><span class='ocrx_word' id='word_1_753' title='bbox 938 3897 997 3952; x_wconf 85' lang='grc' dir='ltr'><strong>θεῖος</strong></span> <span class='ocrx_word' id='word_1_754' title='bbox 1011 3895 1120 3958; x_wconf 76' lang='grc' dir='ltr'><strong>ἀριθμός,</strong></span> <span class='ocrx_word' id='word_1_755' title='bbox 1135 3897 1167 3951; x_wconf 86' lang='grc' dir='ltr'>ὠς</span> <span class='ocrx_word' id='word_1_756' title='bbox 1181 3912 1249 3957; x_wconf 81' lang='grc' dir='ltr'><strong>φησιν</strong></span> <span class='ocrx_word' id='word_1_757' title='bbox 1263 3896 1277 3942; x_wconf 89' lang='grc' dir='ltr'>θ</span> <span class='ocrx_word' id='word_1_758' title='bbox 1290 3893 1447 3956; x_wconf 76' lang='grc' dir='ltr'><strong>Πυθαγόρειος</strong></span> <span class='ocrx_word' id='word_1_759' title='bbox 1462 3895 1494 3951; x_wconf 81' lang='grc' dir='ltr'>είς</span> <span class='ocrx_word' id='word_1_760' title='bbox 1505 3895 1576 3943; x_wconf 74' lang='grc' dir='ltr'><strong>αὐτὸν</strong></span> <span class='ocrx_word' id='word_1_761' title='bbox 1587 3896 1666 3957; x_wconf 79' lang='grc' dir='ltr'><strong>ὕμνος.</strong></span> <span class='ocrx_word' id='word_1_762' title='bbox 1682 3898 1719 3946; x_wconf 88' lang='lat' dir='ltr'>cl.</span> 
     </span>
     <span class='ocr_line' id='line_1_96' title="bbox 937 3964 1719 4027; baseline 0.001 -12"><span class='ocrx_word' id='word_1_763' title='bbox 937 3969 1033 4027; x_wconf 85' lang='lat' dir='ltr'>Fragm.</span> <span class='ocrx_word' id='word_1_764' title='bbox 1049 3966 1136 4015; x_wconf 85' lang='lat' dir='ltr'>Philus.</span> <span class='ocrx_word' id='word_1_765' title='bbox 1151 3965 1200 4013; x_wconf 85' lang='lat' dir='ltr'>roi.</span> <span class='ocrx_word' id='word_1_766' title='bbox 1211 3966 1223 4013; x_wconf 92' lang='lat'>1</span> <span class='ocrx_word' id='word_1_767' title='bbox 1236 3978 1288 4026; x_wconf 86' lang='lat' dir='ltr'>pag.</span> <span class='ocrx_word' id='word_1_768' title='bbox 1301 3970 1355 4013; x_wconf 81' lang='grc'>166.</span> <span class='ocrx_word' id='word_1_769' title='bbox 1364 3990 1395 4000; x_wconf 99' lang='grc'>-</span> <span class='ocrx_word' id='word_1_770' title='bbox 1406 3964 1454 4026; x_wconf 82' lang='grc'>(41)</span> <span class='ocrx_word' id='word_1_771' title='bbox 1465 3965 1572 4015; x_wconf 82' lang='lat' dir='ltr'>AEtianus</span> <span class='ocrx_word' id='word_1_772' title='bbox 1583 3967 1613 4014; x_wconf 88' lang='lat' dir='ltr'>de</span> <span class='ocrx_word' id='word_1_773' title='bbox 1624 3968 1719 4016; x_wconf 88' lang='lat' dir='ltr'>animal.</span> 
     </span>
     <span class='ocr_line' id='line_1_97' title="bbox 938 4033 1720 4098; baseline -0.001 -14"><span class='ocrx_word' id='word_1_774' title='bbox 938 4036 980 4084; x_wconf 90' lang='lat' dir='ltr'>lib.</span> <span class='ocrx_word' id='word_1_775' title='bbox 988 4037 1056 4085; x_wconf 86' lang='lat' dir='ltr'>xv11</span> <span class='ocrx_word' id='word_1_776' title='bbox 1063 4039 1137 4097; x_wconf 74' lang='grc' dir='ltr'><strong>σαμθ</strong></span> <span class='ocrx_word' id='word_1_777' title='bbox 1146 4054 1152 4085; x_wconf 88' lang='lat'>:</span> <span class='ocrx_word' id='word_1_778' title='bbox 1162 4035 1299 4096; x_wconf 84' lang='grc' dir='ltr'><strong>Πυθαγόρας</strong></span> <span class='ocrx_word' id='word_1_779' title='bbox 1306 4033 1333 4083; x_wconf 83' lang='grc' dir='ltr'>’ἐν</span> <span class='ocrx_word' id='word_1_780' title='bbox 1342 4039 1388 4090; x_wconf 83' lang='grc' dir='ltr'><strong>τοῖς</strong></span> <span class='ocrx_word' id='word_1_781' title='bbox 1397 4035 1449 4098; x_wconf 82' lang='grc' dir='ltr'><strong>περὶ</strong></span> <span class='ocrx_word' id='word_1_782' title='bbox 1459 4040 1499 4093; x_wconf 86' lang='grc' dir='ltr'>τῆς</span> <span class='ocrx_word' id='word_1_783' title='bbox 1508 4035 1600 4098; x_wconf 79' lang='grc' dir='ltr'><strong>ἐρυθρᾶς</strong></span> <span class='ocrx_word' id='word_1_784' title='bbox 1609 4036 1720 4094; x_wconf 76' lang='grc' dir='ltr'><strong>θαλάττης</strong></span> 
     </span>
     <span class='ocr_line' id='line_1_98' title="bbox 938 4105 1720 4170; baseline -0.004 -12"><span class='ocrx_word' id='word_1_785' title='bbox 938 4109 1000 4170; x_wconf 79' lang='grc' dir='ltr'><strong>λέγει</strong></span> <span class='ocrx_word' id='word_1_786' title='bbox 1012 4106 1070 4169; x_wconf 79' lang='grc' dir='ltr'><strong>ζῷόν</strong></span> <span class='ocrx_word' id='word_1_787' title='bbox 1081 4123 1103 4155; x_wconf 91' lang='grc' dir='ltr'><strong>τι</strong></span> <span class='ocrx_word' id='word_1_788' title='bbox 1115 4105 1218 4166; x_wconf 88' lang='grc' dir='ltr'><strong>γίνεσθαι</strong></span> <span class='ocrx_word' id='word_1_789' title='bbox 1230 4107 1280 4155; x_wconf 89' lang='grc' dir='ltr'><strong>κτλ.</strong></span> <span class='ocrx_word' id='word_1_790' title='bbox 1291 4105 1327 4155; x_wconf 81' lang='lat' dir='ltr'>(ii.</span> <span class='ocrx_word' id='word_1_791' title='bbox 1341 4118 1393 4166; x_wconf 81' lang='lat' dir='ltr'>sap.</span> <span class='ocrx_word' id='word_1_792' title='bbox 1408 4113 1423 4156; x_wconf 84' lang='grc'>9</span> <span class='ocrx_word' id='word_1_793' title='bbox 1440 4105 1515 4155; x_wconf 84' lang='lat' dir='ltr'>lin·</span> <span class='ocrx_word' id='word_1_794' title='bbox 1528 4106 1577 4168; x_wconf 87' lang='grc'>(43)</span> <span class='ocrx_word' id='word_1_795' title='bbox 1591 4107 1720 4155; x_wconf 78' lang='lat' dir='ltr'>hibenaeus</span> 
     </span>
     <span class='ocr_line' id='line_1_99' title="bbox 938 4174 1720 4239; baseline -0.006 -13"><span class='ocrx_word' id='word_1_796' title='bbox 938 4178 980 4226; x_wconf 89' lang='lat' dir='ltr'>lib.</span> <span class='ocrx_word' id='word_1_797' title='bbox 994 4180 1028 4227; x_wconf 80' lang='lat' dir='ltr'>tv</span> <span class='ocrx_word' id='word_1_798' title='bbox 1037 4191 1061 4238; x_wconf 89' lang='lat' dir='ltr'>p.</span> <span class='ocrx_word' id='word_1_799' title='bbox 1080 4180 1123 4225; x_wconf 83' lang='grc'>183</span> <span class='ocrx_word' id='word_1_800' title='bbox 1139 4177 1158 4224; x_wconf 85' lang='lat' dir='ltr'>F</span> <span class='ocrx_word' id='word_1_801' title='bbox 1170 4174 1323 4238; x_wconf 74' lang='grc' dir='ltr'><strong>ιΠυθαγόρας</strong></span> <span class='ocrx_word' id='word_1_802' title='bbox 1333 4176 1358 4224; x_wconf 81' lang='lat' dir='ltr'>tt</span> <span class='ocrx_word' id='word_1_803' title='bbox 1367 4176 1380 4223; x_wconf 86' lang='lat' dir='ltr'>t</span> <span class='ocrx_word' id='word_1_804' title='bbox 1389 4177 1508 4239; x_wconf 78' lang='grc' dir='ltr'><strong>γεγραφὼς</strong></span> <span class='ocrx_word' id='word_1_805' title='bbox 1517 4177 1568 4239; x_wconf 83' lang='grc' dir='ltr'><strong>περὶ</strong></span> <span class='ocrx_word' id='word_1_806' title='bbox 1577 4181 1618 4234; x_wconf 79' lang='grc' dir='ltr'><strong>τῆς</strong></span> <span class='ocrx_word' id='word_1_807' title='bbox 1627 4178 1720 4239; x_wconf 76' lang='grc' dir='ltr'><strong>ἐρυθρᾶς</strong></span> 
     </span>
     <span class='ocr_line' id='line_1_100' title="bbox 939 4245 1719 4306; baseline -0.004 -10"><span class='ocrx_word' id='word_1_808' title='bbox 939 4246 1055 4304; x_wconf 81' lang='grc' dir='ltr'><strong>θαλάσσης</strong></span> <span class='ocrx_word' id='word_1_809' title='bbox 1073 4245 1127 4299; x_wconf 85' lang='grc' dir='ltr'><strong>τοὺς</strong></span> <span class='ocrx_word' id='word_1_810' title='bbox 1145 4245 1311 4306; x_wconf 80' lang='grc' dir='ltr'><strong>Τρωγλοδύτας</strong></span> <span class='ocrx_word' id='word_1_811' title='bbox 1326 4246 1381 4304; x_wconf 85' lang='grc' dir='ltr'><strong>φησὶ</strong></span> <span class='ocrx_word' id='word_1_812' title='bbox 1400 4246 1580 4300; x_wconf 70' lang='grc' dir='ltr'><strong>κατασκευάζειν</strong></span> <span class='ocrx_word' id='word_1_813' title='bbox 1599 4245 1640 4302; x_wconf 77' lang='grc' dir='ltr'>την</span> <span class='ocrx_word' id='word_1_814' title='bbox 1661 4262 1719 4293; x_wconf 85' lang='grc' dir='ltr'><strong>παν·</strong></span> 
     </span>
     <span class='ocr_line' id='line_1_101' title="bbox 938 4312 1718 4378; baseline -0.003 -12"><span class='ocrx_word' id='word_1_815' title='bbox 938 4317 1021 4378; x_wconf 83' lang='grc' dir='ltr'><strong>δούραν</strong></span> <span class='ocrx_word' id='word_1_816' title='bbox 1040 4317 1068 4364; x_wconf 87' lang='grc' dir='ltr'>ἐκ</span> <span class='ocrx_word' id='word_1_817' title='bbox 1080 4321 1121 4372; x_wconf 87' lang='grc' dir='ltr'>τῆς</span> <span class='ocrx_word' id='word_1_818' title='bbox 1132 4316 1156 4363; x_wconf 87' lang='grc' dir='ltr'>ἐν</span> <span class='ocrx_word' id='word_1_819' title='bbox 1168 4320 1196 4377; x_wconf 82' lang='grc' dir='ltr'>τῇ</span> <span class='ocrx_word' id='word_1_820' title='bbox 1210 4314 1315 4374; x_wconf 83' lang='grc' dir='ltr'><strong>θαλάσση</strong></span> <span class='ocrx_word' id='word_1_821' title='bbox 1328 4315 1440 4377; x_wconf 64' lang='grc' dir='ltr'><strong>φυομένης</strong></span> <span class='ocrx_word' id='word_1_822' title='bbox 1457 4317 1549 4374; x_wconf 78' lang='grc' dir='ltr'><strong>δάφνης.</strong></span> <span class='ocrx_word' id='word_1_823' title='bbox 1562 4312 1718 4364; x_wconf 72' lang='grc'>1611611111</span> 
     </span>
     <span class='ocr_line' id='line_1_102' title="bbox 939 4382 1719 4447; baseline -0.004 -14"><span class='ocrx_word' id='word_1_824' title='bbox 939 4400 963 4447; x_wconf 87' lang='grc' dir='ltr'>ρ.</span> <span class='ocrx_word' id='word_1_825' title='bbox 974 4390 1020 4436; x_wconf 80' lang='grc'>634</span> <span class='ocrx_word' id='word_1_826' title='bbox 1030 4390 1065 4435; x_wconf 74' lang='lat' dir='ltr'>t:</span> <span class='ocrx_word' id='word_1_827' title='bbox 1078 4385 1136 4446; x_wconf 87' lang='grc' dir='ltr'><strong>μετὰ</strong></span> <span class='ocrx_word' id='word_1_828' title='bbox 1147 4385 1171 4432; x_wconf 82' lang='grc' dir='ltr'>δὲ</span> <span class='ocrx_word' id='word_1_829' title='bbox 1183 4389 1256 4432; x_wconf 80' lang='grc' dir='ltr'><strong>ταῦτα</strong></span> <span class='ocrx_word' id='word_1_830' title='bbox 1263 4384 1381 4442; x_wconf 75' lang='grc' dir='ltr'><strong>ζητήσεως</strong></span> <span class='ocrx_word' id='word_1_831' title='bbox 1390 4386 1513 4444; x_wconf 80' lang='grc' dir='ltr'><strong>γενομένης</strong></span> <span class='ocrx_word' id='word_1_832' title='bbox 1519 4385 1571 4445; x_wconf 84' lang='grc' dir='ltr'><strong>περὶ</strong></span> <span class='ocrx_word' id='word_1_833' title='bbox 1580 4382 1719 4444; x_wconf 75' lang='grc' dir='ltr'><strong>σαμΰύκης,</strong></span> 
     </span>
     <span class='ocr_line' id='line_1_103' title="bbox 939 4451 1719 4516; baseline -0.004 -12"><span class='ocrx_word' id='word_1_834' title='bbox 939 4455 981 4516; x_wconf 70' lang='grc' dir='ltr'>ἔφη</span> <span class='ocrx_word' id='word_1_835' title='bbox 1004 4456 1017 4503; x_wconf 90' lang='grc' dir='ltr'><strong>ό</strong></span> <span class='ocrx_word' id='word_1_836' title='bbox 1037 4455 1171 4516; x_wconf 80' lang='grc' dir='ltr'><strong>Μασούριος</strong></span> <span class='ocrx_word' id='word_1_837' title='bbox 1193 4453 1331 4516; x_wconf 81' lang='grc' dir='ltr'><strong>δίύφθογγον</strong></span> <span class='ocrx_word' id='word_1_838' title='bbox 1354 4453 1411 4501; x_wconf 84' lang='grc' dir='ltr'><strong>εἶναι</strong></span> <span class='ocrx_word' id='word_1_839' title='bbox 1433 4453 1545 4512; x_wconf 85' lang='grc' dir='ltr'><strong>μουσικόν</strong></span> <span class='ocrx_word' id='word_1_840' title='bbox 1566 4451 1663 4512; x_wconf 87' lang='grc' dir='ltr'><strong>όργανον</strong></span> <span class='ocrx_word' id='word_1_841' title='bbox 1677 4453 1719 4512; x_wconf 77' lang='grc' dir='ltr'>τήν</span> 
     </span>
     <span class='ocr_line' id='line_1_104' title="bbox 939 4522 1720 4587; baseline -0.005 -13"><span class='ocrx_word' id='word_1_842' title='bbox 939 4526 1072 4586; x_wconf 79' lang='grc' dir='ltr'><strong>σαμόύκην,</strong></span> <span class='ocrx_word' id='word_1_843' title='bbox 1085 4525 1208 4587; x_wconf 82' lang='grc' dir='ltr'><strong>διειλέχθαι</strong></span> <span class='ocrx_word' id='word_1_844' title='bbox 1218 4541 1244 4572; x_wconf 88' lang='grc' dir='ltr'><strong>τε</strong></span> <span class='ocrx_word' id='word_1_845' title='bbox 1257 4525 1310 4585; x_wconf 74' lang='grc' dir='ltr'><strong>περὶ</strong></span> <span class='ocrx_word' id='word_1_846' title='bbox 1322 4524 1394 4571; x_wconf 77' lang='grc' dir='ltr'><strong>αὐτοῦ</strong></span> <span class='ocrx_word' id='word_1_847' title='bbox 1408 4522 1544 4583; x_wconf 78' lang='grc' dir='ltr'><strong>Εὐφορίωνα</strong></span> <span class='ocrx_word' id='word_1_848' title='bbox 1555 4524 1594 4570; x_wconf 80' lang='grc' dir='ltr'><strong>τόν</strong></span> <span class='ocrx_word' id='word_1_849' title='bbox 1609 4523 1720 4573; x_wconf 84' lang='grc' dir='ltr'><strong>ἐποποιόν</strong></span> 
     </span>
     <span class='ocr_line' id='line_1_105' title="bbox 939 4590 1720 4656; baseline -0.004 -12"><span class='ocrx_word' id='word_1_850' title='bbox 939 4595 963 4644; x_wconf 74' lang='grc' dir='ltr'>ἐν</span> <span class='ocrx_word' id='word_1_851' title='bbox 974 4599 1008 4655; x_wconf 89' lang='grc' dir='ltr'>τῷ</span> <span class='ocrx_word' id='word_1_852' title='bbox 1017 4595 1069 4656; x_wconf 86' lang='grc' dir='ltr'><strong>περὶ</strong></span> <span class='ocrx_word' id='word_1_853' title='bbox 1078 4592 1195 4655; x_wconf 81' lang='grc' dir='ltr'><strong>Ἰσθμίων,</strong></span> <span class='ocrx_word' id='word_1_854' title='bbox 1208 4596 1306 4656; x_wconf 83' lang='grc' dir='ltr'><strong>χρῆσθαι</strong></span> <span class='ocrx_word' id='word_1_855' title='bbox 1318 4593 1392 4653; x_wconf 80' lang='grc' dir='ltr'><strong>φήσας</strong></span> <span class='ocrx_word' id='word_1_856' title='bbox 1407 4592 1471 4652; x_wconf 79' lang='grc' dir='ltr'><strong>αὐτῷ</strong></span> <span class='ocrx_word' id='word_1_857' title='bbox 1485 4590 1588 4653; x_wconf 82' lang='grc' dir='ltr'><strong>Πάρθους</strong></span> <span class='ocrx_word' id='word_1_858' title='bbox 1601 4593 1641 4640; x_wconf 77' lang='grc' dir='ltr'>καί</span> <span class='ocrx_word' id='word_1_859' title='bbox 1654 4595 1720 4656; x_wconf 87' lang='grc' dir='ltr'><strong>Τμω-</strong></span> 
     </span>
     <span class='ocr_line' id='line_1_106' title="bbox 939 4662 1720 4727; baseline -0.003 -13"><span class='ocrx_word' id='word_1_860' title='bbox 939 4666 1063 4726; x_wconf 88' lang='grc' dir='ltr'><strong>γλοδύτας,</strong></span> <span class='ocrx_word' id='word_1_861' title='bbox 1077 4665 1222 4727; x_wconf 85' lang='grc' dir='ltr'><strong>τετραχόρδῳ</strong></span> <span class='ocrx_word' id='word_1_862' title='bbox 1232 4665 1292 4712; x_wconf 85' lang='grc' dir='ltr'><strong>ὄντι·</strong></span> <span class='ocrx_word' id='word_1_863' title='bbox 1304 4666 1402 4724; x_wconf 87' lang='grc' dir='ltr'><strong>ίστορεῖν</strong></span> <span class='ocrx_word' id='word_1_864' title='bbox 1416 4662 1441 4710; x_wconf 84' lang='grc' dir='ltr'>δὲ</span> <span class='ocrx_word' id='word_1_865' title='bbox 1455 4666 1524 4709; x_wconf 83' lang='grc' dir='ltr'><strong>τοῦτο</strong></span> <span class='ocrx_word' id='word_1_866' title='bbox 1543 4662 1682 4725; x_wconf 84' lang='grc' dir='ltr'><strong>Πυθαγόραν</strong></span> <span class='ocrx_word' id='word_1_867' title='bbox 1696 4665 1720 4712; x_wconf 73' lang='grc' dir='ltr'>ἐν</span> 
     </span>
     <span class='ocr_line' id='line_1_107' title="bbox 939 4733 1718 4799; baseline 0.005 -17"><span class='ocrx_word' id='word_1_868' title='bbox 939 4741 974 4798; x_wconf 84' lang='grc' dir='ltr'>τῷ</span> <span class='ocrx_word' id='word_1_869' title='bbox 982 4737 1033 4799; x_wconf 88' lang='grc' dir='ltr'><strong>περὶ</strong></span> <span class='ocrx_word' id='word_1_870' title='bbox 1041 4742 1081 4793; x_wconf 86' lang='grc' dir='ltr'>τῆς</span> <span class='ocrx_word' id='word_1_871' title='bbox 1093 4737 1184 4798; x_wconf 73' lang='grc' dir='ltr'><strong>ἐρυθρᾶς</strong></span> <span class='ocrx_word' id='word_1_872' title='bbox 1198 4737 1322 4792; x_wconf 67' lang='grc' dir='ltr'><strong>θαλάσσας·</strong></span> <span class='ocrx_word' id='word_1_873' title='bbox 1330 4761 1362 4774; x_wconf 91' lang='grc'>·-</span> <span class='ocrx_word' id='word_1_874' title='bbox 1370 4734 1419 4794; x_wconf 88' lang='grc'>(44)</span> <span class='ocrx_word' id='word_1_875' title='bbox 1428 4733 1526 4782; x_wconf 82' lang='lat' dir='ltr'>iiaiaisa</span> <span class='ocrx_word' id='word_1_876' title='bbox 1533 4735 1665 4796; x_wconf 80' lang='lat' dir='ltr'>chronogr.</span> <span class='ocrx_word' id='word_1_877' title='bbox 1677 4736 1718 4786; x_wconf 89' lang='lat' dir='ltr'>lib.</span> 
     </span>
     <span class='ocr_line' id='line_1_108' title="bbox 940 4804 1720 4869; baseline 0.001 -15"><span class='ocrx_word' id='word_1_878' title='bbox 940 4809 973 4855; x_wconf 85' lang='lat' dir='ltr'>vl</span> <span class='ocrx_word' id='word_1_879' title='bbox 984 4821 1008 4869; x_wconf 89' lang='lat' dir='ltr'>p.</span> <span class='ocrx_word' id='word_1_880' title='bbox 1023 4815 1065 4858; x_wconf 83' lang='grc'>158</span> <span class='ocrx_word' id='word_1_881' title='bbox 1072 4807 1109 4857; x_wconf 82' lang='lat' dir='ltr'>ed.</span> <span class='ocrx_word' id='word_1_882' title='bbox 1121 4809 1197 4857; x_wconf 88' lang='lat' dir='ltr'>Bonn.</span> <span class='ocrx_word' id='word_1_883' title='bbox 1208 4826 1214 4854; x_wconf 93' lang='lat'><strong>:</strong></span> <span class='ocrx_word' id='word_1_884' title='bbox 1227 4807 1278 4869; x_wconf 87' lang='grc' dir='ltr'><strong>περὶ</strong></span> <span class='ocrx_word' id='word_1_885' title='bbox 1288 4805 1316 4853; x_wconf 82' lang='grc' dir='ltr'><strong>οὗ</strong></span> <span class='ocrx_word' id='word_1_886' title='bbox 1326 4804 1428 4865; x_wconf 79' lang='grc' dir='ltr'><strong>πολέμου</strong></span> <span class='ocrx_word' id='word_1_887' title='bbox 1438 4805 1562 4868; x_wconf 81' lang='grc' dir='ltr'><strong>Κύρουκαὶ</strong></span> <span class='ocrx_word' id='word_1_888' title='bbox 1570 4809 1617 4855; x_wconf 88' lang='grc' dir='ltr'>τῶν</span> <span class='ocrx_word' id='word_1_889' title='bbox 1627 4807 1720 4869; x_wconf 79' lang='grc' dir='ltr'><strong>Σαμίων</strong></span> 
     </span>
     <span class='ocr_line' id='line_1_109' title="bbox 940 4876 1719 4939; baseline 0.003 -15"><span class='ocrx_word' id='word_1_890' title='bbox 940 4878 1099 4939; x_wconf 75' lang='grc' dir='ltr'><strong>δσοφιόιατος</strong></span> <span class='ocrx_word' id='word_1_891' title='bbox 1118 4876 1252 4938; x_wconf 85' lang='grc' dir='ltr'><strong>Πυθαγόρας</strong></span> <span class='ocrx_word' id='word_1_892' title='bbox 1272 4877 1286 4924; x_wconf 89' lang='grc' dir='ltr'><strong>ό</strong></span> <span class='ocrx_word' id='word_1_893' title='bbox 1304 4876 1391 4935; x_wconf 83' lang='grc' dir='ltr'><strong>Σάμιος</strong></span> <span class='ocrx_word' id='word_1_894' title='bbox 1410 4877 1584 4939; x_wconf 79' lang='grc' dir='ltr'><strong>συνεγράψατο,</strong></span> <span class='ocrx_word' id='word_1_895' title='bbox 1598 4877 1662 4934; x_wconf 88' lang='grc' dir='ltr'><strong>όστις</strong></span> <span class='ocrx_word' id='word_1_896' title='bbox 1680 4881 1719 4927; x_wconf 86' lang='grc' dir='ltr'>καὶ</span> 
     </span>
     <span class='ocr_line' id='line_1_110' title="bbox 939 4944 1720 5007; baseline 0.001 -11"><span class='ocrx_word' id='word_1_897' title='bbox 939 4947 1003 4996; x_wconf 77' lang='grc' dir='ltr'><strong>εἶπεν</strong></span> <span class='ocrx_word' id='word_1_898' title='bbox 1013 4947 1081 4994; x_wconf 79' lang='grc' dir='ltr'><strong>αὐτὸν</strong></span> <span class='ocrx_word' id='word_1_899' title='bbox 1094 4949 1170 5007; x_wconf 81' lang='grc' dir='ltr'><strong>Κῦρον</strong></span> <span class='ocrx_word' id='word_1_900' title='bbox 1181 4944 1286 4993; x_wconf 86' lang='grc' dir='ltr'><strong>τεθνάναι</strong></span> <span class='ocrx_word' id='word_1_901' title='bbox 1307 4945 1338 4999; x_wconf 85' lang='grc' dir='ltr'>είς</span> <span class='ocrx_word' id='word_1_902' title='bbox 1359 4945 1399 4993; x_wconf 88' lang='grc' dir='ltr'><strong>τόν</strong></span> <span class='ocrx_word' id='word_1_903' title='bbox 1416 4945 1526 5007; x_wconf 87' lang='grc' dir='ltr'><strong>πόλεμον.</strong></span> <span class='ocrx_word' id='word_1_904' title='bbox 1539 4947 1575 4996; x_wconf 83' lang='lat' dir='ltr'>Gi.</span> <span class='ocrx_word' id='word_1_905' title='bbox 1597 4947 1720 4997; x_wconf 82' lang='lat' dir='ltr'>Cedrenut</span> 
     </span>
     <span class='ocr_line' id='line_1_111' title="bbox 939 5013 1718 5078; baseline -0.005 -12"><span class='ocrx_word' id='word_1_906' title='bbox 939 5029 964 5078; x_wconf 87' lang='lat' dir='ltr'>p.</span> <span class='ocrx_word' id='word_1_907' title='bbox 981 5023 1033 5066; x_wconf 81' lang='lat' dir='ltr'>tas.</span> <span class='ocrx_word' id='word_1_908' title='bbox 1043 5045 1075 5058; x_wconf 94' lang='lat'>-</span> <span class='ocrx_word' id='word_1_909' title='bbox 1084 5015 1132 5078; x_wconf 84' lang='grc'>(45)</span> <span class='ocrx_word' id='word_1_910' title='bbox 1150 5015 1205 5062; x_wconf 82' lang='lat' dir='ltr'>viu.</span> <span class='ocrx_word' id='word_1_911' title='bbox 1218 5013 1310 5062; x_wconf 85' lang='lat' dir='ltr'>Fabric.</span> <span class='ocrx_word' id='word_1_912' title='bbox 1324 5014 1382 5063; x_wconf 79' lang='lat' dir='ltr'>itibi.</span> <span class='ocrx_word' id='word_1_913' title='bbox 1393 5016 1472 5063; x_wconf 76' lang='lat' dir='ltr'>Grac.</span> <span class='ocrx_word' id='word_1_914' title='bbox 1485 5015 1533 5063; x_wconf 87' lang='lat' dir='ltr'>roi.</span> <span class='ocrx_word' id='word_1_915' title='bbox 1547 5019 1556 5063; x_wconf 91' lang='lat' dir='ltr'>l</span> <span class='ocrx_word' id='word_1_916' title='bbox 1569 5029 1593 5076; x_wconf 91' lang='lat' dir='ltr'>p.</span> <span class='ocrx_word' id='word_1_917' title='bbox 1608 5019 1653 5064; x_wconf 77' lang='lat'>790</span> <span class='ocrx_word' id='word_1_918' title='bbox 1667 5028 1718 5077; x_wconf 74' lang='lat' dir='ltr'>seq.</span> 
     </span>
     <span class='ocr_line' id='line_1_112' title="bbox 939 5085 1719 5146; baseline -0.001 -12"><span class='ocrx_word' id='word_1_919' title='bbox 939 5086 977 5135; x_wconf 88' lang='lat' dir='ltr'>cd.</span> <span class='ocrx_word' id='word_1_920' title='bbox 992 5087 1095 5136; x_wconf 68' lang='grc'>111111..-</span> <span class='ocrx_word' id='word_1_921' title='bbox 1108 5085 1157 5146; x_wconf 90' lang='grc'>(46)</span> <span class='ocrx_word' id='word_1_922' title='bbox 1168 5085 1275 5134; x_wconf 87' lang='lat' dir='ltr'>Socratis</span> <span class='ocrx_word' id='word_1_923' title='bbox 1291 5086 1316 5133; x_wconf 90' lang='lat' dir='ltr'>et</span> <span class='ocrx_word' id='word_1_924' title='bbox 1333 5085 1523 5144; x_wconf 87' lang='lat' dir='ltr'>Socraticorum,</span> <span class='ocrx_word' id='word_1_925' title='bbox 1536 5085 1677 5146; x_wconf 70' lang='lat' dir='ltr'>Pythagora</span> <span class='ocrx_word' id='word_1_926' title='bbox 1695 5089 1719 5133; x_wconf 89' lang='lat' dir='ltr'>et</span> 
     </span>
     <span class='ocr_line' id='line_1_113' title="bbox 940 5151 1718 5216; baseline -0.003 -13"><span class='ocrx_word' id='word_1_927' title='bbox 940 5155 1143 5216; x_wconf 79' lang='lat' dir='ltr'>Pythagoreorum</span> <span class='ocrx_word' id='word_1_928' title='bbox 1155 5167 1210 5214; x_wconf 80' lang='lat' dir='ltr'>quta</span> <span class='ocrx_word' id='word_1_929' title='bbox 1223 5154 1331 5203; x_wconf 80' lang='lat' dir='ltr'>teruntur</span> <span class='ocrx_word' id='word_1_930' title='bbox 1342 5151 1450 5215; x_wconf 77' lang='lat' dir='ltr'>epistota</span> <span class='ocrx_word' id='word_1_931' title='bbox 1461 5156 1500 5204; x_wconf 90' lang='lat' dir='ltr'>ed.</span> <span class='ocrx_word' id='word_1_932' title='bbox 1513 5155 1614 5204; x_wconf 87' lang='lat' dir='ltr'>Orellius</span> <span class='ocrx_word' id='word_1_933' title='bbox 1632 5153 1718 5215; x_wconf 73' lang='lat' dir='ltr'>Lipsiae</span> 
     </span>
     <span class='ocr_line' id='line_1_114' title="bbox 943 5223 1718 5286; baseline -0.001 -13"><span class='ocrx_word' id='word_1_934' title='bbox 943 5229 1011 5276; x_wconf 82' lang='grc'>11116.</span> <span class='ocrx_word' id='word_1_935' title='bbox 1018 5250 1050 5260; x_wconf 88' lang='grc'>-</span> <span class='ocrx_word' id='word_1_936' title='bbox 1057 5223 1106 5286; x_wconf 84' lang='grc'>(47)</span> <span class='ocrx_word' id='word_1_937' title='bbox 1116 5226 1199 5273; x_wconf 80' lang='lat' dir='ltr'>Cicero</span> <span class='ocrx_word' id='word_1_938' title='bbox 1209 5224 1239 5274; x_wconf 90' lang='lat' dir='ltr'>de</span> <span class='ocrx_word' id='word_1_939' title='bbox 1251 5228 1301 5274; x_wconf 87' lang='lat' dir='ltr'>nai.</span> <span class='ocrx_word' id='word_1_940' title='bbox 1310 5224 1374 5272; x_wconf 89' lang='lat' dir='ltr'>deor.</span> <span class='ocrx_word' id='word_1_941' title='bbox 1384 5225 1425 5273; x_wconf 86' lang='lat' dir='ltr'>lib.</span> <span class='ocrx_word' id='word_1_942' title='bbox 1436 5228 1456 5283; x_wconf 93' lang='lat' dir='ltr'>I,</span> <span class='ocrx_word' id='word_1_943' title='bbox 1467 5233 1490 5274; x_wconf 85' lang='grc'>6.</span> <span class='ocrx_word' id='word_1_944' title='bbox 1501 5225 1610 5274; x_wconf 83' lang='lat' dir='ltr'>Clemens</span> <span class='ocrx_word' id='word_1_945' title='bbox 1620 5225 1718 5273; x_wconf 79' lang='lat' dir='ltr'>Alexan·</span> 
     </span>
    </p>
   </div>
   <div class='ocr_carea' id='block_1_12' title="bbox 941 5293 1718 5357">
    <p class='ocr_par' dir='ltr' id='par_1_14' title="bbox 941 5293 1718 5357">
     <span class='ocr_line' id='line_1_115' title="bbox 941 5293 1718 5357; baseline -0.008 -12"><span class='ocrx_word' id='word_1_946' title='bbox 941 5296 1025 5345; x_wconf 74' lang='lat' dir='ltr'>lirinus</span> <span class='ocrx_word' id='word_1_947' title='bbox 1037 5297 1125 5344; x_wconf 82' lang='lat' dir='ltr'>Situm.</span> <span class='ocrx_word' id='word_1_948' title='bbox 1144 5293 1186 5343; x_wconf 82' lang='lat' dir='ltr'>tib.</span> <span class='ocrx_word' id='word_1_949' title='bbox 1199 5296 1224 5344; x_wconf 91' lang='lat'>11</span> <span class='ocrx_word' id='word_1_950' title='bbox 1236 5307 1260 5357; x_wconf 85' lang='lat' dir='ltr'>p.</span> <span class='ocrx_word' id='word_1_951' title='bbox 1276 5297 1320 5344; x_wconf 80' lang='lat'>159</span> <span class='ocrx_word' id='word_1_952' title='bbox 1330 5312 1338 5345; x_wconf 79' lang='lat' dir='ltr'>t</span> <span class='ocrx_word' id='word_1_953' title='bbox 1348 5293 1435 5343; x_wconf 82' lang='grc' dir='ltr'><strong>ότοπον</strong></span> <span class='ocrx_word' id='word_1_954' title='bbox 1453 5297 1507 5350; x_wconf 84' lang='grc' dir='ltr'><strong>τοὺς</strong></span> <span class='ocrx_word' id='word_1_955' title='bbox 1523 5293 1564 5356; x_wconf 76' lang='grc' dir='ltr'><strong>μὲν</strong></span> <span class='ocrx_word' id='word_1_956' title='bbox 1581 5293 1718 5354; x_wconf 85' lang='grc' dir='ltr'><strong>Πυθαγόρου</strong></span> 
     </span>
    </p>
   </div>
   <div class='ocr_carea' id='block_1_13' title="bbox 0 0 1987 5925">
    <p class='ocr_par' dir='ltr' id='par_1_15' title="bbox 0 0 1987 5925">
     <span class='ocr_line' id='line_1_116' title="bbox 0 0 1987 5925; baseline 0 0"><span class='ocrx_word' id='word_1_957' title='bbox 0 0 1987 5925; x_wconf 95' lang='lat' dir='ltr'> </span> 
     </span>
    </p>
   </div>
  </div>
 </body>
</html>
