3959 5925
683 435 872 497 DIOGENIS
894 437 1152 500 FRAGMENTA.

163 566 213 627 ani.
238 566 424 645 Προσεοικέναι
438 566 488 647 έρη
502 567 594 624 ἑαυτὸν
616 568 669 633 τοῖς
689 566 749 625 κυσί
770 567 822 632 τοῖς
845 568 904 626 Λά-

118 681 200 718 κωσι·
219 656 263 713 καί
278 655 329 734 γὰρ
343 654 463 731 τούτους,
480 654 540 712 ὅταν
556 660 652 714 στῶσιν
667 659 702 720 είς
719 654 765 718 τὰς
785 656 903 732 πανηγύ-

121 768 187 824 ρεις,
200 741 309 809 πολλοὺς
323 742 369 816 μέν
383 735 448 800 εἶναι
462 743 521 809 τοὺς
539 742 740 823 καταψήχοντας
755 744 801 800 καὶ
820 767 902 823 προσ-

118 833 275 901 παίζοντας,
305 830 404 905 μηδένα
431 832 457 889 δέ
483 833 604 889 ὠνεῖσθαι
626 830 720 911 ῥᾳδίως
745 830 788 889 td
809 830 837 888 τὸ
865 829 903 908 μὴ

117 918 277 976 ἐπίστασθαι
291 921 417 996 χρῆσθαι.

161 1008 231 1083 (Ilio
259 1005 484 1081 chrysostomus
502 1015 582 1064 orat.
606 1005 689 1078 VIII,
716 1027 745 1083 p.
773 1027 831 1082 279
855 1006 902 1065 ed.

119 1095 225 1167 IIeIsIt.)

161 1203 212 1243 τοι,
235 1179 332 1260 Ἔλεγε
356 1179 382 1238 δέ
409 1180 594 1254 ἐπισκώπτων,
608 1181 648 1239 ὅτι
673 1184 752 1260 ὀρθῶς
776 1181 904 1253 ἐπιπλήτ-

117 1295 189 1329 rotro
202 1269 232 1328 τὸ
246 1275 290 1327 τοῦ
306 1270 395 1335 κυνός·
410 1268 464 1342 (διδ
480 1269 530 1348 γάρ
554 1270 725 1349 χαλεπότητα
747 1269 792 1328 καί
807 1269 835 1328 τὸ
850 1279 904 1328 λοι-

117 1362 248 1438 δορεῖσθαι
272 1358 338 1417 κύνα
366 1359 443 1416 αὐτὸν
469 1358 640 1435 ἀπεκάλουν)
664 1352 722 1425 τοθς
749 1358 800 1437 γάρ
825 1358 904 1425 κύνας

118 1449 228 1505 ἕπεσθαι
251 1446 298 1521 μὲν
324 1448 360 1512 εἰς
379 1444 426 1512 τ’ἀς
442 1446 618 1523 πανηγύρεις,
633 1446 734 1522 μηδένα
755 1446 781 1504 δὲ
805 1448 903 1506 ἀδικεῖν

117 1541 172 1595 τῶν
187 1539 242 1593 ἐκεῖ
255 1534 424 1612 γιγνομένων,
440 1538 561 1593 ὑλακτεῖν
583 1536 611 1593 δέ
637 1535 682 1592 καί
705 1534 837 1612 μάχεσθαι
852 1544 904 1601 τοῖς

118 1622 273 1703 κακούργοις
288 1623 333 1680 καὶ
346 1622 493 1689 κακίστοις·
506 1621 552 1680 καί
574 1621 636 1680 ὅταν
652 1625 675 1680 ot
694 1623 824 1702 ἄνθρωποι
849 1646 903 1697 με-

119 1713 254 1777 θυσθέντες
277 1709 446 1784 καθεύδωσιν,
472 1709 564 1776 αθτοθς
593 1709 766 1789 ἐγρηγορότας
802 1712 903 1789 φυλάτ-

117 1823 184 1860 τειν.

160 1887 232 1959 (bio
256 1885 480 1961 Chrysostomns
504 1899 579 1945 orat.
595 1885 653 1957 IX,
677 1906 744 1963 pag.
774 1889 833 1944 288
856 1888 902 1945 ed.

120 1975 230 2049 IIeisk.)

160 2081 210 2120 ast.
234 2059 310 2120 Ἐπεὶ
322 2055 359 2118 ’δέ
375 2060 420 2118 καί
435 2061 635 2141 ἐστεφανώσατο
649 2061 699 2129 τῖς
709 2063 813 2136 πίτυος,
834 2066 902 2141 πέμ·

118 2153 213 2228 ψαντες
226 2154 251 2208 οἱ
267 2147 398 2228 Κορίνθιοι
413 2153 464 2207 τῶν
478 2153 615 2228 ὑπηρετῶν
628 2174 697 2217 τινας
712 2151 830 2209 ἐκέλευον
842 2155 903 2210 ἀπο·

118 2236 207 2295 θέσθαι
222 2237 266 2295 τὀν
282 2235 408 2317 στέρανον
424 2237 468 2295 καί
486 2236 566 2313 μηδὲν
586 2237 739 2316 παράνομον
755 2245 857 2298 ποιεῖν.·
872 2237 904 2297 ‘O

119 2324 147 2383 δέ
160 2326 239 2403 ἤρετο
254 2325 360 2397 αὐτούς,
378 2325 420 2384 διὰ
434 2328 460 2385 τί
474 2325 626 2404 παράνομόν
641 2328 716 2384 ἐστιν
731 2324 809 2383 αὐτὸν
831 2329 903 2384 ἐστε-

119 2418 254 2493 φανῶσθαι
268 2418 314 2488 τῆς
326 2415 430 2490 πίτυος,
443 2415 537 2481 ἄλλους
555 2414 582 2472 δέ
597 2416 626 2473 οὐ
642 2414 807 2495 παράνομονς
820 2404 904 2473 Εἶπεν

118 2493 163 2558 οὖν
177 2513 215 2567 τις
229 2505 324 2573 αὐτῶν,
337 2502 376 2560 ὅτι
391 2505 419 2562 οὐ
434 2503 586 2573 νενίκηκας,
604 2528 626 2560 ω
640 2503 768 2579 Διόγενες.
810 2501 844 2561 Ὁ
859 2501 903 2575 δέ,

119 2588 239 2655 Πολλούς
252 2614 295 2668 γε,
310 2582 392 2661 εἶπεν,
406 2592 600 2670 ἀνταγωνιστάς
624 2593 668 2650 καὶ
693 2593 839 2669 μεγάλους,
855 2594 905 2670 οὐχ

118 2669 174 2744 οἶα,
185 2677 268 2736 ταῦτα’
294 2680 348 2736 ἐστι
371 2678 405 2737 τά
429 2679 593 2758 ἀνδράποδα,
613 2679 645 2737 τά
661 2686 705 2737 νῶν
720 2683 830 2738 ἐνταῦθα
844 2703 904 2745 Ιπα-

119 2765 226 2824 λαίοντα
249 2766 295 2825 καί
317 2767 468 2825 δισκεύοντα
489 2768 535 2825 καί
556 2768 699 2847 τρέχοντα·
718 2772 755 2845 τῷ
775 2768 853 2826 παντί
875 2767 904 2825 δέ

118 2856 335 2931 χαλεπωτέρους,
351 2854 441 2912 πενίαν
462 2855 508 2913 καί
521 2854 605 2934 φυγὴν
627 2855 672 2912 καί
691 2846 858 2924 ἀδοξίαν,’ἔτι
877 2854 904 2912 δὲ

119 2941 199 3020 ὀργήν
211 2965 240 2999 τε
254 2941 299 2998 καί
313 2941 411 3018 λύπην,
426 2942 471 2999 καί
487 2941 626 3018 ἐπιθυμίαν
643 2943 688 2999 καί
702 2942 792 3022 ράθον,
809 2941 855 3001 καί
874 2942 904 3001 τὸ

151 3217 205 3259 292.
222 3210 332 3259 Similem
342 3222 368 3259 se
377 3210 477 3259 canibus
490 3210 613 3259 Laconicis
625 3223 677 3259 esse
686 3210 773 3270 aiebat.
783 3213 831 3259 Eos
840 3211 905 3259 enim

100 3302 143 3349 *in
161 3301 275 3350 nundinis
288 3301 423 3363 prostautcs
437 3314 451 3348 a
464 3300 548 3349 multis
559 3300 657 3371 quidem
671 3301 814 3363 μετοικισταὶ
830 3305 855 3351 ct
867 3301 904 3349 at-

47 3446 55 3457 ·
121 3390 213 3451 lectari,
229 3404 243 3438 a
258 3390 354 3439 neruiue
371 3403 430 3439 vero
447 3390 515 3440 facilc
529 3390 589 3451 erni,
604 3390 667 3450 quod
687 3390 722 3438 nti
738 3391 784 3439 illis
795 3381 906 3440 homines

120 3478 248 3527 nescirent.

151 3569 207 3613 293.
224 3568 307 3621 Quum
321 3569 419 3627 propter
430 3565 520 3614 rabiem
531 3570 556 3614 ct
565 3565 674 3614 coancia
685 3578 769 3614 canem
786 3566 864 3627 ipsum
882 3566 905 3613 in

122 3651 277 3701 Isthmiorum
289 3651 382 3701 ludicro
396 3655 519 3711 vocarent,
529 3653 590 3701 dixit
600 3653 693 3715 jocans,
707 3653 792 3702 merito
804 3666 830 3701 se
841 3666 856 3701 a
869 3666 905 3701 re-

122 3739 309 3801 prehensoribus
322 3737 437 3800 appellari
453 3752 546 3789 canem.
560 3744 637 3790 canes
651 3741 764 3790 videlicet
781 3741 904 3789 nontnum

121 3827 220 3876 comites
232 3826 262 3874 nd
275 3826 339 3875 illam
348 3826 461 3876 Indorum
470 3829 631 3877 celebritatem
641 3829 731 3888 venire,
740 3842 817 3890 neque
825 3835 905 3877 tamen

122 3930 268 3978 quemquam
281 3915 368 3965 tudere
378 3929 461 3965 eorum
473 3918 514 3979 qut
526 3915 588 3965 Indis
600 3918 754 3975 interessent,
765 3916 807 3964 scd
817 3916 906 3964 latrare

122 3994 218 4055 tautum
232 4010 305 4067 alque
317 4004 433 4055 adversus
446 4006 567 4054 maleficos
579 4009 603 4053 ct
614 4005 743 4053 sceleratos
752 4017 871 4067 pugnare,
882 4010 907 4053 et

124 4094 221 4156 quando
231 4094 341 4142 homines
350 4092 409 4142 ebrii
419 4091 559 4153 dormirent,
568 4093 621 4141 illos
628 4105 641 4141 a
649 4093 907 4154 canibnsrigituntibus

123 4182 244 4231 custodiri.

155 4273 208 4318 294.
225 4272 306 4325 Quum
318 4268 370 4330 ipse
382 4279 479 4329 quoque
493 4267 587 4329 pineam
599 4268 645 4315 sibi
663 4280 776 4318 coronam
789 4269 820 4318 ad
832 4271 906 4331 capnt

124 4357 344 4419 accommodasset,
359 4358 477 4406 Corinthii
494 4370 536 4419 per
547 4358 695 4419 apparitores
708 4359 827 4422 quosdam
848 4374 903 4408 cum

124 4446 211 4494 hortati
230 4448 301 4506 suut,
314 4448 343 4494 nt
356 4449 455 4508 poneret
469 4459 581 4495 coronam
596 4460 656 4496 nere
668 4448 802 4510 quidquam
821 4450 905 4497 contra

125 4532 905 4595 tegestaceret.TomeosInterrogarit,curlegespineamcoronam

125 4619 170 4669 sibi
181 4621 271 4682 imponi
283 4625 406 4679 vetarent,
419 4621 477 4669 alios
489 4620 597 4670 coronari
605 4634 654 4669 non
666 4622 782 4671 vetarent.
796 4623 905 4678 Quorum

126 4721 189 4755 nnus
203 4708 350 4770 simulatque
369 4707 392 4756 ei
405 4707 541 4768 respondit,
556 4706 634 4769 ipsnm
648 4720 697 4755 non
711 4708 904 4770 ascensorem,

125 4799 176 4856 Epo
189 4809 259 4856 vero,
271 4796 361 4857 inquit,
373 4796 469 4845 multos
482 4799 549 4845 certe
567 4806 723 4859 manansque
735 4796 904 4847 aduersarios

124 4886 172 4933 ενοι
183 4920 189 4944 ,
202 4896 253 4932 non
271 4887 417 4946 mancipia,
430 4883 522 4946 quello
537 4887 600 4933 sunt
617 4886 683 4944 tstu,
693 4897 751 4946 qux
772 4897 841 4933 natac
861 4885 903 4934 lu·

125 4976 233 5021 ciuntur
246 4971 302 5030 lu'c,
315 4972 416 5020 discerne
432 4972 538 5032 jaciunt
550 4975 575 5021 ct
588 4971 705 5020 studium
718 4977 845 5034 currunt,
859 4975 906 5023 sect

126 5059 198 5119 tonpe
210 5062 344 5121 proniores
356 5058 540 5120 aduersarios,
552 5062 751 5121 paupertatem,
764 5062 903 5123 exsilium,

125 5149 309 5207 iqnomininm,
323 5150 392 5197 trum
402 5150 545 5209 pr'aetcreu,
555 5148 754 5210 αρνῑίιιάιιιειιι,
772 5148 903 5210 cupidita·

127 5238 190 5295 tem,
203 5239 302 5290 metum
319 5239 487 5299 omniumque
499 5234 677 5295 sortisstmum
689 5239 716 5287 et
733 5239 905 5299 lncxsupcra·

1672 451 1728 500 θθθ

949 569 1054 626 πάντων
1085 569 1260 648 ἀμαχώτατον
1284 569 1300 640 ἢ
1325 572 1371 630 καί
1400 572 1607 654 δυσμαχώτατον
1632 573 1735 653 θηρίον,

944 655 1062 716 ὕπουλον
1075 658 1119 716 καί
1135 660 1278 733 μαλθακόν,
1290 661 1396 732 ἡδονήν.

989 747 1063 822 (nio
1089 745 1313 823 Clu-ysostomns
1332 763 1405 812 orat.
1432 749 1488 822 lx,
1508 772 1573 828 pag.
1603 772 1657 826 apr
1687 751 1731 810 ed.

950 833 1060 909 nesse.)
1325 853 1331 868 ‘

989 943 1038 982 aas.
1062 922 1158 994 Διττὴν
1174 922 1262 1001 ἔλεγεν
1276 916 1342 983 εἶναι
1356 927 1402 996 τὴν
1420 927 1541 997 ἄσκησιν·
1557 927 1604 998 τὴν
1620 927 1666 1003 μέν
1681 931 1733 1007 ψυ-

949 1011 1037 1088 χικήν,
1050 1009 1098 1081 τὴν
1114 1011 1141 1068 δέ
1156 1013 1317 1086 σωματικήν·
1331 1013 1429 1084 ταύτην
1444 1015 1501 1072 καθ’
1512 1015 1544 1086 ἣν
1560 1019 1586 1072 ἐν
1601 1015 1734 1095 γυμνασίᾳ

950 1107 1067 1177 συνεχεῖς
1089 1099 1222 1176 γινόμεναι
1246 1101 1387 1180 φαντασίαι
1408 1102 1527 1161 εὐλυσίαν
1550 1102 1614 1182 πρὸς
1635 1102 1667 1159 τά
1689 1109 1735 1172 τῆς

951 1189 1044 1266 ἀρετῆς
1059 1184 1123 1264 ἔργα
1137 1187 1311 1267 παρέχονται.
1356 1182 1434 1248 Εἶναι
1449 1192 1471 1248 δ’
1489 1191 1567 1260 ἀτελῆ
1582 1187 1628 1260 τὴν
1644 1191 1734 1268 ἑτέραν

949 1274 1030 1353 χωρίς
1050 1279 1097 1346 τῆς
1121 1273 1225 1354 ἑτέροις,
1238 1277 1309 1336 οὐδέν
1331 1269 1408 1349 ἧττον
1431 1277 1528 1346 εὐεξίας
1542 1278 1587 1338 καί
1606 1277 1695 1356 ἰσχύος
1706 1281 1735 1344 Ιἐν

950 1367 1004 1426 τοῖς
1021 1363 1184 1440 προσήκουσι
1204 1366 1357 1442 γενομένης,
1372 1369 1406 1431 ὡς
1433 1367 1493 1444 περὶ
1518 1365 1564 1446 τὴν
1588 1365 1675 1446 ψυχὴν
1692 1369 1736 1424 καὶ

950 1451 1010 1530 περὶ
1026 1450 1055 1509 τὸ
1070 1455 1158 1528 σῶμα.
1201 1453 1362 1530 Παρετίθετο
1384 1453 1410 1510 δέ
1437 1453 1566 1534 τεκμήρια
1581 1461 1626 1511 τοῦ
1642 1453 1736 1532 ῥᾳδίως

950 1539 1003 1597 ἀπὸ
1017 1545 1063 1610 τῆς
1076 1540 1222 1616 γυμνασίας
1236 1543 1261 1598 ἐν
1276 1545 1308 1619 τῇ
1324 1545 1404 1621 ἀρετῇ
1422 1541 1622 1620 καταγίνεσθαι·
1635 1547 1697 1619 ὁρᾶν
1709 1567 1736 1601 τε

949 1629 1001 1707 γὰρ
1015 1630 1042 1685 έν
1058 1653 1085 1686 τε
1100 1639 1157 1696 ταῖς
1171 1629 1274 1708 τέχναις
1288 1637 1345 1694 ταῖς
1360 1629 1499 1708 βαναύσοις
1514 1631 1559 1689 καὶ
1574 1634 1630 1695 ταῖς
1645 1633 1736 1697 ἀλλαις

950 1719 979 1774 οθ
999 1715 1046 1785 τὴν
1064 1722 1195 1795 τυχοῦσαν
1219 1717 1368 1796 ὀξυχειρίαν
1390 1717 1450 1785 τοίις
1472 1719 1592 1798 τεχνίτας
1616 1719 1668 1776 ἀπὸ
1690 1723 1737 1786 τῆς

951 1803 1062 1879 μελέτης
1080 1807 1351 1884 περιπεποιημένους,
1367 1807 1426 1874 τούς
1444 1832 1473 1866 τε
1492 1808 1605 1878 αὐλητὰς
1619 1807 1664 1866 καί
1678 1808 1736 1876 τοὺς

951 1893 1082 1962 ἀθλητάς,
1099 1891 1158 1950 ὅσον
1174 1891 1360 1982 ὑπερρέρουσιν
1375 1895 1493 1974 ἑκάτεροι
1514 1900 1546 1974 τῇ
1561 1895 1614 1974 ἰδίᾳ
1628 1895 1736 1966 πονήσει

951 1982 984 2056 τῇ
1000 1981 1120 2056 συνεχεῖ,
1135 1978 1179 2034 καὶ
1193 1982 1227 2044 ὡς
1243 1983 1329 2052 οὗτοι,
1346 1983 1369 2039 εἰ
1386 1980 1547 2058 μετήνεγκαν
1562 1980 1610 2052 τὴν
1626 1981 1736 2054 ἀσκησιν

950 2065 994 2122 καὶ
1010 2064 1054 2122 ἐπὶ
1067 2065 1114 2136 τὴν
1129 2067 1227 2146 ψυχήν,
1240 2071 1286 2126 οὐκ
1301 2071 1331 2125 ἂν
1348 2072 1485 2144 ἀνωφελῶς
1501 2069 1546 2126 καὶ
1563 2070 1661 2134 ἀτελῶς
1676 2069 1738 2144 ἐμό-

949 2156 1039 2229 χθουν.

990 2241 1147 2315 (Diogenes
1163 2241 1297 2300 Laertius
1309 2241 1360 2301 tin.
1374 2242 1423 2314 VI,
1439 2247 1495 2318 ρο.)
1557 2301 1559 2308 ,

990 2347 1040 2384 anu.
1064 2326 1148 2386 Οὐδέν
1174 2352 1204 2405 γε
1228 2329 1279 2404 μὴν
1295 2329 1369 2407 ἔλεγε
1384 2332 1413 2388 τὸ
1435 2329 1561 2410 παράπαν
1579 2333 1605 2389 ἐν
1623 2335 1661 2412 τῷ
1685 2331 1734 2412 βίῳ

948 2416 1030 2492 χωρίς
1043 2414 1179 2484 ἀσκήσεως
1191 2421 1394 2494 κατορθοῦσθαι,
1404 2417 1515 2487 δυνατὴν
1531 2417 1558 2476 δέ
1570 2419 1667 2488 ταύτην
1681 2428 1734 2476 πᾶν

950 2505 1096 2573 ἐκνικῆσαι.
1122 2501 1186 2560 Δέον
1210 2494 1254 2561 οθν
1276 2505 1333 2562 ἀντὶ
1353 2507 1405 2562 τῶν
1422 2505 1562 2583 ἀχρήστων
1576 2505 1661 2563 πόνων
1678 2507 1735 2574 τοὺς
1755 2567 1758 2576 ,

948 2588 1016 2646 κατὰ
1030 2589 1104 2667 φύσιν
1117 2591 1251 2667 ἑλομένους
1263 2595 1309 2663 ζῆν
1322 2593 1489 2668 εὖδαιμόνως,
1501 2594 1574 2674 παρὰ
1585 2594 1632 2664 τὴν
1647 2595 1734 2654 άνοιαν

948 2680 1177 2754 κακοδαιμονοῦσι.
1221 2681 1275 2738 Καὶ
1291 2681 1340 2759 γὰρ
1356 2683 1437 2752 αὐτῆς
1453 2683 1606 2752 τῆςηδονῆς
1621 2689 1637 2754 ἡ
1654 2705 1737 2740 κατα-

949 2766 1072 2846 φρόνησις
1090 2768 1207 2840 ἡδυτάτη
1224 2771 1411 2845 μελετηθεῖσα,
1428 2769 1472 2827 καί
1487 2769 1576 2849 ὥσπερ
1591 2774 1613 2828 οί
1629 2775 1736 2829 συνεθι-

952 2852 1054 2920 σθέντες
1075 2854 1157 2927 ἡδέως
1178 2859 1234 2927 ζῆν,
1259 2859 1345 2926 ἀηδῶς
1370 2857 1414 2914 ἐπί
1433 2858 1582 2916 τούναντίον
1606 2857 1735 2934 μετίασιν,

949 2942 1030 3009 ούτως
1039 2946 1062 3002 οἱ
1071 2943 1221 3002 τούναντίον
1232 2944 1387 3015 ἀσκηθέντες
1399 2945 1471 3016 ἥδιον
1480 2948 1565 3005 αὐτῶν
1575 2949 1627 3005 τῶν
1638 2949 1737 3017 ἡδονῶν
1761 3006 1767 3017 ,
1793 2957 1794 2963 ’

951 3212 1028 3262 bilem
1042 3213 1083 3261 cel
1096 3217 1139 3261 uix
1149 3213 1326 3275 superabilem
1343 3213 1467 3275 belluam,
1478 3214 1615 3265 srrbdolum
1626 3216 1702 3265 illam
1712 3219 1737 3264 ct

950 3304 1116 3363 reserptunm,
1132 3302 1303 3363 voluptutem.

982 3395 1037 3439 295.
1055 3389 1182 3451 Duplicem
1206 3402 1259 3439 csse
1285 3388 1381 3439 dicebat
1404 3390 1613 3449 exercitationem,
1635 3389 1736 3440 alteram
1778 3410 1781 3415 ·

949 3479 1023 3547 animi
1032 3467 1158 3540 ,corporis
1169 3478 1283 3539 alteram;
1297 3478 1401 3540 priorem
1414 3476 1495 3527 vocari
1511 3478 1576 3527 ittam
1585 3491 1653 3550 ‚qua
1669 3490 1736 3526 exer·

950 3567 1028 3615 citatis
1039 3566 1122 3615 crebra
1134 3566 1185 3613 nisa
1197 3564 1293 3626 objecta
1308 3568 1426 3627 promtam
1438 3565 1536 3613 virtutis
1547 3563 1653 3612 colendae
1663 3563 1734 3612 tacut·

950 3658 1025 3704 tatem
1039 3654 1133 3703 darent.
1150 3656 1225 3701 Porro
1235 3654 1334 3700 alteram
1344 3652 1395 3700 siue
1407 3651 1482 3700 attera
1494 3664 1548 3699 esse
1562 3652 1736 3713 imperfectam,

951 3756 1028 3803 quum
1044 3741 1121 3789 bonus
1132 3739 1229 3789 habitus
1241 3742 1266 3787 et
1275 3739 1348 3787 robur
1356 3751 1426 3799 mque
1438 3739 1461 3785 in
1474 3738 1555 3786 animo
1566 3742 1640 3800 atque
1651 3740 1675 3787 in
1685 3753 1737 3788 cor-

952 3844 1009 3893 pore
1021 3828 1209 3891 requirerentur.
1218 3826 1282 3882 Quiu
1298 3827 1369 3875 etiam
1383 3826 1463 3875 attulit
1475 3830 1630 3890 argumenta,
1646 3828 1734 3890 quibus

952 3919 1065 3966 virtutem
1081 3914 1252 3964 exercitatione
1266 3914 1332 3963 tacite
1344 3914 1388 3963 coli
1402 3914 1507 3964 doceret.
1541 3916 1737 3965 Antrnndrertere

950 4005 1014 4053 enim
1024 4018 1049 4053 se
1059 4004 1082 4051 in
1093 4003 1186 4051 ortibus
1195 4002 1339 4051 mechanicis
1348 4006 1373 4051 et
1382 4001 1435 4051 attis
1443 4002 1540 4062 onilrces
1550 4016 1598 4051 non
1609 4002 1733 4051 minimam

951 4092 1030 4154 operis
1043 4090 1145 4140 lactendi
1155 4090 1301 4139 celeritatem
1315 4090 1365 4139 sota
1376 4090 1489 4152 operandi
1504 4090 1678 4139 consuetudine
1691 4091 1736 4139 sibi

950 4192 1117 4241 comparassc;
1131 4179 1280 4238 eandemque
1289 4190 1318 4226 eo
1328 4178 1403 4239 magis
1414 4177 1539 4227 tibicinum
1555 4182 1580 4228 et
1590 4178 1735 4227 athletarum

950 4280 1003 4317 esse
1025 4266 1155 4329 rationem,
1174 4280 1223 4329 qno
1249 4267 1324 4327 magis
1346 4264 1464 4315 subeundi
1487 4265 1576 4314 tuborIs
1597 4265 1736 4315 assiduitate

951 4354 1046 4418 utrique
1054 4354 1207 4413 excellerent,
1220 4353 1331 4414 illosque,
1343 4353 1364 4401 si
1376 4354 1573 4403 exercitationem
1588 4353 1620 4401 ad
1627 4353 1735 4401 animum

950 4444 1024 4515 etiam
1035 4443 1223 4501 transtulissent,
1232 4455 1384 4505 nequaquam
1399 4442 1488 4491 trustra
1500 4445 1524 4491 et
1537 4442 1653 4491 incassum
1666 4442 1734 4490 tabo·

950 4540 1044 4585 ratnros
1058 4535 1140 4583 tuisse.

982 4626 1038 4673 296.
1058 4623 1160 4672 Dicebat
1173 4635 1243 4685 porro
1265 4621 1323 4671 nibil
1343 4620 1444 4670 omniuo
1464 4621 1489 4669 tn
1502 4620 1550 4669 nita
1571 4618 1735 4669 teticItersinc

949 4710 1122 4759 exercitatione
1133 4710 1197 4769 geri,
1208 4721 1255 4770 qna
1267 4709 1331 4757 vtuoi
1343 4708 1425 4757 omnia
1435 4708 1539 4769 possent.
1561 4696 1653 4763 ‘ernnr
1664 4706 1735 4767 igitur

951 4799 1067 4849 recusatis
1085 4797 1212 4846 inutilibus
1224 4796 1346 4847 laboribus
1365 4810 1437 4860 opera
1455 4801 1548 4845 natium
1574 4800 1734 4846 consentanea

949 4886 1047 4949 aggredi
1061 4897 1090 4933 ec
1108 4885 1176 4932 beate
1197 4884 1279 4933 virere
1299 4884 1411 4933 homines
1427 4882 1537 4943 deceret,
1552 4896 1594 4945 per
1610 4896 1734 4932 summum

949 4978 1029 5024 tamen
1039 4974 1184 5021 dementiam
1193 4985 1235 5021 eos
1247 4972 1349 5021 infelices
1360 4984 1420 5021 esse.
1432 4973 1542 5033 Namque
1549 4970 1626 5032 ipsius
1638 4984 1733 5035 quoque

950 5062 1082 5123 voluptatis
1092 5060 1277 5110 contemtIoncm
1295 5060 1469 5109 consuetudine
1482 5058 1682 5119 iucundissImam
1696 5061 1732 5109 et-

950 5149 1003 5209 θαί,
1018 5151 1043 5197 et
1056 5150 1119 5197 stcut
1133 5148 1150 5197 ii
1163 5148 1203 5211 qui
1214 5147 1319 5209 jucnnue
1333 5147 1415 5195 virere
1426 5146 1623 5210 consuevIssent,
1634 5160 1698 5209 aegre
1708 5147 1732 5198 in

949 5238 1097 5287 contrarium
1110 5238 1252 5299 transirent,
1263 5237 1295 5287 ita
1307 5248 1350 5287 eos
1364 5236 1405 5299 qni
1424 5234 1542 5285 contraria
1555 5234 1645 5285 ratione
1662 5248 1732 5285 exer·
