3959 5925
634 380 868 441 FRAGMENTA
891 383 1021 449 VAliIA.
1573 402 1608 449 tii

32 510 179 589 ρατηρητήν
194 512 319 589 ὑπάρχειν
332 507 377 566 καί
388 510 439 565 τῶν
452 507 515 586 πρὸς
526 509 623 587 ὑγίειαν
639 510 800 585 ἐπιστήμονα
845 516 897 579 τοῖς
912 513 938 571 ἀί
953 516 1059 594 φαύλως
1072 516 1138 593 μηδὲ
1153 517 1199 587 τήν
1210 519 1289 594 μονὴν
1304 522 1329 579 ἐν
1344 523 1381 599 τῷ
1395 523 1452 595 ζῆν,
1466 524 1487 580 εί
1496 520 1533 596 μή
1545 523 1613 596 μίλ-

31 600 222 678 συμφερύντων.
238 600 298 675 Οὒχ
312 587 364 655 οἶόν
381 621 409 655 τε
424 594 458 654 δὲ’
467 596 670 669 μεθυσθήσεσθαι
684 600 728 657 τὸν
742 607 800 659 νοῦν
844 602 912 657 λοιεν
927 601 1030 660 ἔσεσθαι
1043 603 1132 681 σοφοί,
1149 604 1207 664 οὔτε
1222 606 1272 684 γὰρ
1282 607 1330 678 τήν
1348 609 1441 687 ἀρετὴν
1453 609 1573 687 κατέχειν
1587 614 1613 666 ἐν

33 693 132 769 ἔχοντα’
150 688 199 757 τήν
217 688 267 765 γίιρ
281 686 362 761 με’θην
377 686 553 763 ἁμαρτητικὸν
564 684 705 765 περιέχειν,
718 688 800 767 λήρη-
844 690 881 764 τῷ
891 690 949 758 ζῆν,
963 690 1021 748 οὔτε
1032 689 1079 760 τήν
1095 691 1187 749 κακίαν
1201 692 1344 754 ἐκόάλλειν·
1359 704 1414 761 τοῖς
1431 696 1456 755 δὲ
1472 696 1615 767 καθήκουσι

30 776 66 833 σίν
77 800 106 833 τε
120 765 189 833 εἶναι
201 773 259 852 περὶ
269 774 312 831 τὸν
323 764 401 842 οἶνον,
417 775 442 830 ἐν
458 774 547 845 μηδενί
562 773 589 833 δὲ
602 775 646 833 τὸν
660 778 800 836 σπουδαῖον
842 774 888 830 eet
902 782 954 841 τοῖς
963 774 1035 851 παρὰ
1047 777 1077 834 τὸ
1091 784 1202 849 καθῆκον
1216 787 1365 859 μετρεῖσθαι
1378 787 1424 852 τήν
1439 808 1466 841 τε
1487 784 1554 853 ζωὴν
1570 785 1615 841 καὶ

30 864 201 943 ἁμαρτάνειν,
217 864 250 921 δι’
270 863 383 921 δπάντα
405 864 462 919 κατ’
478 862 569 941 ἀρετήν
590 871 671 921 ποιεῖν
692 866 799 924 καὶτὸν
844 860 887 919 τὸν
915 860 1034 922 θάνατον.
1057 865 1167 941 Λέγουσι
1188 868 1277 924 δὲκαὶ
1299 869 1343 925 τὸν
1362 874 1439 949 σοφὸν
1460 871 1614 950 ἀνύάριστον

29 953 76 1011 ἀπὸ
90 952 192 1021 ταύτης
204 951 276 1028 ὀρθὸν
291 950 376 1026 λόγον.
387 949 462 1025 Τρεῖς
477 948 503 1005 δὲ
515 950 721 1027 προηγουμένους
735 942 815 1011 εἶναι,
844 939 926 1023 εἶναι,
952 949 1007 1007 οὗθ’
1030 950 1064 1007 td
1082 951 1177 1020 ίζεσθαι
1196 954 1246 1033 γάρ
1260 953 1312 1013 οὔθ’
1328 956 1449 1035 ὑύρίζειν,
1465 958 1551 1016 διὰτὸ
1566 959 1613 1027 τήν

29 1040 113 1117 βίους,
129 1038 176 1096 τόν
191 1060 218 1095 τε
232 1038 377 1115 βασιλικόν,
393 1036 437 1093 καὶ
454 1036 496 1094 τδν
509 1038 648 1109 πολιτικόν,
659 1038 703 1095 καί
714 1040 799 1119 τρίτον
846 1034 918 1114 ὗὺρῑν
933 1036 1034 1094 ἀδικίαν
1045 974 1110 1095 τίθει
1122 1040 1346 1118 καταισχύνουσιν
1358 1044 1403 1101 καὶ
1419 1044 1530 1121 βλάὸην·
1546 1045 1614 1121 μήτε

31 1132 66 1185 εον
77 1125 291 1198 ἐπιστημονικόν*
307 1122 400 1203 δμοίως
415 1122 501 1181 δὲκαὶ
515 1123 716 1201 χρηματισμοὺς
732 1134 800 1203 τρεῖς
844 1122 870 1178 δὲ
884 1124 1026 1182 ἀδικεῖσθαι
1041 1126 1108 1202 μήτε
1124 1128 1285 1205 βλάπτεσθαι
1299 1130 1342 1187 τὸν
1355 1135 1503 1204 σπουδαῖον,
1518 1137 1612 1205 ἀδικη-

30 1215 253 1292 προηγουμίνους,
269 1211 311 1269 τόν
330 1232 358 1269 τι
373 1210 425 1269 ἀπὸ
442 1214 489 1281 τῆς
505 1212 648 1288 βασιλείας,
664 1217 722 1270 καθ’
743 1212 799 1273 dot
844 1214 921 1276 τικιῦς
936 1211 1024 1286 μέντοι
1037 1216 1067 1289 γε’
1079 1238 1148 1280 τινας
1162 1219 1232 1294 αὐτῷ
1242 1218 1432 1297 προσφέρεσθαι
1442 1222 1485 1278 καὶ
1496 1223 1613 1301 ὑόριστι-

26 1304 98 1367 αὐτὸς
123 1300 275 1378 βασιλεύσει
290 1296 325 1333 ¹⁰⁸
346 1296 390 1356 καὶ
408 1300 570 1377 μοναρχικῶς
588 1298 729 1375 χρημάτων
753 1301 798 1357 εὖ·
842 1302 908 1369 κῶς,
927 1300 973 1357 καὶ
992 1302 1063 1359 κατὰ
1083 1308 1158 1359 τοῦτο
1180 1304 1207 1361 δὲ
1228 1305 1435 1384 δικαιοπραγεῖν,
1453 1310 1515 1387 πρός
1534 1334 1563 1369 τε
1581 1312 1610 1368 τὸ

30 1391 146 1467 παρήσει·
163 1388 278 1465 δεύτερον
302 1386 345 1457 ts',
367 1384 410 1442 τὸν
426 1384 478 1441 ἀπὸ
492 1390 538 1454 τῆς
560 1384 705 1454 πολιτείας,
722 1389 797 1445 πολι·
843 1388 923 1462 μηδὲν
937 1386 1074 1446 ἀπούάσαν
1090 1389 1128 1425 ²⁰⁰
1140 1392 1243 1448 ἀδικίαν
1252 1382 1317 1449 εἶναι
1326 1395 1372 1463 τήν
1387 1395 1470 1475 ῦόριν,
1484 1399 1551 1457 eiii
1565 1423 1613 1456 κα-

25 1482 146 1535 τεύεσθαι
172 1477 223 1554 γάρ
245 1472 313 1532 κατὰ
338 1472 380 1529 τὸν
412 1472 604 1549 προηγούμενον
633 1476 718 1548 λόγον·
751 1476 819 1547 καὶ,
842 1477 1031 1553 ταισχύνουσαν
1046 1477 1090 1535 καί
1111 1479 1262 1557 ὑάριστικήν
1279 1473 1368 1538 οὖσαν.
1385 1482 1575 1559 Ἀπερίπτωτον
1588 1486 1612 1542 δ’

24 1566 71 1640 γάρ
94 1562 240 1639 γαμήσειν,
260 1560 305 1619 καί
317 1559 564 1630 παιδοποιήσεσθαι,
581 1562 729 1619 ἀκολουθεῖν
744 1562 794 1640 γάρ
816 1548 819 1647 ί
842 1566 967 1641 ὑπάρχειν
981 1567 1025 1621 τὸν
1040 1571 1098 1622 νοῦν
1120 1569 1212 1643 ἔχοντα
1232 1565 1327 1638 ταύτης
1339 1568 1394 1639 ²⁰¹,
1420 1571 1464 1628 καὶ
1486 1574 1613 1647 μηδαμῶς

24 1656 109 1708 ταῦτα
131 1654 166 1729 τῇ
189 1654 236 1708 τοῦ
258 1652 405 1725 λογιστικοῦ
427 1648 492 1727 ζῴου
513 1647 557 1705 καί
576 1656 727 1707 κοινωνικοῦ
752 1656 797 1711 καί
842 1649 1075 1729 καταισχύνεσθαι,
1100 1656 1125 1709 ἐν
1146 1656 1230 1729 ἐαυτῷ
1245 1652 1295 1729 γάρ
1318 1654 1386 1732 ἔχειν
1407 1659 1436 1715 τὸ
1450 1660 1545 1734 ἀγαθον
1567 1662 1612 1719 καὶ

23 1737 187 1817 φιλαλλήλον
204 1735 287 1816 φύσει.
342 1737 552 1812 Χρημάτιεῖσθαι
568 1726 612 1792 σύν
626 1737 670 1795 καὶ
685 1738 737 1795 ἀπὸ
752 1744 797 1809 τῆς
840 1736 888 1807 τήν
903 1740 972 1795 θείαν
987 1741 1095 1817 ἀρετήν,
1107 1744 1141 1798 δι’
1153 1740 1220 1799 δκαί
1232 1742 1317 1811 πάσης
1331 1744 1499 1821 ἀπηλλάχθαι
1514 1748 1609 1813 κακίας

23 1825 172 1896 πολιτείας,
200 1824 245 1882 καί
269 1822 321 1881 ἀπὸ
345 1826 395 1881 τῶν
420 1823 514 1902 φίλων,
533 1826 584 1881 τῶν
607 1825 633 1880 ἐν
659 1828 796 1903 ὑπεροχαῖς
841 1824 885 1883 καί
897 1824 1008 1901 βλάῦης.
1026 1826 1079 1885 Καί
1094 1828 1255 1905 βασιλεύσειν
1266 1831 1293 1887 τέ
1303 1852 1365 1888 ποτε
1377 1829 1421 1886 τὸν
1435 1837 1494 1887 νοῦν
1505 1830 1610 1911 ἔχοντα,

19 1912 116 1971 ὄντων.
171 1911 236 1991 Περὶ
250 1910 277 1969 δὲ
288 1915 332 1969 τοῦ
346 1910 504 1987 σοφιστεύειν
519 1909 562 1968 καὶ
580 1910 631 1968 ἀπὸ
649 1914 796 1989 σοφιστείας
842 1912 886 1971 καλ
909 1915 1013 1991 βασιλεῖ
1034 1914 1244 1990 συμόιόισεσθαι,
1267 1918 1312 1974 καί
1332 1911 1436 1996 εὐφυίαν
1462 1920 1611 1999 ἐμφαίνοντι

21 2000 180 2074 εὐπορήσειν
193 1998 352 2077 χρημάτων,
374 1995 511 2067 διέστησαν
537 2000 560 2054 οἱ
587 1997 639 2054 ἀπὸ
659 2002 705 2068 τῆς
723 1998 792 2073 αίρί·
841 2000 885 2058 καί
899 2001 1080 2079 φιλομάθειαν.
1122 2002 1246 2084 Ἔφσμεν
1261 2004 1283 2063 δ’
1298 2002 1336 2063 ότι
1360 2007 1405 2064 καί
1427 2008 1608 2067 πολιτεύεσθαι

20 2112 86 2153 σεως
109 2084 177 2145 κατά
195 2086 225 2144 τὸ
244 2084 441 2161 σημαινόμενον.
501 2083 540 2143 Τὸ
554 2082 601 2159 μὲν
621 2086 670 2161 γίιρ
690 2109 796 2167 χρημα-
842 2088 908 2145 κατθ
922 2088 967 2146 τὸν
981 2087 1173 2167 προηγούμενον
1188 2091 1263 2168 λόγον
1276 2083 1328 2149 οἷόν
1343 2095 1414 2164 ἐστι,
1431 2077 1611 2167 μὴπολιτεύε-

19 2180 134 2232 τιεῐσθαι
150 2173 199 2231 ἀπὸ
210 2175 262 2229 τῶν
273 2170 340 2229 κατὰ
349 2170 395 2239 τήν
409 2170 545 2245 παιδείαν,
557 2170 601 2229 καί
617 2172 721 2240 μισθούς
732 2196 795 2234 ποτε
841 2179 899 2233 σθαι
912 2175 939 2235 δί
952 2174 997 2232 ἐάν
1010 2199 1036 2233 τι
1047 2175 1086 2211 ²⁰²
1100 2179 1248 2253 ἐμπόδισμα
1265 2170 1283 2253 ή
1298 2184 1343 2237 τοῦ
1359 2182 1462 2239 διοικεῖν
1475 2179 1523 2250 τήν
1536 2176 1610 2239 πόλιν

20 2263 154 2341 λήψεσθαι
168 2260 241 2341 παρὰ
255 2259 541 2335 τῶνφιλομαθούντων,
558 2260 796 2338 διωμολογήσαντο·
841 2264 884 2319 καί
901 2262 1015 2338 μάλιστα
1031 2263 1112 2339 μηδὲν
1126 2266 1235 2343 ὠφελεῖν
1250 2265 1333 2341 μέλλῃ
1347 2266 1394 2336 τήν
1408 2267 1538 2342 πατρίδα,
1555 2292 1611 2325 κιν-

17 2350 83 2425 περὶ
102 2348 127 2406 δὲ
144 2346 372 2422 τὸσημαινόμενον
386 2346 488 2423 ἐγένετό
500 2368 539 2413 τις
556 2349 582 2405 ἐν
595 2348 681 2415 αὑτοῖς
695 2353 794 2427 ἀμφισ·
841 2347 928 2414 δύνους
943 2349 970 2407 δὲ
991 2353 1195 2428 παρακολουθεῖν
1214 2351 1389 2429 ὑπολαμῦάνῃ
1414 2354 1541 2431 μεγάλους
1565 2354 1609 2412 καὶ

16 2436 147 2507 ἀήτησις,
157 2437 207 2492 τῶν
219 2432 265 2509 μὲν
281 2432 342 2493 αὐτὸ
354 2438 429 2491 τοῦτο
441 2434 566 2511 λεγόντων
578 2435 748 2515 σοφιστεύειν,
764 2440 795 2497 τὸ
840 2436 969 2512 χαλεποὺς
981 2440 1010 2494 ἐκ
1029 2441 1075 2507 τῆς
1088 2437 1231 2503 πολιτείας.
1265 2440 1392 2513 Λέγεσθαι
1406 2439 1448 2509 δέ,
1462 2438 1499 2515 μή
1511 2439 1609 2517 ψεύδε-

15 2524 64 2581 ἒπὶ
78 2528 166 2604 μισθῷ
180 2520 343 2597 μεταδιδόναι
357 2526 408 2580 τῶν
422 2526 468 2592 τ’ής
479 2522 628 2603 φιλοσοφίας
642 2524 791 2603 δογμάτων,
839 2528 899 2580 σθαι
914 2523 957 2581 τὸν
980 2524 1075 2603 σοφόν,
1090 2528 1147 2583 ἀλλ’
1165 2527 1192 2581 ἐν
1210 2534 1290 2583 πᾶσιν
1308 2526 1450 2594 ἀληθεύειν·
1472 2530 1501 2584 οὐ
1515 2526 1566 2603 γάρ
1580 2530 1606 2584 ἰν

16 2616 70 2669 τῶν
92 2614 114 2669 θ’
126 2612 344 2681 ὑποτοπησάντων
359 2612 385 2667 ἐν
401 2614 438 2687 τῷ
455 2614 612 2685 σοφιστεύειν
627 2611 794 2690 περιέχεσθαί
839 2613 875 2689 τῷ
899 2610 983 2689 λέγειν
1001 2635 1027 2670 τι
1049 2614 1139 2692 Ιγ’νεῦδος
1155 2610 1185 2670 τό
1202 2612 1342 2692 ψεύδεσθαι
1357 2614 1493 2691 ὑπάρχειν,
1509 2616 1568 2671 ἀλλ’
1582 2616 1608 2670 ἐν

15 2722 41 2755 τι
59 2702 171 2779 φαῦλον,
190 2698 266 2756 οίονεί
276 2698 365 2773 λόγως
381 2695 546 2767 καπηλεύειν,
558 2700 587 2756 οὐ
602 2698 723 2776 φαμένων
737 2702 792 2756 δεῖν
838 2702 875 2776 τῷ
892 2700 1055 2779 διαψενστῶς
1075 2699 1104 2758 τὸ
1117 2701 1208 2777 ψεῦδος
1220 2701 1322 2776 λέγειν,
1339 2701 1383 2757 καί
1398 2704 1441 2759 ἐπὶ
1454 2703 1542 2779 ἀπάτη
1556 2708 1609 2760 τῶν

14 2788 70 2845 ἀπὸ
90 2786 209 2851 παιδείας
227 2786 298 2863 παρά
309 2788 361 2843 τῶν
380 2780 553 2862 ἐπιτυχόντων
570 2785 791 2863 χρηματίζεσθαι,
838 2788 1016 2867 πλησίον.Τῷ
1023 2787 1110 2864 μέντοι
1119 2786 1278 2867 ψεύδειποτί
1287 2790 1608 2867 συγχρήσασθαινομίζου-

14 2873 223 2951 καταδεέστερον
238 2870 289 2952 γδρ
303 2863 367 2929 εἶναι
381 2871 424 2929 τδν
439 2872 532 2949 τρόπον
553 2878 644 2929 τοῦτον
662 2877 708 2929 τοῦ
722 2896 790 2949 χρη·
838 2899 879 2934 σιν
894 2873 970 2933 αὑτὸν
982 2872 1051 2934 κατὰ
1067 2873 1176 2939 πολλοὺς
1190 2874 1299 2951 τρόπους
1315 2876 1377 2932 ἄνευ
1388 2875 1608 2953 συγκαταθέσεως·

15 2967 156 3037 ματιαμοῦ
171 2965 216 3018 τοῦ
233 2963 280 3028 τῆς
298 2961 447 3039 φιλοσοφίας
463 2957 618 3032 ἀξιώματος.
673 2961 747 3019 Φασὶ
763 2959 791 3018 δέ
837 2964 883 3023 καί
906 2963 955 3042 γάρ
970 2961 1043 3022 >turdi
1054 2969 1211 3041 στρατηγίαν
1228 2963 1290 3040 πρὸς
1304 2958 1343 2997 ²⁰³
1358 2963 1416 3030 τοὺς
1433 2964 1607 3038 ἀντιπάλους,

14 3072 80 3107 ποτε
91 3051 137 3107 καί
152 3046 202 3118 τήν
217 3046 347 3124 ἐξαγωγήν
360 3047 397 3083 ⁴⁰⁰
411 3049 457 3117 τήν
472 3049 501 3105 ἔκ
517 3052 560 3104 τοῦ
574 3047 630 3125 βίου
641 3050 693 3112 τοῖς
710 3070 790 3108 σπου·
839 3049 883 3108 καί
897 3050 968 3108 uerit
981 3049 1030 3119 τήν
1054 3055 1100 3106 τοῦ
1124 3050 1297 3127 συμφέροντος
1317 3050 1467 3130 προόρασιν,
1489 3052 1533 3110 καί
1548 3054 1607 3108 κατ’

14 3137 97 3202 δαίοις
116 3135 284 3209 καθηκόντως
297 3133 364 3193 κατὰ
384 3134 495 3201 πολλοὺς
511 3134 620 3214 τρόπους
642 3135 790 3212 γίγνεσθαι,
837 3135 918 3202 ἀλλος
940 3137 1087 3213 οἰκονομίας
1108 3143 1155 3194 τοῦ
1170 3138 1226 3215 βίον
1240 3139 1349 3203 πολλάς.
1400 3140 1506 3205 Ψεῦδος
1521 3138 1558 3175 ²⁰⁴
1581 3141 1608 3196 δὲ

14 3335 129 3383 ioiscitur
140 3335 227 3381 rectam
238 3331 354 3380 rationem
369 3330 461 3380 referat
505 3331 559 3380 iarn
571 3342 629 3378 vero
641 3329 686 3378 tria
699 3332 790 3392 ponunt
836 3331 908 3380 etiam
919 3343 1045 3380 excessum
1057 3332 1129 3381 erite
1141 3332 1221 3394 probis
1234 3333 1369 3381 troneinitrus
1382 3335 1426 3382 rite
1436 3335 1517 3383 meritis
1528 3337 1608 3384 nrodis

14 3423 140 3485 praecipua
151 3421 207 3470 ritae
217 3431 313 3480 genera,
326 3417 428 3478 regium,
440 3417 509 3466 cirita
518 3419 543 3466 ei
553 3417 749 3479 philosophiam,
760 3431 790 3466 ac
837 3425 932 3479 patere,
946 3419 1067 3482 impmbos
1084 3425 1167 3469 eontra
1188 3434 1218 3469 ne
1233 3421 1380 3469 mansionem
1403 3422 1499 3482 quidem
1520 3423 1544 3470 iu
1559 3425 1608 3472 rita

14 3512 127 3560 timiiiter
136 3513 184 3558 tres
194 3508 325 3569 precipuos
340 3505 448 3588 pecunia}
460 3505 594 3566 quaerendae
601 3505 698 3568 modos,
713 3517 788 3554 υιιυιιι
838 3506 935 3566 decere,
947 3507 994 3555 nisi
1009 3508 1190 3569 sapientesiieri
1211 3509 1298 3566 veiint,
1314 3522 1389 3568 quum
1403 3522 1447 3556 nec
1459 3511 1570 3559 virtutem
1583 3511 1606 3558 iu

17 3617 65 3660 ,ατο
76 3612 159 3661 regno,
169 3611 218 3659 qno
229 3597 366 3646 idemsimoi
374 3595 533 3658 regnaisimni
543 3595 614 3656 regiis
622 3595 788 3658 opibusahun-
836 3594 885 3642 vite
895 3593 1014 3653 itabeaat,
1028 3608 1073 3643 nec
1084 3596 1169 3644 uitium
1183 3595 1287 3656 tugient3
1300 3608 1371 3656 porro
1380 3596 1464 3644 oistciis
1475 3611 1607 3659 eourmque

14 3693 67 3752 iat;
76 3691 182 3739 aiterum
195 3686 294 3748 publicis
304 3684 412 3746 negotiis,
422 3684 541 3746 siquidem
551 3683 682 3746 sapientem
692 3696 789 3756 qqoque
834 3681 961 3730 contrariis
970 3682 1044 3730 vitam
1053 3684 1185 3731 mmortem
1198 3680 1298 3730 definiri.
1314 3682 1376 3740 Quin
1388 3685 1459 3730 etiam
1471 3684 1557 3742 injurio
1566 3699 1606 3730 se·

14 3778 127 3830 caedere
142 3776 174 3824 ad
191 3773 359 3836 oempubircam
373 3786 387 3822 e
401 3770 716 3833 preecedentibuueisrcitur,
732 3784 789 3820 eun·
835 3769 937 3827 piantem
945 3781 1026 3817 carere
1037 3769 1132 3826 voiunt,
1147 3769 1234 3830 quippe
1245 3769 1285 3830 qni
1296 3781 1349 3816 eam
1359 3781 1403 3817 nec
1414 3770 1518 3830 patiatur
1529 3784 1606 3832 neque

14 3869 226 3928 temquenxorem
239 3861 366 3908 ducturum
381 3862 405 3908 et
417 3859 504 3908 liberos
518 3861 712 3920 procreatorum,
725 3872 787 3920 quo·
834 3856 922 3913 iaciat,
943 3858 1008 3917 urrod
1030 3855 1116 3915 injuria
1130 3856 1162 3904 uit
1182 3855 1298 3914 injustitia
1316 3856 1432 3905 dedecora
1450 3861 1476 3906 ei
1491 3857 1606 3907 damnum

14 3957 75 4004 iiam
91 3954 146 4002 uec
157 3955 249 3999 uaiurae
260 3947 387 3998 animantis
403 3949 455 3996 inm
467 3946 557 3995 ratione
572 3945 680 4008 praediti,
694 3947 786 3994 turned
833 3941 1035 4010 airis;,praeterea
1047 3957 1125 4004 neque
1134 3943 1224 3991 otiendi
1237 3956 1314 4004 neque
1333 3943 1387 3992 iaedi
1403 3944 1480 3993 virum
1498 3946 1601 4005 borium.

18 4045 65 4090 itae
76 4037 278 4089 communitatem
290 4039 448 4096 motuumque
458 4047 563 4082 amorem
575 4035 623 4082 irati
633 4034 785 4084 conveniant.
834 4035 906 4090 atque
922 4029 1029 4079 accidere
1039 4031 1138 4091 quidem
1150 4030 1270 4078 interdum
1289 4034 1316 4077 ut
1329 4031 1437 4080 nortnniii
1455 4033 1568 4093 injuriose
1582 4040 1607 4082 ei

14 4131 166 4190 parapropter
181 4125 248 4174 incra
262 4137 318 4173 eum
330 4123 449 4172 iactumm
461 4134 513 4170 esee
529 4120 613 4182 partim
629 4122 785 4185 erepublica,
833 4116 1005 4166 contumeliose
1024 4131 1080 4166 enm
1097 4121 1210 4179 tractent,
1227 4120 1268 4167 seii
1289 4119 1356 4166 titum
1371 4120 1408 4168 uei
1428 4121 1462 4168 sic
1483 4121 1506 4169 in
1524 4122 1604 4170 omer..

14 4219 97 4268 artim
111 4231 125 4263 υ
139 4213 239 4274 negotiis
258 4225 314 4273 quaa
328 4223 383 4258 cum
405 4210 488 4258 amicis
508 4208 605 4258 fortuna
624 4208 786 4270 superioribus
833 4217 944 4266 manere,
966 4205 1154 4266 injustitiamque
1167 4205 1199 4253 ad
1219 4204 1321 4254 nitritum
1338 4210 1458 4254 recoctam
1474 4221 1528 4256 esse
1544 4209 1605 4268 iupe-

14 4307 93 4355 σω.
109 4298 286 4363 Dempnistica
298 4304 377 4346 autem
391 4302 443 4346 arte
454 4295 600 4358 pecuniaque
615 4296 669 4344 iude
680 4297 786 4346 iacienda
832 4290 977 4350 riam‚aiios
989 4293 1068 4354 potius
1079 4292 1261 4340 dedecorantem
1275 4293 1316 4353 qni
1331 4306 1383 4340 eam
1396 4294 1510 4342 inierunt.
1538 4296 1606 4343 Liire·

15 4392 82 4442 toici
98 4387 233 4437 secundum
246 4385 367 4434 notionem
381 4383 443 4432 iuter
456 4395 481 4432 se
491 4382 664 4432 dimenaeruut.
675 4385 708 4430 iit
722 4382 784 4430 euim
832 4390 884 4425 urm
898 4379 979 4426 autem
994 4380 1025 4426 ab
1035 4393 1064 4426 ee
1075 4392 1126 4427 esse
1138 4379 1269 4444 sapientpm
1283 4380 1325 4439 qui
1345 4380 1494 4428 dehonestari
1506 4383 1605 4429 omnino

14 4493 28 4524 r.
45 4475 140 4536 opitius
161 4471 276 4522 doctrinar
298 4469 413 4519 beneflcio
434 4469 586 4531 acquirendis
601 4481 630 4516 ac
645 4468 754 4516 mercede
771 4482 784 4515 a
831 4468 949 4526 nequeat,
965 4466 1078 4527 quioniam
1091 4466 1114 4514 iu
1128 4481 1154 4514 se
1179 4467 1228 4527 ipso
1241 4466 1328 4515 traheei
1342 4466 1432 4515 botrum
1453 4481 1482 4516 ac
1500 4468 1604 4516 divinam

14 4562 125 4614 tediosis
136 4558 265 4621 aliquando
277 4558 393 4620 erigenda
402 4560 571 4606 consenserunt
585 4571 591 4600 ε
607 4556 640 4604 iia
650 4555 679 4604 dc
689 4556 784 4604 notione
831 4555 943 4602 uirtutem
951 4558 975 4603 ei
989 4554 1076 4603 idcirco
1085 4567 1175 4602 sacrius
1184 4555 1216 4602 sii
1224 4555 1254 4602 atr
1262 4554 1326 4603 omni
1337 4555 1394 4603 vitto
1401 4561 1425 4602 et
1432 4567 1502 4603 noua.
1514 4559 1603 4616 itegna·

14 4649 243 4702 naeetanrinitinter
254 4648 306 4696 iiius
317 4647 444 4707 ιεῖεεειιείο,
457 4659 530 4707 quum
539 4646 578 4694 aiii
590 4645 635 4693 Ιιοο
644 4645 721 4707 ipsum
734 4658 784 4694 eme
829 4645 909 4691 terrum
918 4642 1147 4704 quoqueaiiqnando
1159 4641 1227 4702 ajrtnt
1236 4644 1458 4704 sapientemetcum
1469 4645 1602 4705 regibusui·

14 4742 115 4792 icerent
137 4737 268 4798 sonantum
288 4749 369 4796 agere,
391 4739 486 4794 acceptu
507 4733 615 4782 mercede
630 4733 784 4795 piriiosopiriae
829 4734 931 4794 iturum,
939 4733 979 4794 qui
990 4733 1077 4782 bonam
1086 4732 1339 4782 iudoiemacdisrendi
1347 4734 1502 4796 cupiditatem
1516 4749 1564 4796 prae
1577 4751 1603 4784 se

14 4828 125 4885 rcere-pta
148 4823 259 4879 tradere,
273 4821 312 4871 aiii
329 4835 377 4870 rein
396 4821 460 4869 iiiam
474 4819 608 4880 improbum
627 4819 685 4881 quid
708 4820 783 4868 conti-
830 4818 912 4868 ierant.
925 4820 1263 4882 Diximusauiempruoedenti
1271 4821 1421 4882 explicationi
1430 4823 1602 4871 conuenienter

14 4927 57 4962 ere
78 4913 264 4978 arhiirprentur,
284 4910 351 4971 qrraai
367 4909 461 4956 itteram
467 4921 490 4955 m
510 4909 597 4964 studia,
608 4909 674 4956 tuero
693 4907 781 4969 prosti-
829 4909 948 4958 ciuitatem
960 4909 1031 4957 etiarn
1043 4921 1056 4956 a
1067 4908 1173 4971 sapiente
1186 4910 1233 4969 regi
1246 4918 1323 4970 posse,
1334 4913 1358 4957 ai
1369 4922 1415 4956 uon
1435 4923 1505 4970 posse
1517 4912 1565 4968 roei
1581 4913 1600 4958 si

14 5016 81 5053 iere,
95 5013 176 5060 neque
188 4999 273 5047 derare
282 4999 446 5046 existimarent
462 4995 633 5056 equinustttret
646 4993 783 5043 hominibus
828 5010 875 5059 qna
892 5009 929 5045 res
943 4995 987 5058 ipsi
1002 4998 1065 5044 esset
1084 4995 1255 5056 impedimento
1267 4994 1296 5042 nd
1311 4995 1480 5056 rempublicam
1499 4996 1602 5045 admini-

14 5087 162 5138 stitniionia
171 5085 275 5150 pretium
285 5097 391 5148 posuere,
402 5084 457 5148 quia
470 5083 637 5144 aeepecuoiae
644 5081 782 5144 cotttgendre
828 5082 1292 5144 strandam,maxiruequeaipatriaenitrii
1301 5083 1601 5133 utttttettsattatormeun

18 5180 61 5227 tio
76 5174 261 5238 aptrttosoptdae
270 5173 382 5237 dignitate
396 5173 540 5222 antrorrorct.
568 5173 640 5232 diunt
654 5171 782 5232 aliquando
831 5171 979 5233 puleticorum
996 5171 1143 5232 negotiorum
1159 5170 1263 5230 gestione
1278 5184 1361 5231 taragna
1376 5170 1483 5232 duraque
1498 5172 1600 5231 turieuia

1498 5260 1519 5300 θ’.
