3959 5925
145 2614 149 2619 .
177 2612 190 2619 χ
248 2572 271 2609 c.
283 2584 315 2595 -
331 2559 380 2622 (te)
396 2558 511 2621 Polybius
522 2558 576 2607 hist.
596 2557 636 2606 lib.
650 2560 684 2618 Π,
701 2561 730 2605 39
745 2556 862 2612 ικαθόθς
876 2557 920 2619 γὰρ
931 2557 1025 2620 καιροὺς

149 500 153 505 ¹
256 434 291 477 ιι
883 418 1202 480 ositremont
1265 372 1270 381 ’

251 550 413 631 lustinum)
430 550 491 630 (ιθ)
513 552 640 611 sodalitii
660 553 736 640 juris
757 566 933 611 sacramente
956 573 1028 630 quo·
1075 552 1233 627 nonaginta
1250 564 1316 609 octe
1331 560 1475 610 annerum
1488 570 1576 610 senex
1597 552 1660 611 luit.
1683 552 1765 611 Patet
1787 552 1843 613 hee

252 639 317 696 dam
338 641 424 712 nexi,
450 652 607 720 separatam
631 659 648 698 a
670 641 779 699 caeteris
800 638 915 699 civibus
936 641 1025 697 vitam
1071 660 1130 699 nen
1142 641 1234 715 magis
1257 639 1470 698 exlambliche
1484 639 1543 719 (αδ)
1558 642 1609 717 qui
1632 639 1842 719 philosophum

235 723 406 801 degerent,
420 729 503 805 quasi
522 742 628 787 cretum
650 727 835 790 clandestinae
849 726 1026 803 conjuratio·
1071 727 1107 785 ad
1119 728 1307 786 centesimum
1319 745 1401 805 paene
1410 746 1517 784 annum
1527 728 1706 804 pervenisse,
1723 748 1810 803 quam
1825 748 1843 787 e

252 813 298 873 nis
312 813 449 871 habentes
464 815 609 873 civitatem
625 815 657 872 in
674 826 710 873 'se
731 828 947 891 converterunt,
962 836 1027 893 quae
1070 813 1172 872 Teetze
1187 814 1245 892 (οδ)
1257 815 1313 890 qui
1321 813 1556 872 undecentesimo
1571 832 1647 871 anno
1669 832 1736 871 eum
1750 816 1846 892 exspi·

253 918 450 958 emnesunam
465 902 497 959 in
516 901 634 959 demum
656 901 812 978 aliquando
837 913 1026 976 congregatos
1070 921 1149 960 rasse
1161 901 1292 960 tradidit.
1812 924 1818 930 ·

252 1004 379 1044 cremare
394 988 497 1047 voluit.
512 988 546 1045 ln
557 1008 615 1065 quo
631 989 755 1046 tumultu
773 988 921 1063 sexaginta
936 988 1027 1046 ferme
1109 988 1153 1045 Ex
1165 988 1212 1046 bis
1233 1008 1297 1063 quae
1311 987 1526 1066 disputavimus
1547 987 1673 1046 efficitur
1696 988 1769 1047 false
1783 990 1845 1068 Py-

251 1076 382 1152 periere3
404 1076 500 1132 caeteri
527 1076 559 1133 in
582 1075 717 1133 exsilium
746 1074 878 1151 prefecti.
927 1072 1027 1151 Neque
1070 1075 1197 1151 thagorae
1211 1075 1384 1153 discipulum
1397 1074 1519 1133 Numam
1535 1074 1729 1132 Romanorum
1748 1095 1846 1151 regem

253 1162 344 1219 multo
357 1175 424 1240 post
438 1182 502 1238 quae
516 1164 548 1220 in
562 1163 627 1221 aliis
645 1182 761 1241 quoque
779 1180 890 1238 magnae
904 1160 1026 1219 Graeciae
1070 1162 1220 1242 perhiberi
1235 1162 1306 1242 (ορ),
1316 1181 1402 1239 quem
1417 1174 1531 1220 eentum
1543 1161 1668 1238 amplius
1679 1163 1765 1220 annis
1779 1175 1846 1219 ante

251 1248 368 1327 oppidis
407 1248 547 1323 vigebant
585 1248 830 1325 Pythagoreorum
852 1258 855 1261 ’
875 1250 1026 1307 societates
1070 1251 1199 1309 Samium
1219 1251 1425 1330 philosophum
1438 1252 1548 1309 vixisse
1562 1251 1639 1307 inter
1661 1269 1760 1308 omnes
1774 1271 1847 1309 cen·

250 1336 471 1394 distractaesunt
484 1336 551 1414 (19).
572 1337 713 1419 Caeterum
737 1336 916 1412 Pythagoras
935 1356 1026 1413 quum
1070 1352 1133 1398 stat.
1157 1339 1208 1397 Est
1228 1340 1306 1397 enim
1324 1339 1472 1397 memoriae
1491 1338 1639 1415 proditum
1664 1358 1681 1396 a
1702 1338 1850 1399 Cicerone

251 1443 342 1482 annos
357 1425 464 1499 viginti
478 1424 604 1483 Crotone
619 1426 734 1502 egisset,
759 1424 954 1501 Metapontum
971 1424 1026 1483 mi·
1071 1427 1107 1484 de
1122 1426 1246 1505 Repubi.
1262 1426 1316 1484 lib.
1330 1424 1359 1482 ll
1374 1445 1438 1503 cap.
1455 1425 1489 1481 15
1502 1425 1571 1504 (σθ),
1583 1424 1776 1502 Pythagoram
1788 1426 1846 1483 Su-

252 1514 348 1588 gravit
357 1512 459 1588 ibique
474 1512 600 1572 decessit
613 1511 683 1591 (ao).
698 1508 789 1587 Cujus
804 1523 883 1569 tanta
897 1510 1025 1569 admira·
1069 1512 1161 1591 perbo
1175 1526 1310 1591 quartum
1322 1512 1383 1589 jam
1399 1532 1508 1570 annum
1529 1524 1667 1587 regnante
1683 1512 1715 1568 in
1729 1510 1845 1570 ltaliam

249 1600 291 1657 tio
318 1598 389 1669 luit,
414 1611 447 1655 ut
472 1618 510 1655 ex
533 1600 619 1656 domo
644 1598 707 1674 ejus
733 1598 870 1673 templum
902 1597 1025 1655 facerent
1070 1601 1203 1673 venisse,
1220 1621 1237 1660 a
1257 1599 1341 1662 Livio
1359 1614 1454 1658 autem
1468 1600 1522 1657 lib.
1542 1599 1555 1658 l
1577 1618 1640 1676 cap.
1660 1600 1695 1656 ιθ
1709 1618 1774 1657 eum
1790 1603 1848 1659 sub

248 1704 372 1763 eumque
397 1685 520 1761 prodeo
536 1681 745 1763 celerentiari.
764 1683 818 1741 Sed
840 1686 903 1742 sive
917 1698 1027 1743 naturae
1070 1687 1174 1746 Servio
1189 1687 1288 1746 Tullio
1309 1706 1378 1763 rege
1399 1688 1429 1746 in
1450 1687 1553 1746 ultima
1577 1685 1667 1745 ltaliae
1689 1706 1741 1743 era
1765 1688 1847 1746 eirca

249 1772 391 1831 concessit
403 1770 596 1847 Pythagoras,
607 1772 668 1830 sive
682 1769 760 1849 quod
776 1770 826 1828 alii
839 1771 938 1829 dicunt
947 1770 1026 1830 belle
1071 1775 1268 1853 Metapontum
1286 1776 1509 1851 Heracleamque
1522 1786 1551 1831 et
1563 1773 1718 1832 Crotonem
1731 1776 1848 1833 studie-

249 1861 339 1939 periit
350 1859 426 1936 (aa),
443 1872 550 1917 certum
565 1860 681 1918 videtur
694 1878 760 1918 eum
784 1871 928 1917 mortuum
944 1878 1024 1933 esse,
1070 1882 1165 1921 serum
1181 1863 1321 1941 juvenum
1336 1863 1584 1921 eoetushebuisse.

249 1948 425 2022 simulatque
444 1946 568 2023 Cylonei
591 1961 692 2006 centra
708 1948 905 2025 Pythagoreos
924 1947 1025 2025 eonju—
1110 1946 1238 2009 Uxoreni
1259 1950 1341 2008 duxit
1366 1949 1500 2023 Theano,
1516 1948 1650 2006 Brontini
1670 1946 1848 2006 Crotoniatae

250 2032 466 2111 reverimini).
489 2033 597 2093 Exorta
611 2048 655 2093 est
669 2046 762 2093 autem
781 2035 959 2112 conspiratio
973 2035 1026 2092 iiia
1074 2038 1181 2109 filiam,
1197 2058 1213 2095 e
1231 2059 1289 2116 qua
1309 2050 1415 2116 praeter
1430 2037 1586 2111 'l'elaugem
1606 2048 1635 2093 et
1650 2034 1848 2094 Mnesarchum

250 2122 422 2199 paulopost
440 2118 566 2199 Sybarin
587 2121 806 2181 a'Croteniatis
826 2122 946 2183 deletam
967 2120 1025 2200 (αἱ.)
1071 2126 1146 2183 filios
1161 2128 1269 2197 Demo,
1287 2125 1394 2202 Myiam
1414 2138 1443 2183 et
1463 2125 1622 2200 Arignoten
1648 2123 1724 2181 filias
1746 2142 1846 2181 susce-

250 2214 380 2291 adeeque
395 2213 474 2271 cirea
488 2233 596 2273 annum
613 2227 679 2273 ante
693 2212 760 2271 Chr.
781 2233 811 2271 n.
830 2213 948 2271 510ve1
967 2224 1025 2269 ter·
1070 2216 1116 2290 pit
1141 2215 1227 2292 (ορ),
1251 2233 1350 2273 omues
1374 2212 1536 2272 studiorum
1562 2228 1678 2269 suorum
1700 2215 1793 2269 socies
1818 2225 1849 2269 et

250 2307 320 2359 tium
340 2301 522 2380 Olympiadis
543 2303 592 2375 67,
617 2320 677 2379 quo
703 2312 832 2377 tempere
846 2300 1027 2377 Pythagoras
1072 2302 1292 2378 praeclarissima
1306 2301 1498 2379 philosophie}
1518 2302 1578 2359 tum
1598 2301 1785 2359 luminatum
1799 2320 1850 2357 er·

249 2488 375 2552 γνωρίμους
390 2489 446 2552 ἐσχε
454 2487 546 2542 πλείους
561 2489 576 2545 ἢ
598 2487 739 2543 ἑξακοσίους.
755 2512 786 2522 -
802 2486 851 2548 (te)
873 2487 983 2535 lustinus
1006 2488 1024 2536 l.
1069 2490 1301 2552 διαφθαρῆναι,θντας
1309 2490 1364 2551 πρὸς
1370 2488 1547 2553 τετταράκοντα,
1556 2490 1673 2551 διαφυγεῖν
1681 2488 1847 2551 δ’όλιγίστους·

1069 2560 1102 2609 ὧν
1112 2560 1141 2619 ῆν
1152 2561 1192 2609 καί
1206 2558 1339 2622 Ἀρχύταςθ
1353 2561 1491 2621 Ταραντῖνος
1503 2560 1544 2607 καί
1556 2560 1629 2615 Λύσις
1647 2560 1661 2607 θ
1677 2560 1849 2622 προειρημένος.

249 2630 333 2686 ἐντοῖς
347 2631 406 2678 κατὰ
416 2631 458 2688 τὴν
467 2628 567 2679 Ἰταλίαν
578 2627 658 2684 τόποις
667 2663 674 2688 ,
684 2627 746 2675 κατὰ
758 2628 800 2686 τὴν
813 2629 914 2690 μεγάλην
924 2626 1025 2676 Ἐλλάδα
1070 2631 1137 2687 Φησὶ
1151 2630 1176 2679 δέ
1187 2630 1328 2693 Δικαίαρχος
1340 2630 1380 2678 τόν
1395 2629 1535 2692 Πυθαγόραν
1549 2629 1673 2678 ἀποθανεῖν
1685 2630 1851 2691 καταφυγόντα

248 2702 301 2751 τότε
314 2702 554 2765 προσαγορευομένην,
564 2700 691 2761 ἐνέπρησαν
700 2697 729 2745 τὰ
740 2698 848 2759 συνέδρια
861 2702 907 2747 τῶν
917 2698 1025 2757 Πυθαγο-

249 2771 326 2835 ρείων,
339 2772 398 2833 μετὰ
406 2776 480 2819 ταῦτα
492 2770 516 2819 δέ
529 2769 664 2831 γιγνομένου
681 2768 807 2829 κινήματος
821 2769 958 2831 ὁλοσχεροῦς
968 2768 1023 2829 περὶ

248 2841 289 2898 τὰς
306 2841 422 2896 πολιτείας
440 2842 516 2902 (ὅπερ
532 2840 607 2899 είκός,
622 2842 654 2895 ὡς
669 2840 696 2887 ἀν
714 2843 760 2887 τῶν
778 2838 876 2901 πρώτων
897 2839 985 2899 ἀνδρῶν
1004 2839 1027 2893 ἐξ

207 2908 208 2911 ’
249 2910 347 2969 ἐκάοτης
357 2909 444 2965 πόλεως
457 2910 519 2958 οὕτω
534 2910 671 2972 παραλόγως
682 2908 873 2972 διαφθαρέντων),
888 2909 972 2966 ουνέόη
984 2909 1026 2965 τὰς

249 2980 300 3028 κατ’
309 2979 409 3034 ἐκείνους
428 2979 482 3048 τοὺς
504 2978 589 3034 τόπους
603 2979 736 3034 Ἑλληνικὰς
755 2977 831 3032 πόλεις
853 2979 1025 3036 ἀναπλησθῆναι

248 3049 318 3108 φόνου
334 3051 374 3097 καί
398 3047 504 3103 στάσεως
528 3049 568 3096 καὶ
586 3049 734 3106 παντοδαπῆς
754 3052 866 3110 ταραχῆς.
881 3046 1026 3096 Plutarchus

248 3119 355 3180 degente
367 3117 471 3166 socratis
484 3122 521 3178 te,
530 3117 578 3166 vot.
589 3119 612 3166 x
624 3129 676 3178 pag.
689 3121 731 3165 321
743 3115 780 3165 ed.
794 3118 892 3165 Πυθίου.
905 3135 911 3164 :
922 3117 971 3166 ἐπεὶ
982 3117 1027 3180 γὰρ

248 3189 354 3244 ἐξέπεσον
367 3189 391 3235 al
404 3187 465 3234 κατὰ
482 3185 560 3242 πόλεις
581 3187 678 3248 ἑταιρίαν
698 3189 744 3233 τῶν
761 3187 926 3248 Πυθαγορικῶν
945 3185 1026 3235 στοίσει

247 3259 419 3322 κρατηθέντων,
431 3262 478 3312 τοῖς
492 3257 511 3304 δ’
520 3255 553 3304 ἐτι
575 3261 718 3304 συνεστῶσιν
736 3256 760 3302 ἐν
780 3256 933 3318 Μεταποντίῳ
948 3272 1027 3304 συνεν-

248 3327 377 3390 εδρεύουσιν
396 3327 419 3375 ἐν
436 3325 494 3389 einp
508 3329 554 3390 πῦρ
569 3327 591 3374 el
614 3325 741 3373 Κυλώνειοι
761 3324 897 3386 περιένησαν
915 3325 955 3373 καί
977 3326 1023 3374 διό·

178 3389 181 3396 ⁴
247 3399 339 3460 φθειραν
355 3398 379 3446 ἐν
391 3396 468 3459 τούτῳ
479 3397 580 3454 πάντας,
596 3396 654 3453 πλὴν
666 3393 782 3445 Φιλολάου
794 3394 834 3442 καί
846 3394 954 3456 Λύσιδος,
968 3396 1025 3444 νέων

247 3467 320 3516 όντων
330 3467 363 3516 ἐτι
376 3467 443 3531 pcipe
457 3467 496 3514 καί
511 3465 636 3528 κουφότητι
656 3464 839 3524 διασωσαμένων
849 3465 877 3513 τὸ
889 3469 943 3527 πῦρ,
954 3465 1025 3514 Φιλό-

247 3541 301 3596 λαος
308 3539 348 3600 μὲν
358 3539 389 3594 είς
397 3537 528 3593 Λευκανούς
539 3536 625 3598 φυγὼν,
635 3535 720 3584 ἐκεῖθεν
727 3535 805 3592 ἐσώθη
815 3534 870 3596 πρὸς
882 3535 935 3592 τοὺς
943 3535 1025 3592 ἀλλους

247 3607 323 3670 φίλους
328 3609 372 3667 ἤδη
380 3607 447 3658 πάλιν
456 3606 627 3670 ἀθροιζομένους
632 3605 672 3654 καί
676 3609 816 3668 κρατοῦντας
822 3609 869 3652 τῶν
878 3606 1023 3654 Κυλωνείων·

248 3678 321 3735 Λύσις
333 3677 358 3726 δέ
369 3677 429 3725 ὅπου
443 3678 552 3738 γέγονεν,
571 3676 676 3736 ἠγνοεῖτο
695 3675 767 3723 πολὺν
782 3672 871 3735 χρόνον·
887 3675 945 3732 πλήν
955 3692 982 3735 γε
995 3677 1024 3734 δὴ

171 3741 172 3746 ’
248 3746 343 3808 Γοργίας
361 3747 503 3800 όΛεοντῖνος
522 3745 548 3792 ἐκ
559 3749 601 3802 τῆς
613 3745 720 3800 Ἑλλάδος
734 3743 855 3793 ἀναπλέων
868 3746 899 3800 είς
919 3745 1025 3793 Σικελίαν

247 3815 372 3876 ἀπήγγειλε
384 3819 433 3869 τοῖς
447 3815 498 3876 περὶ
511 3815 620 3877 Ἄρκεσον
635 3814 749 3877 βεόαίως,
765 3816 849 3866 Λύσιδι
861 3815 1024 3878 συγγεγονέναι

247 3885 385 3948 διατρίθοντι
401 3883 453 3946 περί
466 3883 557 3942 θήόας.
569 3910 600 3918 -
614 3883 663 3946 (20)
682 3885 765 3934 (licere
782 3885 812 3936 de
832 3884 920 3934 fluibus
936 3885 978 3936 lib.
1003 3889 1024 3934 V

247 3969 300 4018 esp.
315 3962 329 4006 υ
342 3973 348 4004 ι
361 3954 414 4004 Seis
427 3953 490 4003 euim
503 3965 542 4002 me
555 3952 660 4016 quedam
672 3956 781 4016 tempere
795 3956 962 4016 Metapontum
980 3966 1022 4004 ve·

248 4029 311 4077 uiue
324 4027 419 4086 tectim,
433 4037 476 4073 nee
486 4024 517 4072 sd
531 4023 649 4086 hospitem
666 4027 722 4072 arete
737 4024 877 4084 devertisse,
890 4037 962 4085 quam
979 4028 1023 4086 Py·

247 4097 354 4160 thagerre
363 4095 442 4158 ipsum
454 4094 521 4144 ilium
531 4093 611 4143 lecum
618 4129 626 4157 ,
635 4093 676 4142 ubi
684 4094 758 4142 vitam
769 4093 883 4154 ediderat,
895 4094 1024 4156 sedemque

249 4166 358 4218 viderim.
370 4194 400 4208 -
412 4165 461 4228 (at)
475 4165 585 4215 turstinus
596 4166 614 4214 1.
629 4178 651 4214 e.
665 4164 778 4214 similiter
788 4165 905 4226 Diogenes
914 4159 1024 4215 Laertius

247 4239 289 4289 lib.
302 4241 369 4300 vul,
391 4243 419 4288 1⁵
433 4250 440 4280 ἐ
454 4236 623 4287 Μεταποντῖνοί
644 4252 671 4295 γε
684 4238 729 4296 μὴν
746 4237 788 4295 τῆν
802 4235 842 4298 μὲν
857 4234 932 4284 οίκίαν
951 4238 1024 4286 αὐτοῦ

247 4308 367 4373 Δήμητρος
381 4309 441 4373 ίερθν
450 4308 560 4369 ἐκάλουν,
572 4307 612 4356 τὸν
625 4309 743 4357 στενωπόν
755 4307 779 4356 δὲ
790 4313 908 4370 μουσεῖον,
921 4308 953 4363 ῶς
965 4324 1022 4370 φησι

247 4380 383 4444 Φαδωρῖνος
392 4381 416 4429 ἐν
425 4379 584 4433 παντοδαπαῖς
595 4378 718 4442 ἱστορίαις.
729 4379 807 4427 Διίίει
819 4377 967 4438 Porphyrius
979 4377 1022 4427 vit.

247 4449 348 4512 Pylbeg.
363 4451 474 4512 ςΤίμαιος
486 4450 510 4498 δέ
520 4449 656 4510 Ιοτορείτὴν
668 4448 743 4497 οίκίαν
755 4449 875 4511 Δήμητρος
887 4449 947 4508 isphr
957 4451 1025 4506 ποιῆ-

247 4537 287 4569 σαι
297 4522 350 4577 τοὺς
361 4521 540 4584 Κροτωνιάτας,
555 4520 595 4568 τόν
606 4519 631 4567 δέ
644 4520 762 4568 στενωπόν
776 4520 854 4568 καλεῖν
867 4523 982 4578 μουσεῖον.
993 4544 1025 4556 -

248 4591 297 4654 (να)
319 4592 435 4652 Diogenes
454 4589 563 4639 Laertius
584 4588 625 4637 lib.
650 4591 719 4650 vill,
736 4593 836 4640 (tlt-ie:
858 4587 963 4636 ἐτελεύτα
976 4587 1025 4637 eli

246 4661 382 4722 Πυθαγόρας
390 4666 471 4711 τοῦτον
481 4663 520 4709 τόν
535 4659 634 4723 τρόπον·
649 4660 821 4723 συνεδρεύοντος
835 4658 894 4720 μετὰ
906 4663 954 4706 τῶν
967 4675 1024 4707 συν-

246 4731 309 4788 ήθων
320 4731 344 4779 ἐν
361 4735 390 4791 τῆ
401 4732 506 4786 Μίλωνος
520 4730 583 4791 elain
596 4729 695 4784 τούτου,
709 4729 757 4780 όπό
772 4745 833 4784 τινος
846 4733 893 4778 τῶν
907 4729 939 4786 μή
951 4743 1025 4791 παρα-

246 4801 317 4862 δοχῆς
328 4798 482 4860 ἀξιωθέντων,
492 4801 531 4849 διὰ
544 4799 625 4860 φθόνον
640 4802 816 4866 ὑποπρησθῆναι
824 4799 866 4858 τῆν
879 4797 955 4846 οίκίαν
966 4814 1023 4846 συν-

247 4870 298 4927 ἐδη·
314 4869 372 4925 τινές
388 4869 408 4918 δ’
419 4871 501 4927 αύτούς
511 4871 564 4926 τοὺς
576 4871 736 4933 Κροτωνιάτας
750 4873 818 4919 τοῦτο
831 4868 929 4931 πρᾶξαι,
941 4883 1024 4928 τυραν-

245 4941 305 4995 νίδος
326 4939 427 4989 ἐπίθεσιν
448 4941 636 5003 εύλαθουμένους.
654 4942 700 4990 Τόν
720 4942 748 4999 δὴ
763 4939 901 5002 Πυθαγόραν
923 4937 1025 4994 καταλη·

246 5013 328 5072 φθῆναι
338 5011 456 5066 διεξιόντα·
467 5012 508 5058 καί
520 5011 576 5076 πρός
589 5029 634 5061 τινι
646 5011 728 5074 χωρίῳ
743 5011 863 5072 γενόμενος
878 5006 958 5071 πλήρει
969 5003 1024 5053 κυά·

247 5099 297 5142 μων
311 5080 391 5131 αὐτόθι
409 5082 465 5141 ἐστη
481 5081 567 5143 είπῶν,
578 5084 665 5132 άλῶναι
679 5083 765 5144 μᾶλλον
778 5079 914 5140 ῆπατῆοοίι·
932 5077 1024 5138 ἀναιρε-

247 5153 312 5208 θῆναι
331 5151 355 5200 δέ
367 5157 468 5214 κρεῖττον
488 5153 627 5211 ἢλαλῆσαι·
641 5153 681 5201 καὶ
698 5151 744 5200 ὦδε
755 5151 810 5214 πρὸς
828 5153 875 5197 τῶν
893 5147 1025 5198 διωκόντων

248 5219 419 5284 ἀποσφαγῆναι.
432 5221 500 5272 Οὕτω
517 5222 542 5271 δέ
551 5223 590 5270 καί
607 5222 660 5277 τοὺς
672 5220 764 5275 πλείους
775 5223 822 5268 τῶν
837 5215 933 5280 ἑταίρων
952 5215 1025 5264 αὑτοῦ

1074 2702 1106 2755 είς
1128 2700 1155 2749 td
1171 2700 1195 2748 ἐν
1213 2698 1367 2759 Μεταποντίῳ
1390 2700 1450 2761 ἱερὸν
1469 2704 1516 2747 τῶν
1541 2701 1659 2761 Μουσῶν,
1675 2698 1847 2761 τετταράκοντα

1070 2770 1155 2831 ἡμέρας
1165 2770 1316 2826 ἀσιτήσαντα.
1328 2769 1480 2831 Ἡρακλείδης
1491 2769 1517 2817 δέ
1528 2785 1597 2830 φησιν
1607 2772 1667 2831 ἐντῇ
1682 2774 1728 2817 τῶν
1742 2768 1850 2831 Σατύρου

1071 2837 1129 2898 βίων
1137 2840 1250 2900 ἐπιτομῆ,
1262 2838 1320 2898 μετὰ
1330 2838 1357 2886 τὸ
1370 2837 1442 2899 θάψαι
1452 2838 1583 2900 Φερεκύδην
1592 2838 1615 2885 ἐν
1627 2838 1709 2901 Δήλῳ,
1718 2837 1849 2887 ἐπανελθεῖν

1070 2910 1102 2963 είς
1114 2907 1228 2966 Ἰταλίαν,
1247 2909 1287 2956 καί
1305 2908 1446 2957 πανδαισίαν
1457 2908 1553 2971 εὑρόντα
1565 2908 1676 2965 Μόλωνος
1693 2912 1735 2957 τοῦ
1752 2910 1850 2971 Κροτω·
1927 2915 1931 2925 ’

1070 2979 1149 3027 νιοίτου
1159 2981 1192 3034 είς
1206 2979 1367 3031 Μεταπόντιον
1379 2979 1488 3037 ἐξελθεῖν,
1498 2979 1568 3027 κάκεῖ
1575 2980 1614 3027 τὸν
1625 2979 1676 3040 βίον
1686 2980 1848 3041 καταστρέψαι

1071 3048 1165 3111 ἀσιτίᾳ,
1185 3049 1216 3111 μὴ
1234 3048 1373 3111 βουλόμενον
1385 3050 1513 3111 περαιτέρω
1526 3053 1574 3111 ζῆν.
1591 3049 1725 3111 Ἕρμιππος
1737 3049 1761 3096 δέ
1775 3065 1846 3110 φησι,

1070 3119 1234 3180 πολεμούντων
1245 3119 1426 3180 Ἀκραγαντίνων
1441 3120 1481 3166 καί
1496 3118 1671 3179 Συρακουσίων,
1684 3120 1780 3175 ἐξελθεῖν
1789 3120 1850 3180 μετὰ

1070 3193 1117 3236 τῶν
1129 3188 1234 3245 συνήθων
1245 3189 1286 3237 τὸν
1297 3186 1449 3250 Πυθαγόραν,
1460 3190 1647 3249 καίπροστῆναι
1657 3192 1705 3235 τῶν
1721 3191 1848 3248 Ἀκραγαν-

1070 3258 1151 3306 τίνων·
1165 3263 1250 3321 τροπῆς
1264 3258 1290 3306 et
1305 3256 1427 3317 γενομέναις
1444 3254 1633 3317 περικάμπτοντα
1654 3255 1725 3303 αὐτὸν
1740 3256 1782 3312 τῆν
1800 3261 1848 3303 τῶν
1857 3246 1871 3272 ⁸

1073 3327 1171 3388 κυάμων
1184 3328 1264 3388 χώραν
1275 3325 1322 3374 ύπδ
1331 3330 1377 3373 τῶν
1391 3323 1556 3384 Συρακουσίων
1571 3322 1733 3383 ἀναιρεθῆναι,
1749 3321 1804 3378 τούς
1821 3339 1849 3371 τε

1069 3397 1176 3457 λοιπούς,
1188 3397 1255 3452 ὄντας
1272 3395 1329 3458 πρὸς
1340 3395 1392 3450 τοὺς
1411 3395 1479 3442 πέντε
1495 3395 1535 3441 καὶ
1551 3392 1694 3456 rossum·
1706 3393 1731 3442 ἐν
1747 3391 1848 3454 Τάραντι

1068 3468 1256 3525 κατακαυθῆναι,
1278 3466 1382 3520 θέλοντας
1404 3463 1616 3512 ἀντιπολιτεύεσθαι
1635 3468 1684 3518 τοῖς
1704 3467 1847 3524 προεστῶσι.

1068 3567 1099 3579 -
1111 3538 1160 3600 (23)
1170 3535 1318 3586 lamblichus
1326 3535 1369 3584 vit.
1378 3533 1450 3595 Pyth.
1460 3547 1513 3594 cap.
1524 3538 1564 3592 35,
1573 3546 1596 3594 φ.
1610 3538 1667 3581 200.
1679 3532 1768 3594 -(tl)
1781 3531 1848 3581 idem

1068 3608 1126 3658 ibid.
1139 3621 1163 3669 ρ.
1176 3605 1317 3670 ινα-(τῦ)
1327 3604 1380 3654 ibid
1392 3616 1415 3652 ο.
1429 3607 1468 3663 tte,
1479 3616 1503 3665 φ.
1518 3607 1571 3652 213.
1580 3627 1611 3638 -
1621 3602 1671 3664 (te)
1684 3603 1782 3651 Taetzes
1793 3603 1849 3651 chi·

1068 3678 1125 3728 littd.
1136 3677 1178 3727 lib.
1194 3679 1237 3736 xl,
1246 3689 1282 3724 vs.
1293 3678 1340 3724 tte
1351 3694 1358 3724 ι
1371 3673 1476 3724 θύτωτδ
1485 3679 1531 3738 stirp
1542 3677 1573 3728 ῶς
1582 3674 1688 3735 λέγωσιν
1700 3673 1849 3735 ἐκπεφευγὼς

1068 3749 1095 3798 τὸ
1106 3747 1173 3807 τότε,
1184 3747 1272 3809 Φνγιόν
1280 3760 1306 3794 τε
1314 3745 1371 3809 πρός
1387 3743 1545 3802 Μετοίποντον,
1560 3745 1663 3792 Μουσῶν
1673 3742 1696 3790 ἐν
1709 3747 1742 3804 τῷ
1755 3745 1850 3804 τεμένει

1069 3820 1136 3868 ’listi
1144 3833 1170 3866 τε
1181 3812 1398 3878 συγαρνπτόμενος,
1408 3815 1477 3877 ἄρτον
1489 3817 1570 3877 φαγεῖν
1584 3813 1628 3861 ούκ
1642 3811 1704 3874 ἐχων
1715 3811 1764 3873 Ἐφ’
1784 3813 1848 3867 θλαις

1069 3887 1248 3950 τεσσαράκοντα
1260 3884 1372 3947 ῆμίραις,
1385 3885 1446 3946 λιμῷ
1462 3883 1568 3943 θνήσκει,
1579 3881 1654 3930 Ἐτῶν
1666 3878 1777 3943 ὑπάρχων
1790 3884 1850 3931 ἐκα-

1068 3959 1108 4008 τόν
1119 3958 1179 4016 πλὴν
1193 3956 1258 4011 ἐτους
1279 3954 1329 4010 ἐνδς
1347 3953 1427 4017 μόνου.
1443 3977 1474 3988 -
1492 3951 1541 4014 (27)
1563 3949 1635 4000 Ouid.
1653 3951 1711 3998 Mei.
1729 3949 1770 3998 lib.
1792 3951 1849 4011 itu,

1068 4032 1114 4080 tte
1125 4040 1193 4089 seqq.
1204 4051 1237 4062 —
1249 4024 1299 4088 (κθ)
1311 4023 1349 4073 Gi.
1361 4022 1458 4074 Tuseol.
1472 4021 1514 4070 lib.
1527 4022 1562 4070 lv
1575 4032 1629 4079 esp.
1643 4025 1665 4077 ι,
1677 4025 1702 4067 et
1713 4017 1754 4065 tle.
1771 4021 1847 4080 Icap.

1070 4104 1107 4148 le.
1119 4123 1151 4135 ·-
1165 4096 1214 4159 (αθ)
1228 4094 1300 4156 eleg.
1315 4095 1393 4144 Ltert.
1406 4092 1447 4142 llb.
1465 4093 1531 4149 vlu,
1542 4093 1572 4138 tt
1584 4088 1629 4148 τῆν
1640 4088 1665 4136 δέ
1676 4093 1711 4149 τῷ
1720 4087 1849 4151 Πυθαγόρα

1069 4169 1110 4218 καί
1121 4168 1197 4229 γυνή,
1209 4165 1292 4216 eme
1305 4163 1393 4228 ὄνομα,
1410 4161 1533 4226 Βροντίνου
1544 4163 1587 4208 τοῖν
1599 4156 1762 4218 Κροτωνιάτου
1779 4158 1848 4218 θυγά-

1067 4257 1118 4302 τηρ.
1129 4241 1160 4288 Oi
1169 4237 1195 4287 δέ
1204 4240 1304 4298 γυναῖκα
1318 4235 1359 4298 μίν
1372 4235 1432 4283 εἶναι
1443 4229 1581 4296 Βροντίνου,
1591 4227 1716 4291 μαθίγτριαν
1732 4227 1757 4275 δέ
1766 4229 1848 4277 Πυθα-

1068 4309 1146 4372 γόραν.
1163 4307 1210 4357 Ἦν
1229 4304 1295 4368 αύτῷ
1315 4306 1356 4355 καὶ
1373 4302 1473 4365 θύγατερ
1493 4299 1583 4360 sepe,
1601 4298 1633 4353 ῶς
1654 4312 1710 4358 φησι
1729 4295 1801 4352 Λύσις
1823 4297 1849 4344 ἐν

1068 4378 1180 4440 ἐπιστολῇ
1190 4380 1220 4438 τῆ
1230 4375 1287 4436 πρὸς
1298 4374 1437 4437 Ἵππαρχον.
1455 4370 1488 4420 ld.
1500 4369 1543 4418 tie.
1560 4369 1628 4428 vlu,
1638 4369 1668 4416 43
1682 4384 1688 4414 ι
1705 4365 1785 4426 ἦνκαὶ
1798 4368 1847 4422 tu-

1067 4449 1154 4511 λαύγης
1168 4447 1218 4502 υίδς
1227 4446 1315 4504 αύτού,
1332 4443 1406 4500 θςκαί
1416 4440 1530 4496 διεδέξατο
1539 4436 1580 4486 τόν
1592 4437 1689 4499 πατέρα.
1700 4435 1850 4497 Porphyrius

1068 4520 1111 4570 vit.
1126 4518 1202 4581 Pyib.
1214 4537 1221 4566 ε
1234 4517 1299 4566 ἀλλον
1308 4515 1332 4564 δέ
1347 4514 1375 4563 ἐκ
1391 4515 1492 4565 essue<
1505 4514 1545 4567 τῆς
1556 4507 1726 4566 Πυθώνακτος,
1738 4505 1766 4553 τό
1782 4505 1850 4566 γένος
1909 4569 1915 4579 1

1069 4591 1186 4654 Κρήσσης,
1195 4589 1247 4637 υίδν
1256 4583 1366 4645 Τηλαύγη
1375 4580 1512 4642 Πυθαγόρου
1522 4577 1679 4641 ἀναγράφουσι
1685 4576 1726 4624 καί
1733 4575 1848 4635 θυγατέρα

1068 4664 1155 4721 Μυῖαν,
1166 4662 1189 4707 el
1201 4659 1227 4707 δέ
1236 4658 1277 4706 καὶ
1293 4654 1438 4717 ’λριγνώτηα
1450 4647 1658 4700 Contremuere.
1676 4647 1721 4694 til.
1739 4644 1811 4704 Pylis.
1824 4646 1848 4704 1,

1069 4735 1097 4782 27
1117 4735 1143 4780 et
1164 4729 1250 4780 Pelius
1263 4730 1297 4786 il,
1313 4731 1337 4776 3.
1352 4723 1457 4774 soleas:
1475 4722 1697 4784 θεανῶχΚρῆοσα,
1713 4717 1847 4778 φιλόσοφος,

1069 4800 1169 4862 θυγάτηρ
1176 4801 1218 4862 ptr
1225 4797 1388 4856 Πυθώνακτος,
1397 4793 1488 4857 γαμετὴ
1498 4793 1523 4843 δέ
1531 4795 1573 4841 τοῖν
1585 4789 1687 4852 μεγάλω
1696 4786 1847 4850 Πυθαγόρου,
1918 4803 1925 4811 ·
1961 4828 1962 4835 ,

1068 4873 1092 4928 ἐξ
1103 4871 1131 4921 ee
1142 4871 1200 4932 ἐσχε
1209 4867 1332 4928 Τηλαύγην
1341 4867 1381 4915 καὶ
1391 4865 1533 4926 Μνήσαρχαν
1546 4862 1588 4910 καί
1598 4861 1680 4909 Μυῖαν
1689 4858 1731 4906 καί
1742 4855 1848 4918 Ἀριγνώ-

1067 4957 1118 4999 την.
1126 4939 1192 4994 Τινές
1203 4939 1227 4987 δέ
1239 4935 1362 4998 Βροντίνου
1371 4941 1484 4996 γυναῖκα,
1494 4937 1536 4981 τού
1547 4927 1714 4990 Πυθαγορείου.
1724 4926 1843 5006 Γράφουσι

1068 5011 1092 5059 δέ
1100 5011 1141 5058 καί
1155 5010 1184 5058 τό
1192 5009 1258 5070 γόνος
1268 5009 1434 5069 Κροτωνιᾶτιν.
1444 5003 1561 5065 Ἐγραύεν
1572 4997 1729 5060 ὑπομνήματα
1734 4995 1848 5058 φιλοσαφα

1068 5080 1109 5128 καί
1121 5079 1289 5141 ἀποφθέγματα
1299 5076 1339 5125 καί
1353 5074 1444 5138 ποίημά
1456 5090 1478 5123 τι
1489 5070 1519 5121 δι’
1530 5071 1602 5118 ἐπῶν.
1619 5067 1730 5118 clemens
1746 5064 1847 5115 Aleten·

1068 5150 1153 5200 dtittus
1164 5153 1253 5200 Situm.
1268 5147 1311 5198 llb.
1326 5149 1338 5198 l
1350 5162 1375 5211 ρ.
1395 5149 1440 5196 809
1452 5146 1471 5193 (ί
1487 5161 1494 5192 τ
1511 5137 1611 5204 Δίδυμος
1620 5139 1644 5188 ἐν
1657 5143 1691 5202 τῷ
1704 5135 1757 5200 περί
1769 5135 1847 5184 Πυθα·

1069 5226 1164 5285 χορικῆς
1173 5219 1308 5283 φιλοσοφίας
1324 5217 1406 5269 θεονόα
1422 5215 1465 5272 τὴν
1484 5213 1641 5275 Κρανωνιᾶτιν
1660 5207 1754 5271 πρῶτον
1772 5219 1850 5267 γυναι·
