3959 5925
823 342 981 403 TlMAEUS
1003 341 1200 403 emensis.
1758 354 1811 407 idi

211 476 365 525 immobiliter
376 474 569 537 quiescentium
589 478 670 525 motus
685 478 801 537 actusque
823 477 849 525 et
868 477 997 549 certamen·
1036 475 1148 537 ilsgruns.
1182 475 1307 537 Siquidem
1330 476 1437 527 Timaeus
1456 476 1503 526 iste
1523 489 1552 525 es
1575 477 1670 539 locris,
1687 490 1743 539 qum
1757 478 1816 527 urbs

209 566 308 629 aliquod
327 578 411 615 eorum
435 571 543 627 spectare
567 564 706 613 desideret:
721 564 756 613 sic
775 578 818 625 eqo
840 577 906 613 nunc
924 565 991 615 urbis
1035 562 1114 614 lislice
1128 562 1174 613 ilos
1187 565 1238 627 esi,
1248 562 1385 625 nobilitate,
1395 564 1485 613 divitiis
1494 600 1502 625 ,
1512 578 1592 615 rerum
1606 568 1727 626 gestarum
1740 566 1815 629 gloria

212 658 348 708 intormeire
365 654 582 716 adumbroinmque
601 667 710 705 sermone
731 654 860 717 populum,
878 658 986 716 egentem

210 744 303 807 aliquid
325 756 382 793 curn
408 742 516 791 srnltirnis
539 740 679 791 civitatibus
705 742 729 791 in
752 754 823 804 pace,
846 746 888 791 sui
907 742 985 803 bello,

181 826 187 836 '
212 834 311 896 dignum
322 835 389 881 iunia
403 831 480 890 fania,
490 835 515 878 et
526 830 679 889 erlncniione,
692 842 778 891 magna
797 829 901 891 quodam
918 844 990 893 erpe-

213 921 317 971 ciallone
328 918 441 981 deposco.
474 917 568 980 Quippe
579 919 662 975 iirteur,
674 916 773 967 oeritia
784 919 809 965 ei
820 918 990 977 Hermocraie,

213 1022 261 1060 non
275 1020 331 1057 euin
344 1018 397 1056 esse
411 1018 463 1066 nie,
474 1004 516 1067 qui
527 1008 617 1053 iannrn
629 1003 733 1053 indolem
744 1004 814 1065 digne
829 1002 925 1053 lsudsre
937 1017 991 1066 pos·

213 1097 268 1147 sim.
301 1098 350 1145 liee
374 1092 479 1154 mirum,
498 1106 547 1141 non
563 1105 632 1155 posse
650 1104 703 1154 me3
724 1091 820 1151 quando
835 1104 880 1141 nec
896 1098 990 1163 peteres

210 1183 312 1248 quidem
323 1184 443 1241 oratores,
457 1180 495 1231 rei
505 1179 630 1242 praeseniis
639 1179 712 1228 seculi
724 1184 821 1241 poetas,
833 1192 904 1241 posse
915 1180 991 1229 conli-

215 1274 279 1323 dam.
313 1272 365 1320 lion
380 1266 445 1331 quod
465 1272 618 1317 contemnam
640 1266 756 1329 poetiemn
778 1268 924 1317 nationem:
948 1267 990 1317 sed

212 1358 279 1423 quod
293 1356 392 1407 euidens
406 1354 606 1418 perspicuumque
618 1354 663 1415 sit,
676 1354 784 1404 imitandi
797 1354 887 1417 peritos
908 1368 936 1404 ca
947 1355 990 1404 dc·

216 1460 283 1497 murn
302 1442 411 1494 aemniori
430 1454 502 1505 posse
514 1443 631 1505 perfecie,
644 1455 746 1504 quorum
760 1441 790 1491 ob
806 1441 903 1492 ineunte
920 1445 991 1492 misle

215 1532 317 1581 irnbeeni
329 1544 400 1581 usum
412 1531 639 1593 experientiamque,
648 1534 673 1579 et
682 1532 707 1578 in
717 1529 804 1591 quibus
817 1530 990 1592 propemodum

213 1621 262 1669 sini
273 1618 375 1669 educati.
407 1620 438 1668 st
455 1630 511 1666 iero
528 1617 639 1679 incogniti
658 1616 731 1666 moris
753 1616 931 1679 peregrinisque
952 1618 990 1666 in·

213 1707 345 1757 stitutionis
361 1706 519 1755 irnituliunenr
527 1740 535 1765 ,
547 1704 651 1755 cisiniani
666 1705 798 1767 preeserlim
811 1704 933 1765 oratione,
948 1718 990 1755 sen

213 1794 339 1855 versibus,
360 1792 480 1855 preclaris
504 1792 558 1841 licet
582 1792 798 1854 prnesinntibusque
820 1791 920 1853 ingeniis
938 1804 990 1841 csse

213 1880 342 1931 diiiiciiem.
375 1880 514 1942 Sophlsies,
529 1892 667 1942 quenquam
690 1879 822 1929 verborum
847 1878 941 1941 agmine
955 1881 989 1929 st·

213 1982 259 2031 que
280 1968 398 2017 sermonis
416 1966 570 2017 inundatione
593 1966 676 2015 beatos
691 1964 788 2028 indico,
807 1979 891 2015 vereor·
911 1970 990 2015 lemen

212 2070 242 2106 ne
261 2059 288 2105 ui
301 2060 358 2105 suni
370 2056 424 2117 rogi
439 2055 608 2118 palantesque,
625 2068 669 2104 nee
689 2055 761 2105 certis
779 2054 929 2118 propriisque
949 2068 989 2105 se-

212 2143 283 2195 dibus
310 2156 338 2193 ne
369 2142 511 2203 domiciliis,
534 2143 690 2205 philosophos
719 2156 796 2192 mores
821 2146 846 2192 et
879 2142 989 2191 instituta

212 2232 289 2281 civilis
301 2230 432 2294 prudeniirc
449 2244 493 2281 nec
506 2228 643 2292 coniectura
657 2230 754 2293 quidem
768 2230 863 2292 assequi
874 2230 970 2280 valeant
984 2250 989 2279 :

1035 652 1107 701 tscilc
1119 652 1230 714 princeps
1248 666 1256 701 τ
1271 651 1383 713 idemque
1404 651 1434 700 ad
1447 651 1493 700 hoc
1515 653 1612 714 ternpus
1626 665 1706 703 arcem
1725 653 1818 704 obtinet

1037 738 1127 809 auroris
1141 738 1271 800 sapientire.
1305 738 1404 788 critiam
1426 750 1497 799 vero,
1519 738 1602 800 utpote
1614 739 1709 800 civem,
1726 741 1817 789 seimus

1036 826 1060 875 in
1074 826 1163 875 studiis
1172 826 1327 876 irurnsuitntis
1339 825 1452 875 omnibus
1465 826 1671 888 opprimerigere.
1704 830 1741 877 De
1757 830 1817 877 ller-

1036 913 1150 963 mocralis
1161 928 1233 977 porro
1246 919 1345 974 natura,
1359 914 1499 965 educatione
1512 914 1586 973 iacit,
1597 919 1622 964 et
1634 916 1818 966 accommodati

1039 1003 1112 1053 rebus
1123 1002 1166 1063 iis,
1185 1002 1215 1051 de
1227 1003 1316 1066 quihus
1328 1004 1434 1065 agimus,
1450 1002 1612 1066 explicandis,
1631 1003 1740 1053 urrhlnre
1760 1006 1816 1054 nul·

1038 1088 1092 1138 lum
1106 1092 1175 1151 puto.
1209 1088 1316 1151 ideoque
1326 1089 1395 1139 robis
1409 1090 1550 1151 jubentibus
1564 1092 1677 1142 iresterna
1692 1091 1732 1142 die
1749 1091 1817 1142 tache

1036 1177 1120 1241 parui;
1132 1190 1235 1240 quaeque
1252 1178 1312 1227 milri
1326 1178 1379 1227 viss
1401 1184 1460 1227 suni
1474 1178 1505 1227 de
1523 1180 1627 1242 publicis
1647 1180 1721 1230 rebus
1742 1180 1818 1231 nisse·

1037 1265 1110 1315 reoda
1118 1278 1182 1325 esse,
1191 1265 1291 1329 impigre
1300 1279 1356 1315 sum
1364 1270 1493 1317 exsecutos
1502 1282 1508 1312 ι
1517 1266 1577 1317 ἰΙίυθ
1586 1268 1702 1329 cogitent,
1713 1268 1818 1331 reliquas

1037 1356 1118 1417 paries
1131 1352 1235 1403 instituti
1249 1355 1329 1415 operis
1343 1368 1357 1403 a
1374 1355 1441 1404 nolio
1455 1355 1503 1404 alio
1515 1356 1668 1405 commodius
1680 1369 1749 1419 posse
1769 1362 1818 1406 iro-

1036 1440 1106 1491 ctari.
1139 1441 1248 1503 Denique
1257 1442 1352 1504 expleto
1364 1446 1527 1505 competenter
1536 1443 1631 1504 oiticlo,
1640 1444 1755 1506 finitoque
1768 1457 1818 1494 ser·

1038 1544 1124 1592 mone,
1140 1530 1251 1580 contendi
1268 1543 1284 1579 a
1302 1530 1371 1579 robis
1391 1544 1488 1594 quoque
1507 1534 1621 1581 moinum
1642 1532 1708 1594 tieri;
1724 1546 1817 1595 rosque

1038 1618 1181 1680 imperatum
1193 1631 1282 1667 munus
1295 1617 1418 1681 recepistis
1433 1634 1440 1666 ι
1453 1622 1479 1669 ci
1489 1619 1575 1668 edsnrn
1583 1655 1592 1681 ,
1605 1622 1634 1669 ui
1649 1620 1755 1682 ridetis,
1773 1635 1814 1684 pa-

1037 1711 1103 1755 ratus
1113 1705 1144 1754 ad
1159 1705 1303 1767 desponsam
1315 1706 1410 1768 dapem.

1068 1793 1083 1857 §
1099 1798 1122 1843 i.
1139 1797 1212 1845 illiti.
1230 1797 1281 1844 lios
1292 1789 1388 1857 quoque
1406 1808 1507 1857 omnes,
1519 1800 1547 1845 ut
1563 1797 1682 1859 pollicitus
1695 1800 1732 1848 est
1744 1800 1817 1848 ruodo

1036 1882 1141 1932 Timaeus
1150 1918 1158 1943 ,
1167 1884 1299 1945 injunctum
1310 1881 1380 1932 nobis
1388 1896 1402 1930 a
1411 1884 1435 1931 te
1444 1895 1533 1931 nrunus
1544 1895 1589 1945 pro
1598 1882 1689 1933 viribus
1698 1898 1815 1948 exseque-

1038 1984 1115 2021 mur:
1134 1971 1269 2034 presertim
1292 1984 1348 2019 cum
1364 1970 1431 2019 nulla
1450 1968 1583 2020 excusandi
1603 1975 1726 2033 competat
1746 1973 1815 2021 ratio.

1036 2058 1147 2118 Namque
1159 2058 1184 2106 et
1197 2056 1322 2119 praeieriio
1338 2056 1377 2105 die
1394 2070 1450 2105 mox
1471 2062 1593 2107 conventu
1608 2057 1771 2121 solum-com
1786 2059 1817 2109 ed

1038 2142 1168 2205 hospitium
1186 2144 1337 2205 rediremus,
1351 2156 1400 2205 quo
1419 2146 1526 2207 susecpti
1545 2159 1559 2194 a
1579 2145 1655 2196 critis
1675 2160 1776 2208 sumus;
1792 2150 1816 2197 et

1038 2232 1125 2281 ibidem
1132 2237 1216 2295 posteo
1224 2230 1255 2279 de
1263 2231 1314 2293 ipse
1326 2244 1351 2280 re
1363 2230 1491 2281 habuimus
1500 2236 1629 2282 tractatum
1640 2247 1689 2283 non
1701 2234 1815 2285 otiosum.

213 2332 256 2369 uec
272 2320 435 2369 demonstrare
448 2319 557 2379 cmieris,
570 2318 705 2380 cirinsmodi
722 2318 824 2369 debeant
840 2332 893 2368 esse
912 2318 989 2367 oilrcio
1037 2319 1086 2369 liic
1092 2320 1164 2379 igitur
1176 2319 1246 2369 nobis
1261 2331 1292 2368 err
1304 2319 1404 2370 historia
1414 2324 1495 2370 vetere
1507 2321 1667 2371 narrationem
1677 2323 1815 2374 recensuit:

215 2412 312 2469 pocota;
326 2409 351 2455 ei
364 2406 456 2455 iteruin
473 2406 543 2455 bellis
557 2406 616 2456 tides
626 2407 733 2468 provecti
745 2406 776 2455 ad
792 2406 930 2469 sapientiem
945 2419 990 2469 po·
1036 2420 1108 2469 quarn
1118 2407 1206 2469 veiim,
1218 2406 1305 2467 critis,
1316 2410 1424 2471 repetes:
1436 2410 1464 2456 ut
1477 2421 1532 2457 cunr
1542 2410 1682 2471 cognoverit
1690 2412 1815 2471 Socrates,

215 2495 273 2557 puli.
306 2494 506 2557 superestigitur
516 2493 595 2543 solum
608 2494 848 2545 resirm‘erudiiionis
860 2494 992 2556 ingenium,
1037 2493 1154 2554 aesiimei,
1166 2492 1228 2541 sitne
1245 2492 1324 2541 tuturo
1341 2492 1406 2542 utilis
1428 2494 1458 2542 ad
1473 2494 1596 2555 imperatis
1617 2496 1816 2545 remunerationis

212 2584 330 2630 nutritum
356 2594 412 2631 curs
428 2581 538 2645 publica,
556 2581 759 2645 philosophiaeque
781 2582 883 2631 naturali
911 2582 992 2631 studio
1038 2581 1158 2631 ellectum.

212 2784 239 2841 δὲ
263 2784 377 2861 ἄγοντα,
395 2788 430 2851 είς
446 2784 586 2861 ἐπιθυμίαν
602 2784 721 2865 ἀρίιιοιτο
740 2785 882 2844 θεάσασθαι
902 2784 986 2843 κινού·
1034 2806 1092 2862 χον.
1133 2781 1247 2857 Τίμαιός
1262 2804 1289 2838 τε
1306 2780 1356 2859 γὰρ
1377 2780 1438 2853 ὅδε,
1453 2780 1636 2857 sinopensis-q<
1656 2783 1693 2841 ὢν
1714 2784 1814 2854 πόλεως

211 2870 278 2943 μενά
291 2893 319 2927 τε
334 2869 400 2928 αὐτὰ
412 2870 456 2928 καί
468 2895 493 2928 τι
507 2876 559 2930 τῶν
573 2882 627 2938 τοῖς
637 2871 742 2948 σώμασι
753 2874 895 2932 δοκούντων
909 2899 990 2955 προσ·
1034 2875 1080 2940 τῆς
1094 2871 1119 2925 ἕν
1133 2868 1236 2948 Ἰταλίᾳ
1249 2866 1373 2948 Λοκρίδος
1378 2913 1387 2943 ,
1400 2868 1476 2948 οὐσίᾳ
1490 2868 1535 2926 καί
1548 2870 1617 2945 γένει
1627 2871 1728 2938 οὐδενος
1738 2872 1813 2932 iim·

210 2957 283 3030 ήκειν
300 2956 425 3031 κατδιτῆν
449 2961 562 3038 ἀγωνίαν
579 2964 717 3022 ἀθλοῦντα.
759 2965 863 3023 Ταύτὸν
878 2965 922 3022 καὶ
938 2963 989 3043 ἐγὼ
1036 2980 1077 3035 ρος
1087 2955 1124 3015 ὧν
1137 2957 1188 3015 τῶν
1201 2955 1329 3033 {cenric
1341 2954 1465 3034 μογίοπος
1479 2955 1526 3034 μὲν
1542 2957 1625 3038 ἀρχάς
1638 2982 1666 3018 πν
1676 2961 1720 3018 πολ
1735 2962 1814 3039 νομὰς

210 3045 326 3105 πέποιθα
342 3049 405 3124 προς
416 3047 464 3118 τήν
479 3047 553 3108 πολιν
571 3049 602 3119 ήν
620 3050 774 3126 διήλθομεν·
793 3050 876 3122 ἡδέως
890 3053 940 3134 γὰρ
956 3055 986 3112 ἄν
1033 3050 1086 3104 τῶν
1106 3047 1133 3102 ἕν
1157 3048 1190 3122 πῇ
1211 3045 1287 3103 πολοῑ
1307 3043 1551 3123 μῑππποχοίρῑοποον
1568 3046 1721 3128 φνλοοορίος
1736 3048 1759 3106 δ’
1776 3041 1810 3108 οὗ

210 3157 255 3192 τον
270 3131 340 3213 λόγῳ
358 3134 492 3204 διεξιόντος
514 3137 654 3213 ἀκούσαιμ’
677 3138 723 3215 ἄν,
741 3139 831 3206 ἄθλους
851 3140 893 3207 οὒς
912 3141 989 3208 πόλις
1033 3137 1092 3192 κοτ’
1109 3134 1175 3207 ἷμλν
1190 3133 1265 3202 δόξαν
1282 3133 1323 3191 ἶπ’
1341 3133 1420 3212 ἄνομον
1437 3133 1543 3204 indeq<
1563 3133 1686 3205 ἐλήλυθε·
1703 3139 1814 3217 Κριτίαν

211 3224 299 3299 diist,
311 3221 416 3291 τούτους
428 3223 509 3296 αὐτὴν
522 3225 713 3302 ἀγωνιζομένην
725 3226 788 3306 πρὸς
799 3230 886 3295 πόλεις
898 3231 987 3302 ἄλλας,
1034 3220 1063 3279 δέ
1079 3245 1130 3281 πον
1144 3223 1240 3288 πάντες
1260 3224 1284 3280 οῖ
1304 3223 1362 3301 τῇδ’
1376 3221 1452 3297 iopes
1466 3221 1567 3288 οὖδονος
1580 3223 1686 3296 ἶδῑῶπην
1702 3224 1765 3284 ὄντα
1778 3218 1814 3286 ὧν

209 3308 357 3388 πρεπόντως
371 3310 407 3377 εἴς
420 3336 448 3370 τε
463 3313 578 3388 πολεμον
592 3315 750 3394 ἀφικομένην
763 3315 808 3380 καί
821 3319 897 3396 ε’ντῷ
910 3321 987 3376 πολε·
1032 3306 1157 3385 λέγομεν·
1174 3313 1221 3380 πῆς
1243 3308 1264 3366 δ’
1285 3307 1481 3389 Ἕρμονροῖπονς
1508 3301 1541 3368 οὗ
1563 3310 1624 3392 πὲρῑ
1646 3312 1745 3389 οὗοοονς
1769 3313 1813 3372 πολ

210 3408 267 3475 μεῖν
277 3397 310 3456 rh
320 3400 486 3479 προσήκοντα
497 3404 670 3462 ἀποδιδοῦσαν
683 3407 716 3481 τῇ
730 3405 835 3484 παιδείᾳ
849 3406 893 3464 καὶ
904 3412 988 3486 τροφῇ
1032 3401 1143 3482 πμνίοῆς,
1160 3396 1223 3477 πρὸς
1235 3396 1340 3454 ἅπαντα
1354 3400 1430 3470 ταῦτ’
1445 3389 1512 3456 Εἶναί
1527 3400 1619 3469 ἷκννῆς
1630 3401 1735 3458 πολλῶν
1747 3423 1814 3479 μορ·

209 3484 277 3543 κατά
293 3507 320 3541 τε
340 3485 386 3551 τὰς
406 3489 433 3544 ἓν
456 3487 508 3554 τοῖς
524 3485 607 3566 ἔργοις
622 3487 727 3566 πράξεις
743 3489 788 3546 καὶ
810 3489 879 3546 κατὰ
895 3489 942 3557 τὰς
961 3494 986 3549 ἐν
1033 3485 1178 3562 τυρούντιον
1192 3483 1355 3548 πιστευτέον.
1397 3484 1445 3543 dri
1459 3484 1504 3544 καὶ
1516 3484 1577 3564 χθὲς
1593 3485 1644 3563 ἐγὼ
1660 3488 1814 3564 διανοούμε-

208 3579 261 3638 τοῑς
277 3570 362 3644 λόγοις
378 3574 570 3651 διερμηνεύσεις
591 3575 654 3654 πρὸς
671 3576 781 3642 ἑκάστας
796 3581 847 3634 τῶν
867 3577 981 3638 πολεων.
1035 3593 1075 3637 νος
1094 3574 1166 3648 ὑμῶν
1196 3570 1324 3646 δεομένων
1345 3571 1378 3629 πολ
1401 3571 1461 3652 πορλ
1485 3577 1532 3642 τῆς
1555 3573 1686 3637 πολιτείας
1707 3577 1813 3634 διελθεῖν
1843 3615 1854 3622 ·

209 3665 293 3722 Ταῦτ’
310 3653 370 3732 οὖν,
389 3651 411 3718 ιδ
432 3662 526 3742 Κριτία
541 3663 585 3720 καὶ
599 3661 794 3742 Ἑρμόκρατες,
810 3667 923 3741 ἐμαυτοῦ
940 3667 987 3742 μὲν
1034 3657 1172 3735 προθύμως
1187 3658 1363 3737 ἕχορῑίόμην,
1380 3658 1454 3724 οἶδὼς
1464 3657 1504 3717 &i
1521 3658 1566 3716 τον
1580 3659 1638 3729 iffi<
1652 3660 1730 3737 λόγον
1742 3663 1813 3722 otii-

208 3748 286 3814 αὐτὸς
305 3746 458 3824 κατέγνωκα
482 3748 520 3823 μή
540 3753 599 3808 ποτ’
614 3749 645 3808 ἂν
665 3751 771 3817 δυνατὸς
790 3753 909 3826 γενέσθαι
929 3753 988 3822 τοὺς
1033 3767 1074 3813 νίς
1089 3743 1120 3803 in
1141 3743 1743 3823 1’νμῖἶννίθῑλόνπννίνπνώπῑμοννῖποὸοἷον·οἷς
1762 3748 1813 3829 γὰρ

213 3835 305 3916 ἄνδρας
326 3834 371 3892 καὶ
394 3833 441 3905 τήν
460 3835 534 3894 πολιν
556 3839 651 3903 ἱκανῶς
671 3838 845 3915 ἐγκωμιάσαι.
890 3840 942 3899 liei
957 3843 988 3901 τὸ
1033 3831 1147 3906 nilepov
1167 3830 1301 3910 πρέποντα
1318 3831 1533 3902 κπῖπνπνίνπνῖος
1548 3832 1596 3904 'dri
1616 3833 1692 3893 πολιν
1717 3836 1813 3896 &mis

211 3922 257 3996 μὲν
273 3921 335 4000 ἐμδν
347 3922 420 3982 οὐδὲν
437 3925 600 4004 θαυμαστόνῇ
618 3925 685 3984 ἀλλὰ
703 3927 750 3996 τήν
763 3923 843 3996 αὐτὴν
860 3926 934 3996 δόξαν
950 3929 986 3989 εἴ·
1033 3919 1101 3996 νῧῖῇ
1116 3917 1150 3975 τὰ
1164 3917 1331 3998 προσήκοντα
1345 3919 1462 3977 ἀποδῶτ’
1477 3919 1508 3978 ἂν
1521 3919 1598 3994 ’μόνοι
1610 3923 1662 3979 ῖῶν
1672 3928 1726 3984 νῦν·
1769 3927 1814 3985 Εἶ-

209 4005 279 4081 ληρα
290 4001 403 4079 καὶπερὶ
416 4007 467 4060 τῶν
478 4001 562 4061 πάλαι
573 4005 717 4081 γεγονότων
727 4003 834 4063 καὶτῶν
845 4011 889 4064 νῦν
903 4009 987 4068 όντων
1032 4003 1089 4062 πὼν
1100 4005 1132 4076 δὴ
1144 4005 1339 4086 τάπιταγθίντα
1351 4007 1511 4076 ἀντεπίταξα
1522 4011 1583 4084 ὑμῖν
1592 4007 1609 4065 ά
1617 4010 1662 4068 καὶ
1674 4017 1718 4070 νῦν
1730 4011 1811 4091 λέγω·

210 4093 343 4161 ποιητῶν,
358 4091 387 4146 οὗ
402 4113 428 4146 τι
450 4091 480 4147 τὸ
501 4092 635 4161 ποιητικὸν
654 4092 786 4168 ἀτιμάζων
807 4093 895 4170 γένος,
920 4093 987 4152 ἀλλά
1034 4091 1261 4172 ξυνωμολογήσατ’
1276 4083 1320 4154 ούν
1336 4098 1410 4174 κοινῇ
1425 4095 1662 4177 σκεψάμενοιπρδς
1680 4103 1748 4175 ὑμᾶς
1763 4104 1813 4160 αύ-

208 4177 287 4234 παντὶ
302 4178 380 4247 δῆλον
398 4180 432 4243 ὣς
446 4177 476 4236 τὸ
492 4179 634 4256 μιμητικὸν
650 4180 732 4249 ἔθνος,
750 4171 788 4246 οἶς
806 4181 836 4238 ἂν
852 4183 985 4261 ἐντραφῇ,
1033 4180 1092 4247 τοὺς
1106 4185 1142 4248 εἷς
1163 4187 1207 4240 νῦν
1230 4183 1425 4242 ἀνταποδώσειν
1446 4208 1491 4260 μοι
1510 4183 1544 4244 rt
1560 4189 1611 4244 τῶν
1627 4185 1711 4264 λόγοιν
1727 4185 1813 4262 ξένια,

209 4270 292 4321 ταῦτα
311 4264 457 4341 μιμήσεται
475 4270 560 4346 ῥᾷστα
574 4267 620 4326 καί
636 4267 746 4346 άριστα,
765 4267 795 4326 τὸ
815 4267 838 4326 δ’
856 4270 929 4336 ἐκτὸς
941 4274 988 4341 τῆς
1032 4270 1144 4347 πάρειμί
1155 4294 1182 4329 τι
1195 4262 1239 4329 σύν
1252 4270 1284 4342 δὴ
1300 4271 1496 4350 κεκοσμημένος
1512 4275 1553 4330 ἐπ’
1566 4273 1634 4334 αύτδι
1647 4274 1693 4333 καὶ
1706 4280 1813 4335 πάντων

209 4356 305 4431 τροφῆς
320 4351 439 4420 ἑκάστοις
453 4353 604 4431 γιγνόμενον
624 4355 740 4434 χαλεπὸν
763 4355 809 4429 μὲν
831 4357 932 4438 ἔργοις,
950 4360 988 4420 ἔτι
1033 4359 1198 4433 ἑτοιμότατος
1211 4357 1247 4417 ὢν
1260 4359 1394 4439 δέχεσθαι.

209 4441 235 4497 δὲ
249 4440 434 4520 χαλεπώτερον
448 4439 533 4519 λόγοις
547 4435 575 4501 εύ
590 4445 737 4520 μιμεῖσθαι.
779 4445 819 4505 'li
833 4445 860 4504 δὲ
875 4451 926 4505 τῶν
938 4472 988 4507 σο·
1072 4449 1125 4522 §t.
1150 4449 1208 4507 ΕΡ.
1225 4447 1286 4507 ’Καὶ
1316 4449 1363 4525 μὲν
1387 4448 1435 4521 δή,
1461 4448 1581 4530 καθάπερ
1611 4441 1667 4509 εἶπε
1700 4451 1813 4527 Τίμαιος

210 4531 306 4606 φιστῶν
321 4525 394 4605 γένος
409 4519 442 4585 oi
456 4531 560 4590 πολλῶν
576 4531 623 4608 μὲν
637 4532 721 4609 λόγων
738 4531 782 4590 καλ
798 4534 885 4591 καλῶν
901 4535 987 4592 ἄλλων
1035 4533 1097 4607 iis,
1117 4525 1310 4613 ἀιΣιύκρατες,
1326 4537 1386 4596 ούτε
1407 4537 1561 4617 ἐλλείψομεν
1577 4538 1722 4619 προθυμίας
1740 4539 1812 4598 οὐδὲν

210 4615 282 4686 μάλα
306 4613 431 4694 ἔμπειρον
454 4614 572 4694 ἥγημαι,
593 4617 724 4699 ρούοῦμαι
746 4619 773 4676 δὲ
794 4619 832 4696 μή
848 4643 919 4692 πως,
942 4621 987 4680 ἅτε
1035 4621 1090 4680 οὔτ’
1101 4621 1172 4681 ἔστιν
1185 4626 1295 4701 οὐδεμία
1310 4624 1438 4704 πρόφασις
1452 4629 1516 4702 ἡμῖν
1530 4634 1576 4686 τοῦ
1590 4626 1628 4703 μὴ
1642 4629 1704 4708 δρᾷν
1720 4634 1814 4704 ταῦτα,
1841 4663 1844 4670 -

208 4702 339 4772 πλανητὸν
355 4701 383 4761 δν
398 4702 467 4762 sord
476 4704 562 4772 πόλεις
573 4707 686 4777 οἰκήσεις
697 4730 724 4764 τε
734 4706 800 4773 iiie<
812 4709 915 4787 οὐδαμῇ
927 4710 987 4790 διῳ-
1033 4711 1102 4772 ὥστε
1122 4714 1167 4774 καί
1190 4714 1250 4794 χθὲς
1270 4714 1344 4781 εὐθὺς
1363 4714 1482 4786 ἐνθένδε,
1498 4714 1588 4786 ἐπειδὴ
1606 4716 1680 4794 παρδι
1701 4715 1814 4794 Κριτίαν

208 4785 304 4860 κηκός,
321 4789 434 4868 ἄστοχον
450 4792 506 4867 ἅμα
521 4793 668 4876 ριλοσόρων
679 4795 777 4873 ἀνδρῶν
792 4785 809 4873 ᾖ
824 4797 869 4854 καλ
886 4799 987 4856 πολιτι-
1034 4801 1099 4882 πρὸς
1109 4801 1154 4861 τὸν
1168 4801 1283 4875 ξενῶνα,
1299 4795 1329 4863 oi
1343 4803 1388 4862 καί
1401 4803 1585 4881 καταλύομεν,
1599 4802 1759 4885 ἀφικόμεθα,
1768 4805 1814 4864 καί

207 4876 278 4950 κῶν,
293 4874 332 4934 όσ’
345 4875 376 4934 διν
391 4869 474 4937 οἷοίτε
490 4881 516 4937 ἐν
539 4882 647 4962 πολέμῳ
661 4884 705 4941 καί
720 4887 817 4963 μάχαις
830 4885 988 4965 πράττοντες
1034 4893 1072 4966 ίτι
1086 4891 1210 4971 πρότερον
1225 4892 1282 4950 καθ’
1297 4892 1355 4950 ὁδὸν
1370 4883 1403 4951 ού
1421 4897 1505 4950 ταῦτα
1520 4895 1693 4970 ἐσκοποῦμεν.
1736 4889 1771 4953 Ὁ
1789 4895 1813 4953 δ’

199 4961 276 5042 Ιἔργῳ
298 4964 344 5022 καὶ
368 4966 438 5048 λόγῳ
463 4972 683 5049 προσομιλοῦντες
707 4972 828 5040 ἑκάστοις
848 4975 986 5050 πράττοιεν
1034 4967 1080 5036 σύν
1096 4983 1161 5049 ἡμῖν
1175 4981 1253 5058 λόγον
1273 4980 1432 5058 εἰσηγήσατο
1449 4984 1479 5038 ἐκ
1494 4981 1610 5049 παλαιᾶς
1624 4979 1752 5052 risone&
1768 4985 1813 5041 καὶ

206 5051 251 5108 καὶ
284 5051 394 5130 λε’γοιεν.
440 5056 653 5117 Καταλέλειπται
682 5061 713 5130 δὴ
737 5059 835 5132 τὸτῆς
861 5065 986 5144 ὑμετέροις
1034 5072 1079 5125 νῦν
1093 5056 1329 5147 λέγε,όοίίριτία,
1346 5068 1486 5148 τῷδε,ίνα
1501 5069 1677 5152 ξυνδοκιμάση
1689 5073 1754 5153 πρὸς
1765 5073 1813 5148 τὴν
1875 5132 1879 5140 ,

207 5135 282 5206 tirus
298 5139 385 5217 γένος,
407 5141 465 5217 ἅμα
482 5145 638 5225 ἀμροτίριον
653 5145 727 5227 φύσει
743 5147 788 5206 καί
805 5155 887 5230 τρορῇ
905 5152 981 5228 μετέ·
1038 5155 1154 5224 ἐπίταξιν
1167 5155 1213 5215 εἴτ’
1229 5157 1373 5230 ἐπιτήδειος
1388 5158 1434 5218 εἴτ’
1448 5158 1627 5234 ἀνεπιτήδειός
1639 5163 1721 5225 ἐστιν.
