3959 5925
251 394 310 447 nc
741 412 747 423 ·
769 358 1078 437 cinsuricoauu
1099 372 1354 435 succusani.

250 514 326 575 κοινὰ
347 512 518 593 πρασσόντων
531 509 693 587 Ἐπικράτεα
705 508 749 567 τόν
765 505 934 585 Σακεσφόρσν
944 513 968 582 ⁰,
984 505 1029 564 καὶ
1078 507 1159 585 ρικλεῑ
1184 524 1249 563 cum
1265 504 1391 575 Allari03
1407 503 1522 562 codices
1540 504 1576 569 ὡς
1600 502 1683 562 εἶκαὶ
1698 505 1880 583 Περικλεῖ.)

250 603 452 682 Εύρυπτόλεμον
464 599 510 658 καὶ
521 598 573 666 τὸς
589 598 684 665 άλλως
700 602 737 665 ὡς
748 594 794 655 aid
809 598 935 674 Περικλεῖ
949 618 979 673 γε
994 600 1031 675 τῷ
1116 591 1297 671 Ἀριστίππου.

249 691 400 751 Ξανθίππω
421 688 459 762 μὴ
478 689 506 746 et
527 688 685 766 στρατηγίαι
707 677 794 757 ἦσαν,
816 684 895 742 καίθ
918 684 1032 759 πόλεμος
1115 700 1153 743 7³.
1176 683 1219 741 'sd
1234 681 1294 759 περί
1310 682 1356 750 τῆς
1369 677 1522 743 τελευταίας
1543 679 1702 756 Σωκράτους
1726 678 1878 755 ἐμάθομεν

249 778 323 851 τότε,
337 776 386 834 κάν
401 766 488 845 οὗτος,
507 763 596 849 οἶμαι,
617 762 651 844 ἧν
665 770 738 852 παρά
753 771 793 829 σε’.
808 770 862 829 Καὶ
877 774 923 827 νῦν
943 770 1029 844 ἴσμεν,
1078 766 1130 846 ἐγώ
1144 790 1171 825 τε
1195 766 1241 826 καί
1264 766 1463 845 Κλεόμύροτος,
1484 766 1530 825 καί
1551 766 1614 825 ἀπ’
1638 766 1806 845 παριέμενος
1821 768 1878 827 ὑπὸ

249 874 336 936 ὁποῖος
350 859 387 940 εἶ,
406 864 568 932 ’Ἀντισθένας
591 865 642 943 γάρ
664 865 737 943 παρὰ
753 863 782 923 σὲ
797 872 888 944 φοιτᾷ.
913 861 984 942 Δύνγ,
1004 862 1032 923 δὲ
1078 860 1128 915 τῶν
1146 854 1236 914 ἕνδεκα
1249 855 1386 935 διαδρᾶναι
1399 853 1412 889 ¹²
1423 857 1561 931 ὑπέμεινε,
1578 853 1660 932 λέγων
1673 853 1713 912 δτι
1725 856 1759 911 οὗ
1774 860 1789 890 '²
1806 857 1879 931 μέλ-

249 959 331 1015 καὶέν
346 954 527 1036 Συρακούσαις
541 953 703 1034 φιλοσοφεῖν·
720 955 744 1010 οἱ
762 952 813 1030 γάρ
827 952 934 1027 ἱμάντες
948 951 1032 1027 τίμιαί
1079 947 1121 1004 λοι
1135 945 1283 1024 διαδρᾶναι,
1304 946 1325 1001 si
1351 942 1388 1020 μὴ
1410 942 1594 1022 καὶπρότερον
1615 942 1689 1020 παρὰ
1705 944 1760 1009 τὼς
1779 944 1880 1020 νόμως

249 1048 301 1104 είσι
322 1044 369 1102 καὶ
387 1042 421 1101 sd
435 1040 528 1111 σκύτη.
547 1039 602 1099 Καὶ
616 1042 662 1098 οὐκ
685 1030 777 1114 οἶσθα,
794 1043 831 1105 ὡς
849 1036 902 1117 ἐγὼ
919 1035 966 1113 μὲν
981 1040 1032 1095 τῶν
1079 1030 1186 1103 σωθείη·
1202 1029 1271 1089 eiiam
1283 1030 1334 1110 γάρ
1349 1030 1380 1089 ἂν
1396 1030 1413 1088 ἃ
1429 1032 1523 1109 πατρίς
1539 1032 1617 1088 αὐτοῦ
1626 1028 1706 1102 ,όταν
1724 1034 1768 1111 ἐφ’
1782 1034 1880 1111 αύτῷ,

250 1130 425 1207 ὑποδημάτων
457 1127 591 1207 χρώμενος
616 1127 772 1204 παρέκαστα
797 1126 845 1186 τάν
866 1125 962 1206 τέχναν
986 1148 1033 1185 σου
1078 1120 1298 1196 καταπροδοθείη.
1322 1118 1402 1193 Ἐμοί
1425 1120 1452 1177 δὲ
1467 1120 1550 1177 ἐδόκει
1566 1117 1663 1185 ἀδίκως
1681 1119 1763 1178 αὐτὸν
1780 1122 1881 1197 ἐμπε·

249 1219 399 1294 θαυμασίαν
419 1215 478 1273 τινά
490 1219 568 1275 ποιῶ·
584 1214 745 1280 Ἀντισθένας
760 1213 787 1274 δὲ
803 1213 993 1291 γυμνοποδῶν,
1008 1210 1035 1269 τί
1040 1266 1043 1272 ,
1080 1204 1159 1265 σόντα
1171 1205 1194 1279 ⁶,
1209 1204 1262 1285 δτῳ
1274 1204 1371 1276 δήποτε
1385 1206 1475 1287 τρόπῳ
1490 1205 1629 1277 σώζεσθαι·
1646 1205 1736 1265 δοκέον
1748 1211 1762 1239 ⁸
1777 1207 1879 1285 μέντοι

249 1306 300 1386 γάρ
316 1305 380 1365 ἄλλο
393 1304 521 1383 πράττει,
534 1302 552 1375 ἢ
565 1303 606 1361 coi
620 1302 713 1384 ἀργίαν
727 1302 772 1361 καὶ
786 1301 911 1379 ἀμισθίαν
921 1301 1033 1377 εἰσάγει,
1079 1294 1216 1353 πάντατά
1238 1293 1330 1373 ἐκείνῳ
1350 1294 1524 1376 πρασσόμενα
1542 1294 1588 1354 καὶ
1609 1293 1679 1353 κακά
1701 1294 1749 1351 καὶ
1766 1294 1881 1375 ἄφρονα

249 1394 345 1452 πείθων
358 1390 409 1457 τὼς
422 1390 487 1457 νέως
500 1390 545 1450 καί
556 1388 675 1456 ἅπαντας
688 1388 830 1461 Ἀθηναίως
839 1388 1033 1465 γυμνοποδεῖνς
1070 1379 1183 1444 aliud
1203 1372 1285 1453 εἶναι,
1306 1382 1375 1449 ὥστε
1397 1388 1482 1441 ταῦτα
1505 1383 1584 1441 πάλιν
1606 1382 1650 1459 μὴν
1665 1382 1880 1461 ἐπιμέμφεσθαι

252 1469 426 1550 Σκόπειόύν,
441 1477 536 1537 ὁπόσον
551 1500 591 1536 σοι
604 1476 657 1553 ἐγὼ
668 1479 742 1556 φίλος
755 1479 769 1534 b
782 1473 915 1555 ῥφστώναν
927 1475 972 1533 καί
985 1472 1033 1531 τάν
1080 1470 1200 1550 ἀμέτρως
1212 1469 1356 1549 γεγονέναι.
1379 1470 1552 1537 Ἐπέστειλας
1568 1468 1597 1527 δέ
1613 1492 1672 1548 μοι,
1689 1474 1747 1535 πῶς
1764 1474 1879 1551 ἀνεχω-

250 1564 346 1626 ἇδονάν
357 1563 560 1644 ἀποδεχόμενος.
577 1564 616 1623 Σὺ
629 1566 652 1622 δ’
662 1565 796 1640 ὁμολογῶν
806 1560 920 1639 εὐλόγως
933 1563 1033 1639 ἐρωτᾶν
1081 1559 1178 1640 ρήσατε
1193 1558 1289 1627 πάντες
1303 1562 1349 1618 ἀπ’
1359 1562 1474 1630 Ἀθηνῶν
1495 1560 1519 1616 οἱ
1538 1558 1696 1639 Σωκράτους
1710 1561 1834 1636 ἐρασταί
1850 1585 1879 1619 τε

251 1654 403 1735 Πρόδικον,
417 1654 448 1712 τὸ
462 1654 602 1711 ἀκόλουθον
615 1654 662 1710 οὐκ
676 1652 755 1728 ἔγνως
769 1650 813 1709 ἐπὶ
832 1654 937 1708 σαυτοῦ·
953 1650 1035 1714 οὕτως
1080 1648 1125 1707 καί
1139 1647 1291 1729 φιλόσοφοι,
1308 1648 1419 1714 δεδιότες
1434 1648 1473 1724 μή
1486 1671 1512 1707 τι
1526 1648 1571 1706 καλ
1587 1647 1629 1725 ἐφ’
1643 1651 1713 1724 ὑμᾶς
1727 1647 1805 1707 ε’λθοι
1821 1654 1878 1707 τῶν

249 1742 302 1821 γάρ
316 1740 350 1801 du
363 1740 411 1815 iisd
423 1738 470 1817 piu
482 1736 641 1813 ἐθαύμαζες,
654 1736 707 1803 τὼς
720 1735 748 1795 δὲ
761 1735 868 1815 ἔχοντας
883 1739 970 1813 βαθεῖς
983 1733 1035 1803 τὼς
1081 1737 1166 1796 αὐτῶν
1181 1734 1222 1793 ἀν·
1238 1734 1283 1793 καί
1305 1736 1352 1794 οὐκ
1370 1735 1480 1794 ἐποιεῖτε
1495 1734 1626 1814 φλαύρως.
1643 1736 1696 1793 Καὶ
1711 1734 1813 1811 ἁμὲςἀ
1833 1728 1878 1795 οἶν

253 1829 382 1910 πώγωνας
395 1825 506 1893 asindae
517 1825 651 1891 σκίπωνας
668 1823 794 1903 ἀγέλασας
807 1832 853 1890 τᾶς
867 1825 1033 1901 ἀλαζονείας,
1080 1827 1115 1889 ὡς
1137 1822 1226 1901 ἐσμέν,
1244 1826 1270 1881 ἐν
1294 1822 1391 1902 Αἰγίνᾳ
1414 1822 1578 1899 διατιλίομες
1599 1824 1642 1881 ἐπὶ
1656 1828 1701 1881 τοῦ
1723 1824 1877 1901 παρόντος·

158 1915 160 1922 ’
253 1918 390 1997 ρυπῶντάς
404 1938 432 1973 τε
446 1914 491 1973 καὶ
504 1918 689 1995 φθειριῶντας,
703 1914 749 1973 καὶ
766 1912 877 1993 ὄνυχας,
897 1910 1034 1993 ὥσπερτά
1080 1902 1137 1969 εἶτα
1169 1910 1197 1969 di
1219 1914 1282 1991 παρ’
1307 1915 1374 1985 ὑμᾶς
1407 1907 1568 1990 ἀφιξόμεθα,
1595 1910 1641 1969 καί
1660 1910 1684 1969 εἴ
1709 1934 1734 1969 τι
1766 1912 1879 1991 ἔχοιμες

252 2000 347 2082 θηρία,
361 2005 469 2081 μακρὼς
477 2002 664 2081 περικειμένως
676 2001 722 2059 καὶ
738 2001 856 2067 ἐναντίας
873 2024 920 2059 σου
932 2000 1034 2068 τθςτέ-
1080 1999 1182 2084 βέλτιον
1197 2000 1293 2059 ποιέειν
1310 1997 1463 2076 ποιήσομες.
1608 2072 1609 2077 ¹

251 2112 317 2168 χνας
335 2088 525 2166 θποτιθεμένως
547 2090 690 2161 ὑποθήκας.
1122 2089 1352 2165 (Socraticorum
1367 2102 1397 2147 et
1411 2088 1537 2165 Pythag.
1553 2084 1648 2165 Epist.
1660 2106 1727 2165 pag.
1747 2090 1788 2145 23
1809 2108 1876 2165 seq.

320 2176 552 2254 (Socraticorum
588 2191 616 2235 et
654 2178 904 2254 Pythagoreorum
939 2178 1032 2256 Epist.
1080 2176 1127 2234 ed.
1140 2176 1229 2234 Orell.
1242 2176 1354 2253 Scripsi
1370 2174 1457 2234 :⁸xcl
1471 2176 1511 2235 ὅτι
1528 2175 1702 2254 παριέμενοςς
1717 2177 1812 2240 codd.
1830 2178 1878 2234 καί

253 2285 319 2345 pag.
338 2266 373 2323 ιθ
386 2286 429 2343 sq.
441 2266 489 2325 ed.
505 2266 595 2326 0reil.
613 2266 725 2344 Scripsi
742 2267 822 2329 :‘rr”o
833 2264 910 2332 ,Κείω
923 2286 936 2338 ,·
948 2254 1034 2325 codd.
1081 2264 1120 2323 ότι
1143 2262 1202 2323 ούττ
1221 2263 1389 2344 παριέμενος.
1405 2298 1445 2309 -
1463 2263 1476 2299 ¹³
1490 2266 1626 2345 διαδρᾶναι
1644 2284 1678 2321 ex
1693 2265 1804 2335 codd.,
1822 2267 1878 2324 aiii
1931 2303 1936 2319 .

253 2356 292 2431 τῷ
314 2353 386 2433 Κίῳ.
407 2352 473 2412 -δ
492 2354 665 2431 ἐμπλησθείς,
688 2353 790 2424 πάλαις
812 2352 897 2410 codd.
922 2354 1031 2430 ἔμπλη-
1082 2351 1253 2431 διαδιδράναι.
1270 2360 1331 2397 -0
1348 2350 1389 2409 ότι
1403 2354 1432 2410 οὐ
1448 2350 1541 2427 μέλλοι
1562 2352 1719 2429 διαδρᾶναι;
1738 2352 1817 2410 libri
1833 2352 1877 2410 ότι

144 2482 147 2485 -
255 2439 337 2513 σθείς,
353 2439 398 2498 καί
417 2440 512 2502 πάλαι.
529 2448 595 2485 „a
618 2440 783 2519 Ἐπικράτεα
806 2440 849 2498 τδν
865 2442 1035 2521 Σακεσφόρον
1081 2446 1125 2498 νῦν
1139 2441 1230 2519 μελλοι
1247 2440 1373 2499 δικάσειν.
1389 2474 1429 2485 -
1443 2436 1456 2474 ⁶
1469 2440 1617 2515 ίμπεσόντα
1632 2441 1653 2498 i.
1668 2459 1696 2497 e.
1713 2442 1752 2505 είς
1764 2441 1876 2515 δεσμω-

256 2528 395 2604 intelligit
411 2528 575 2607 Epicratem
596 2528 770 2603 herbatum,
787 2528 873 2606 cujus
895 2528 1036 2591 ἀντείνασα
1081 2526 1169 2606 τήριον
1197 2527 1322 2608 ἀχθέντα.
1354 2528 1420 2586 Vid.
1453 2528 1576 2605 Hesych.
1602 2532 1669 2571 ,e
1690 2528 1783 2586 δοκέον
1806 2550 1875 2587 curn

252 2629 314 2675 erat
327 2616 497 2693 latitudine,
513 2630 546 2675 ut
568 2631 650 2676 scuto
671 2617 778 2675 similis
796 2630 881 2677 esset.
900 2616 1035 2675 Meminit
1081 2614 1204 2689 0rellio;
1221 2616 1305 2676 codd.
1319 2613 1427 2674 δοκίων.
1439 2614 1596 2691 decem
1613 2614 1696 2673 codd.
1716 2613 1821 2675 δίκαιε.
1833 2649 1876 2661 -

252 2705 289 2762 de
302 2706 359 2762 hoc
376 2703 511 2781 Epicrate
525 2704 736 2783 Aristophanes
748 2703 855 2766 Eccles.
872 2726 903 2764 ν.
921 2726 969 2779 71,
983 2705 1036 2763 ubi
1082 2707 1095 2746 Β
1112 2700 1194 2778 ἀμίς,
1209 2702 1294 2763 codd.
1309 2700 1405 2782 άμες.)

253 2790 427 2850 Scholiastes
441 2793 485 2851 sic
503 2806 596 2869 poetae
612 2792 704 2851 verh'a
714 2793 855 2870 exponit:
873 2791 1036 2872 Ἐπικράτης
1122 2788 1290 2866 Ἀρίστιππος
1303 2790 1401 2869 ’Λρήτη
1416 2794 1449 2869 τῇ
1464 2791 1583 2873 θυγατρί.

256 2868 288 2947 ἦν
304 2876 391 2957 ῥήτωρ
410 2877 456 2935 καί
474 2878 639 2954 δημαγωγός·
652 2870 726 2946 οἶτος
741 2877 823 2955 μέγαν
838 2879 953 2958 πώγωνα
968 2879 1036 2959 ἔχων
1121 2897 1158 2938 7t.
1177 2877 1364 2955 Ἐκομισόμην
1393 2878 1465 2958 παρά
1488 2884 1536 2938 σοῦ
1559 2880 1707 2959 γράμματά
1728 2904 1776 2956 μοι
1797 2905 1872 2957 πεμ-

255 2967 409 3023 έπεκαλεῐτο
418 2965 594 3045 Σακεσφόρος.
606 2966 660 3026 Καὶ
671 2964 786 3025 Πλάτων
797 2967 936 3039 όκωμικός
947 2989 1036 3045 φησιν·
1082 2965 1177 3044 φθίντα
1193 2966 1236 3026 διὰ
1260 2967 1366 3041 Τηλεά,
1376 2969 1411 3025 ’ἀν
1426 2958 1463 3035 οἷς
1484 2970 1554 3028 ἐδέου
1582 2992 1632 3046 μου
1645 2975 1657 3004 ”
1671 2971 1873 3052 παραγενέσθαι

254 3048 333 3118 Ἀναξ
347 3051 449 3121 ὑπήνης
467 3051 625 3128 Ἐπίκρατες
644 3053 798 3132 σακεσφόρε.
812 3086 852 3098 -
863 3052 877 3088 ‘¹
890 3057 924 3119 ὡς
938 3056 962 3113 εἷ
978 3058 1037 3115 Πε-
1086 3057 1120 3121 ὡς
1136 3052 1250 3133 τάχιστα
1263 3055 1299 3120 εἰς
1311 3053 1451 3134 Κυρήνην,
1465 3055 1578 3133 λέγουσα
1591 3059 1637 3114 οὐκ
1652 3047 1681 3114 εδ
1696 3079 1737 3116 σοι
1748 3060 1872 3116 ἀπαντᾶ-

254 3242 341 3293 cibiadi
353 3241 438 3292 clinica
453 3241 502 3292 lilio
514 3245 539 3293 et
553 3243 655 3294 Phedro
666 3245 829 3305 Myrrlriuusio
848 3250 872 3297 et
885 3247 1039 3310 uutlrydeno
1419 3252 1540 3314 Aristippi.

256 3331 370 3395 Glyconis
381 3331 431 3381 lilio
444 3335 468 3382 el
480 3345 512 3382 εκ
523 3333 553 3383 ils
565 3333 606 3396 qui
619 3347 657 3384 res
671 3334 779 3397 publicas
796 3336 966 3388 administrant
981 3339 1039 3401 lipi-
1115 3341 1154 3387 7³.
1172 3341 1208 3388 lle
1223 3339 1301 3387 morte
1323 3340 1427 3389 Socratis
1444 3351 1488 3402 ago
1511 3342 1535 3390 et
1558 3341 1728 3392 Cleombrotus
1750 3343 1871 3394 certiores

255 3419 315 3469 crati
334 3420 429 3468 scutato
442 3421 468 3468 et
478 3421 653 3483 liuryptolemo
674 3423 815 3484 ramusque
831 3425 997 3486 persuaseris,
1011 3430 1039 3476 ut
1084 3425 1139 3474 lacti
1151 3439 1249 3488 sumus,
1264 3427 1450 3489 nuntiatumque
1463 3429 1508 3489 est,
1521 3442 1596 3490 quum
1610 3429 1642 3479 illi
1652 3429 1683 3479 ab
1690 3431 1871 3481 Undecimuiris

256 3505 300 3556 tibi
315 3493 443 3556 'assideant
458 3509 520 3557 llam
536 3508 583 3556 nisi
599 3508 701 3558 Pericles
718 3510 851 3574 Xanthippi
870 3512 932 3562 lilius
944 3515 1038 3563 exerci·
1084 3513 1188 3574 iuglandi
1211 3514 1305 3564 licentia
1325 3515 1439 3578 daretur,
1451 3517 1594 3567 remansisse
1609 3517 1747 3579 dicentem,
1766 3519 1831 3569 nolle
1845 3534 1871 3570 se

256 3593 321 3644 tibus
333 3594 451 3645 ducendis
469 3598 495 3646 et
513 3595 578 3645 bello
597 3595 702 3657 gerendo
721 3602 773 3647 tum
787 3602 917 3662 occupatus
940 3601 1038 3665 luisset,
1084 3599 1181 3662 lugere,
1195 3601 1240 3649 nisi
1254 3601 1320 3664 prius
1334 3603 1419 3665 capitis
1437 3603 1562 3653 absolutus
1577 3604 1638 3655 leret
1654 3605 1778 3670 legitime,¹
1792 3607 1868 3668 siqui-

257 3682 433 3746 huncquoque
455 3683 559 3732 arbitror
576 3683 642 3745 apud
657 3683 765 3736 teiuisse
778 3686 896 3736 luinmm.
909 3688 954 3737 Sed
974 3701 1040 3738 nunc
1084 3687 1139 3738 dem
1152 3689 1198 3737 isto
1209 3689 1282 3737 modo
1295 3689 1360 3740 illius
1371 3692 1464 3752 patria,
1489 3696 1608 3753 quantum
1630 3693 1655 3742 iu
1671 3695 1725 3756 ipso
1737 3695 1812 3744 situm
1830 3709 1870 3746 es-

255 3769 453 3832 scimus,qualla
475 3771 522 3832 sis;
544 3773 659 3834 qnoniam
680 3773 836 3824 Antisthenes
854 3777 878 3824 te
894 3775 1037 3838 frequentat.
1083 3778 1135 3837 set,
1160 3776 1308 3838 proderetur.
1326 3781 1407 3828 bleum
1422 3792 1480 3828 vero
1500 3779 1616 3839 iudicium
1631 3789 1780 3844 erat,eum,
1793 3797 1870 3846 quum

256 3855 328 3904 Potes
342 3868 401 3905 vero
413 3855 486 3905 eliam
506 3859 632 3918 syracusis
652 3859 826 3922 philosophiam
846 3862 967 3924 profiteri3
983 3864 1035 3913 lora
1084 3851 1174 3925 iniuste
1188 3865 1212 3912 in
1226 3878 1345 3916 carcerem
1358 3865 1448 3916 ductus
1459 3873 1538 3929 esset,
1551 3881 1696 3932 quacunque
1711 3872 1806 3922 ratione
1819 3887 1871 3922 ser-

256 3941 320 3991 enim
332 3943 357 3991 el
370 3942 442 4006 pelles
451 3943 485 3992 ibi
496 3956 552 3992 cara
564 3949 631 3994 sunt.
643 3947 789 4008 Arignotus,
802 3948 984 4000 mecalceomm
995 3949 1040 4000 usu
1084 3953 1191 4001 randum
1208 3953 1282 4003 luisse
1289 3990 1297 4016 ,
1310 3954 1423 4016 quoniam
1434 3958 1520 4005 cuncta
1529 3956 1562 4005 illi
1575 3957 1639 4006 illata
1650 3963 1675 4007 et
1686 3958 1749 4008 mala
1759 3963 1787 4010 el
1797 3962 1872 4010 dalla

256 4043 350 4094 semper
363 4034 388 4082 et
403 4032 492 4095 ubique
501 4035 578 4083 artem
591 4039 657 4084 tuam
670 4034 835 4086 admirandam
846 4037 933 4088 lacere.
948 4042 1039 4090 contra
1085 4045 1110 4088 et
1120 4039 1208 4100 iniusta
1219 4053 1272 4090 esse
1286 4041 1443 4102 ridebantur,
1455 4043 1490 4092 ila
1505 4048 1532 4092 ul
1546 4058 1628 4094 rursus
1643 4047 1871 4108 reprehendendum

257 4117 412 4168 Antisthenes
423 4119 580 4186 discalceatus
592 4121 651 4183 quid
664 4121 729 4171 aliud
742 4136 816 4185 quarn
829 4124 907 4173 otium
916 4125 1040 4176 tibiallert
1084 4140 1132 4175 non
1143 4129 1216 4189 esset,
1230 4128 1321 4190 siquid
1338 4130 1362 4179 in
1376 4143 1406 4180 eo
1420 4131 1541 4181 servando
1553 4133 1711 4184 immoderate
1724 4137 1801 4186 lieret.
1818 4141 1871 4187 Do·

257 4209 281 4255 et
301 4207 413 4256 mercede
433 4209 458 4257 te
479 4207 592 4271 translat,
616 4210 657 4271 qui
681 4209 871 4261 adolescentibus
897 4214 1041 4277 cunctisque
1084 4215 1153 4264 cuisli
1166 4229 1205 4265 me
1214 4216 1286 4265 ctiam
1300 4230 1341 4279 per
1354 4219 1458 4280 litteras,
1474 4233 1520 4270 ros
1530 4233 1616 4272 omnes
1627 4224 1733 4288 Socratis
1747 4231 1872 4277 amatores

257 4292 444 4343 Atheniensibus
466 4295 605 4356 persuadet,
634 4299 661 4345 ut
685 4298 758 4347 nudis
781 4297 882 4361 pedibus
909 4301 1039 4351 incedant?
1083 4304 1240 4366 elsapientia
1261 4305 1396 4367 studiosos,
1412 4312 1548 4358 metuentes
1569 4323 1600 4359 ne
1619 4311 1689 4360 vobis
1703 4326 1804 4375 quoque
1823 4317 1873 4366 tale

256 4379 482 4442 consideraretur,
496 4394 570 4443 quam
585 4395 642 4433 vera
658 4384 763 4436 amicitia
778 4389 857 4436 mcum
869 4387 967 4448 iunctus
983 4391 1039 4450 sim,
1083 4391 1139 4453 quid
1153 4391 1286 4454 accideret,
1310 4395 1411 4443 Athenis
1431 4395 1580 4459 discessisse,
1594 4399 1659 4460 quod
1681 4403 1783 4450 omnino
1809 4405 1873 4454 bene

256 4468 298 4528 qui
319 4467 377 4517 ritae
398 4467 595 4530 tranquillitatem
612 4473 639 4519 ct
660 4471 807 4534 voluptatem
829 4476 981 4526 commendo.
1002 4480 1038 4527 Τυ
1084 4479 1180 4530 lecistis.
1197 4481 1323 4542 llosltem,
1341 4487 1478 4546 utspmus,
1491 4484 1516 4534 in
1531 4489 1746 4550 praesentiAEginae
1758 4503 1874 4542 commo-

257 4567 315 4604 vero
329 4555 371 4618 qui
387 4556 528 4618 opportunis
543 4558 778 4620 interrogatiunculis
795 4549 925 4615 Prodicum
946 4571 969 4617 te
980 4580 1039 4629 pun·
1083 4579 1164 4616 ramur
1176 4585 1183 4630 ς
1196 4573 1280 4630 postea
1291 4569 1377 4620 advos
1389 4571 1524 4633 veniemus,
1538 4575 1563 4624 et
1573 4574 1593 4622 si
1607 4575 1673 4637 quod
1686 4576 1831 4628 heneficium
1845 4581 1872 4628 in

257 4655 311 4704 gere
337 4643 432 4704 lateris,
452 4645 510 4707 quiri
530 4645 586 4695 hiac
599 4647 624 4695 iu
639 4651 664 4696 le
682 4649 821 4702 redundarit
850 4667 899 4704 non
928 4655 1037 4705 animad-
1083 4669 1127 4705 vos
1142 4656 1252 4708 conterre
1264 4659 1415 4722 poterimus,
1429 4661 1591 4712 conteremus.

257 4729 360 4779 vertisti.
382 4732 497 4794 itemque
517 4733 551 4782 ita
567 4733 665 4784 demum
679 4747 719 4786 me
730 4737 870 4790 observares
889 4747 915 4792 et
932 4743 1021 4794 coleres
1029 4763 1039 4806 ,-
1176 4785 1179 4792 .
1325 4747 1458 4811 aristippus
1473 4753 1551 4800 aretae
1567 4751 1630 4802 ilisa.

256 4822 282 4866 at
293 4819 370 4881 istos,
386 4820 427 4881 qui
441 4821 561 4882 promissa
575 4822 651 4872 barba
669 4823 774 4887 insignes
787 4828 873 4878 baculo
889 4831 1037 4894 innituntur,
1114 4837 1152 4886 Ji.
1166 4835 1252 4896 Accepi
1269 4833 1361 4885 litteras
1375 4838 1429 4886 luas
1442 4839 1506 4888 Talei
1517 4839 1630 4902 operaad
1650 4854 1689 4892 nie
1701 4843 1805 4904 missas,
1820 4847 1873 4908 qui·

153 4908 157 4916 ‘
257 4909 322 4958 siros
340 4910 475 4972 squalidos,
489 4911 657 4977 pediculosos,
675 4914 751 4978 longis
769 4919 891 4980 unguibus
906 4920 1038 4972 bestiarum
1084 4919 1155 4970 busa
1176 4935 1215 4972 me
1232 4924 1309 4986 petis,
1328 4927 1355 4973 ut
1374 4938 1446 4987 quarn
1468 4927 1583 4978 citissime
1603 4930 1711 4991 cyrenas
1736 4931 1870 4994 adsolent,

257 5007 324 5045 inore
336 4996 484 5049 delormatos
499 5005 524 5049 et
542 5002 660 5052 contraria
679 5005 728 5054 tuae
752 5006 800 5056 arti
820 5011 938 5072 praecepta
955 5009 1038 5060 dantes
1083 5008 1148 5068 quod
1168 5024 1247 5072 neque
1270 5010 1331 5062 bene
1343 5015 1424 5063 tecum
1439 5020 1512 5078 agant
1532 5017 1653 5079 praelecti,
1667 5031 1747 5081 neque
1766 5021 1872 5072 maritus

255 5086 420 5163 contemneres
430 5101 564 5153 eorumque
572 5094 755 5146 astructionem
769 5097 867 5148 rideres,
1082 5099 1141 5146 tuus
1155 5100 1246 5160 pudore
1259 5101 1366 5152 sullusus
1385 5103 1518 5168 solitusque
1532 5107 1616 5168 procul
1639 5121 1653 5157 a
1676 5109 1790 5159 civilibus
1811 5125 1871 5174 pro·

1083 5184 1149 5234 cellis
1164 5188 1259 5238 aetatem
1279 5190 1406 5242 traducere
1421 5193 1451 5242 ad
1473 5205 1513 5244 res
1530 5193 1676 5247 domesticas
1692 5196 1882 5264 dispensantes,
