3959 5925
255 432 262 444 l
290 442 293 448 ,
425 434 466 449 ,τι
543 436 547 444 ν
566 440 569 451 ς
589 436 595 447 x

405 488 407 493 ι
425 484 428 496 ι
458 483 473 494 a*
546 492 548 495 .
566 486 569 496 ι
588 487 603 494 ν,

697 429 1729 514 ἰιέκὲδδνέλδθλλὲθιδλθίἕθὲλτὲθήθθιεοδαεε
1785 415 1790 427 ’

64 700 101 739 0
419 641 425 652 ’
538 672 666 823 nn
721 607 1337 880 uiuentium.

806 941 1090 976 -φ-

180 1137 331 1194 Demonax
353 1134 479 1211 Cyprius
500 1136 551 1210 qui
580 1135 744 1206 hadriano,
770 1135 917 1192 Antonino

141 1224 195 1282 Pio
209 1238 237 1282 et
248 1223 286 1280 lli.
301 1223 420 1280 Aurelio
432 1222 644 1299 imperantibus
665 1223 813 1293 inclaruit,
829 1242 917 1281 reno·

140 1325 205 1370 rata
225 1334 289 1370 cum
310 1309 457 1368 Demetrio
478 1323 507 1367 et
526 1310 671 1368 OEnomao
695 1310 814 1387 Cynicae
835 1323 918 1368 sectae

142 1401 282 1456 menmria
295 1398 422 1455 Socratis
436 1397 568 1474 quidem,
584 1397 724 1472 Diogenis
735 1411 764 1454 et
775 1398 917 1474 Aristippi

141 1486 272 1560 uestigiis
296 1487 444 1558 ingressus
455 1497 507 1555 est,
527 1483 577 1541 sed
588 1485 624 1541 ad
635 1484 809 1560 Cynicorum
823 1497 917 1541 aucto·

142 1575 254 1631 ritatem
269 1573 394 1629 maxime
414 1591 444 1630 se
456 1572 588 1629 contulit.
605 1570 698 1647 liujus
712 1572 801 1628 vitam
814 1571 916 1648 depin-

140 1663 183 1718 xit
197 1661 318 1737 ejusque
334 1679 430 1717 mores
444 1673 473 1719 et
483 1659 608 1717 virtutes
621 1660 757 1736 exposuit
772 1658 917 1716 Lucianus

141 1749 272 1806 confecto
284 1746 361 1805 libro
377 1748 428 1824 qui
449 1748 535 1804 etiam
556 1767 633 1804 nunc
645 1748 721 1804 iuter
735 1745 798 1822 ejus
810 1748 918 1823 scripta

141 1851 232 1895 exstat
257 1837 310 1914 (a)
327 1836 375 1893 Est
401 1849 493 1913 autem
518 1835 663 1894 Lucianus
687 1836 815 1912 locuples
838 1835 936 1894 testis.

141 1945 237 1983 rerum
253 1924 447 1995 Demonactis,
463 1937 496 1981 ut
509 1924 560 2000 qui
575 1925 711 1982 diuturna
723 1943 788 1980 cum
798 1943 834 1980 eo
849 1942 917 1979 con·

141 2015 293 2072 suetudine
307 2011 479 2087 conjunctus
494 2012 580 2070 suerit
594 2011 645 2088 (3).
661 2011 726 2079 Quo
737 2011 828 2084 magis
839 2009 918 2066 dole·

144 2114 206 2150 inus
220 2088 352 2150 libellum
372 2091 436 2167 ejus
448 2110 507 2148 non
525 2109 588 2149 esse
602 2091 762 2166 integrum,
781 2089 831 2146 sed
843 2089 919 2145 inter

142 2194 227 2257 caput
242 2201 273 2236 11
286 2193 315 2236 et
333 2199 367 2235 ra
383 2178 525 2236 excidisse
538 2178 810 2235 conunentariorum
822 2195 838 2234 a
849 2176 917 2253 phi·

172 2372 205 2431 (ι)
220 2370 258 2418 ct.
269 2375 297 2419 Α.
311 2367 471 2430 λοιλοοφιλιι
484 2367 653 2416 commentatio
663 2367 694 2415 de
708 2358 855 2416 Demonacte
868 2369 919 2429 pht-

142 2439 251 2501 losopho.
272 2439 409 2500 Noribergae
435 2443 503 2487 1857.
524 2463 556 2474 -
572 2438 605 2499 (2)
627 2441 663 2486 Dc
681 2451 730 2499 quo
751 2437 874 2498 Eutropius
894 2440 919 2490 ia

143 2511 265 2560 Prooemio
280 2523 332 2572 pag.
346 2513 359 2558 ί
372 2509 410 2558 etl.
424 2509 541 2557 Boinoa:
560 2509 688 2560 Λουκιανὸς
702 2509 727 2555 δὲ
744 2509 794 2556 όέκ
811 2509 917 2569 Σαμοτά-

140 2600 197 2642 των,
211 2582 268 2643 ἀνὴρ
281 2581 407 2634 σπουδαῖος
423 2578 481 2633 ἰςτδ
495 2579 643 2639 γελασθῆναι,
654 2578 813 2637 Δημώνακτος
824 2577 918 2638 φιλοσό-

141 2669 183 2712 ρον
200 2651 251 2698 κατ’
261 2650 360 2704 ἐκείνους
373 2649 426 2704 τοὺς
436 2648 531 2709 χρόνους
546 2648 597 2710 βίον
610 2648 746 2708 ἀνέγραψεν,
764 2648 787 2694 ἐν
799 2648 880 2709 ἐκείνῳ
892 2663 917 2695 τε

140 2726 174 2783 τῷ
187 2722 270 2783 βιόλίῳ
282 2720 323 2768 καί
337 2720 414 2773 ἀλλοις
426 2714 555 2779 ἐλαχίστοις
572 2716 601 2764 δι’
615 2718 670 2764 όλον
683 2717 829 2784 σπουδάσας.
849 2717 918 2778 luja-

141 2791 176 2838 ria
197 2803 253 2849 crgo
269 2788 374 2836 Lucieno
391 2788 455 2835 hunc
473 2787 560 2835 librum
584 2786 756 2846 abiudicarunt
773 2787 883 2836 Olearius
894 2791 919 2835 et

141 2858 273 2918 Behherus,
280 2871 340 2918 quos
348 2857 458 2906 refutarit
466 2860 531 2925 ἣν.
542 2857 703 2906 δνίιέειθιαε
713 2857 737 2904 in
747 2858 851 2907 Disserta
856 2858 920 2906 tione

141 2930 172 2978 dc
188 2928 285 2979 Luciani
306 2930 452 2978 Demonacte
470 2933 495 2977 et
513 2929 621 2976 Sostrata
635 2927 756 2976 Rostochii
773 2941 837 2977 auno
859 2933 918 2979 1864

143 3000 208 3050 edita
219 3013 272 3062 pag.
287 3008 309 3048 3.
317 3030 348 3041 -
358 3000 391 3058 (3)
402 2999 520 3047 Luciacus
528 2999 570 3046 eit.
584 3001 724 3047 Demonact.
736 3011 757 3047 c.
771 3004 827 3048 1-3:
837 3000 919 3061 Ἔμελ-

141 3074 178 3120 λεν
189 3071 235 3133 ἄρα
248 3071 305 3131 μηδὲ
320 3073 333 3118 θ
346 3069 397 3117 καθ’
414 3072 475 3129 ἡμᾶς
492 3070 541 3131 βίος
556 3069 583 3117 τδ
598 3068 745 3117 παντάπασιν
757 3069 851 3133 ἄμοιρος
868 3071 919 3118 έσε-

141 3144 195 3189 σθαι
204 3141 291 3202 ἀνδρῶν
300 3140 370 3200 λόγου
384 3142 423 3188 καὶ
435 3140 524 3202 μνήμης
534 3139 612 3199 ἀξίων,
624 3138 730 3187 ἀλλὰκαὶ
745 3141 853 3200 σώματος
865 3141 919 3203 ἀρε-

141 3214 182 3270 τήν
196 3214 301 3273 ὑπερφυᾶ
317 3212 358 3259 καὶ
378 3211 473 3271 γνώμην
488 3210 564 3271 ἀκρως
584 3208 707 3271 φιλόσοφον
724 3211 835 3271 ἐκφανεῖν,
849 3213 918 3272 Λέγω

141 3284 165 3330 δὲ
180 3283 211 3338 είς
220 3299 246 3329 τε
256 3282 295 3329 τὸν
307 3280 419 3330 Βοιώτιον·
431 3281 567 3342 Σώστρατον
583 3280 708 3340 ἀναφέρων,
724 3280 750 3327 ὃν
766 3281 881 3342 Ἱίρακλέα
895 3270 918 3329 ‘ot

140 3353 249 3410 Ἕλληνες
261 3353 357 3400 ἐκάλουν
370 3353 410 3399 καὶ
428 3351 502 3413 ᾤοντο
521 3350 581 3398 εἶναι
600 3350 639 3397 καὶ
657 3350 758 3412 μάλιστα
781 3353 812 3406 εἰς
831 3352 918 3413 Δημώ-

141 3441 214 3473 νακτα
227 3425 266 3473 τὸν
278 3423 412 3484 φιλόσοφον,
421 3422 460 3477 οθς
468 3424 507 3470 καὶ
517 3422 578 3469 εἶδον
590 3422 658 3477 αὐτὸς
670 3423 709 3470 καὶ
722 3424 778 3471 ἰδών
788 3423 918 3485 ἐθαύμασα,

142 3497 230 3556 θατέρῳ
250 3495 274 3542 δὲ
294 3500 328 3554 τῷ
348 3494 490 3553 Δημώνακτι
506 3494 545 3541 καὶ
564 3494 601 3540 ἐπὶ
625 3494 737 3552 μήκιστον
753 3493 918 3554 συνεγενόμην.

142 3566 198 3624 Ιίερὶ
209 3565 249 3624 μὲν
261 3563 301 3612 οὖν
312 3564 451 3625 Σωστράτου
467 3565 489 3611 ἐν
502 3563 564 3625 ἄλλῳ
583 3564 666 3625 βιόλίῳ
675 3565 803 3624 γέγραπταί
821 3582 860 3626 μοι
879 3568 919 3613 καί

142 3635 268 3690 δεδήλωται
281 3633 374 3692 μέγεθός
384 3650 409 3679 τε
419 3633 489 3679 αὐτοῦ
499 3634 538 3679 καὶ
553 3632 634 3693 ἰσχύος
647 3634 763 3692 θπερδολή
775 3636 814 3681 καὶ
825 3635 921 3690 ἡῦπαι-

143 3705 193 3764 θρος
203 3702 227 3752 ἑύ
241 3707 274 3761 τῷ
287 3705 406 3763 Παρνασῷ
418 3702 471 3758 εὐνὴ
485 3704 548 3758 καὶὴ
559 3703 667 3755 ἐπίπονος
685 3703 762 3749 δίαιτα
781 3704 822 3750 καί
839 3706 920 3765 τροφαὶ

143 3773 213 3831 ὄρειοι
229 3772 268 3818 καί
286 3772 342 3831 ἔργα
356 3770 398 3818 οὐκ
412 3770 495 3831 ἀπῳδὰ
512 3775 554 3817 τοῦ
571 3770 683 3830 ὀνόματος
697 3772 737 3817 καὶ
748 3770 794 3817 ὅσα
811 3772 920 3831 ήληοτὰς

143 3844 242 3904 ἀναιρῶν
258 3841 353 3901 ἔπραξεν
371 3842 385 3896 ἢ
399 3841 514 3888 ὁδοποιῶν
533 3840 562 3886 τὰ
579 3839 682 3897 ἇὸαταή
697 3845 799 3901 γεφυρῶν
814 3842 844 3888 τα
863 3841 918 3888 δύσ-

143 3929 215 3974 πορα.
230 3911 287 3973 Περὶ
297 3912 322 3959 δὲ
333 3910 491 3968 Δημώνακτος
501 3910 546 3966 ήδη
561 3910 650 3957 δίκαιον
660 3910 733 3968 λέγειν
743 3909 827 3969 ἀμφοῖν
842 3911 919 3972 ἕνεκα,

144 3986 175 4036 ώς
186 3981 306 4035 ἐκεῖνόςτε
315 3981 353 4029 διὰ
363 3981 453 4042 μνήμην
468 3980 503 4035 είη
513 3984 562 4033 τοῖς
576 3980 676 4041 ἀρίστοις
686 3979 713 4026 τό
726 3995 753 4038 γε
764 3979 816 4026 κατ’
827 3980 867 4041 ἐμὲ
880 3982 920 4029 καί

144 4056 165 4101 o'.
179 4052 335 4113 γενναιότατοι
346 4057 392 4099 τῶν
400 4052 457 4098 νέων
469 4052 509 4097 καὶ
521 4051 577 4112 πρὸς
590 4050 725 4112 φιλοσοφίαν
739 4050 835 4112 δρῶντες
844 4050 921 4113 ἔχοιεν

145 4121 176 4180 μὴ
188 4120 243 4180 πρός
260 4120 293 4167 ’τὰ
313 4119 402 4179 ἀρχαῖα
417 4119 476 4181 μόνα
487 4123 535 4167 τῶν
552 4117 747 4179 παραδειγμάτων
761 4123 820 4179 σροίς
839 4121 921 4177 αύτούς

145 4191 271 4250 ῥυθμίζειν,
289 4189 347 4236 ἀλλὰ
360 4189 407 4236 κάκ
421 4194 463 4236 τοῦ
473 4189 586 4251 ἡμετέρου
602 4186 654 4250 βίου
670 4187 756 4235 κανόνα
775 4190 921 4250 προτίθεσθαι

144 4261 183 4306 καὶ
193 4261 273 4314 ζηλοῦν
287 4259 373 4306 ἐκεῖνον
389 4258 482 4320 ἀριστον
499 4259 531 4306 ῶν
548 4258 600 4306 οἰδα
617 4257 664 4317 ἐγὼ
680 4259 811 4319 φιλοσόφων
823 4260 921 4323 γινόμε-

144 4346 191 4377 νον.
206 4330 254 4376 Ἠν
274 4330 299 4377 δὲ
314 4331 341 4376 τὸ
360 4330 475 4389 μὲνγένος
491 4330 606 4391 Κύπριος,
622 4327 650 4375 ut
666 4333 712 4375 τῶν
726 4329 819 4389 ἀφανῶν
832 4331 879 4379 doct
890 4334 922 4387 εἰς

145 4399 235 4457 ἀξίωμα
249 4400 367 4446 πολιτικὸν
381 4399 421 4445 καί
432 4403 524 4456 κτῆσιν.
534 4398 569 4447 Oti
581 4397 625 4458 μήν
639 4397 698 4445 ἀλλά
715 4398 754 4445 καὶ
765 4396 858 4447 πάντων
870 4400 924 4448 τού-

144 4488 191 4518 των
203 4468 310 4531 ὑπεράνω
323 4468 444 4529 γενόμενος
461 4470 501 4517 καί
515 4468 616 4523 ἀξιώσας
634 4468 716 4516 ἑαυτὸν
730 4474 776 4515 τῶν
793 4469 923 4518 καλλίστων

144 4546 203 4607 πρὸς
213 4543 349 4605 φιλοσοφίαν
362 4545 469 4606 ὥρμησεν
484 4544 530 4591 οὐκ
540 4543 707 4602 Ἀγαθοόούλου
721 4542 754 4604 μὰ
764 4541 801 4591 Δί’
810 4544 863 4591 οὐδὲ
872 4547 921 4601 Δη-

145 4616 241 4678 μητρίου
256 4616 299 4673 πρὸ
313 4617 384 4663 αὐτοῦ
395 4615 447 4663 οὐδὲ
458 4616 597 4667 Ἐπικτήτου
610 4615 783 4674 ἐπεγειράντων,
792 4615 850 4661 ἀλλὰ
863 4620 922 4664 πᾶσι

965 1133 1089 1210 losopho
1105 1138 1279 1210 scriptorum
1304 1146 1390 1208 atque
1405 1133 1543 1200 itinerum
1564 1135 1644 1192 illius
1661 1157 1742 1194 com-
1821 1135 1824 1138 ’

965 1221 1221 1292 memorationem,
1244 1221 1313 1297 quia
1337 1220 1459 1279 Athenis
1481 1240 1580 1280 omnes
1603 1242 1676 1298 quos
1690 1223 1742 1280 ha-

964 1307 1064 1366 huisse
1094 1308 1201 1369 dicitur
1224 1308 1376 1382 magistros
1408 1308 1508 1366 audire
1539 1329 1597 1367 non
1635 1313 1740 1387 potuit.

964 1395 1086 1464 Quando
1098 1397 1188 1471 igitur
1200 1405 1284 1453 natus
1303 1409 1331 1452 ct
1342 1396 1459 1472 quando
1481 1409 1611 1455 mortuus
1627 1399 1665 1456 sit
1685 1399 1740 1455 lle·

965 1502 1087 1555 monax‚
1106 1483 1248 1540 incertum
1269 1495 1327 1554 est,
1354 1482 1477 1540 sednon
1498 1481 1615 1540 videtur
1638 1486 1740 1560 procul

963 1589 1060 1627 errare
1073 1570 1123 1646 qui
1138 1570 1358 1644 diligentissime
1374 1583 1535 1646 temporum
1551 1571 1667 1629 annales
1679 1592 1743 1649 per·

964 1671 1082 1726 secutus·
1101 1658 1229 1715 hominis
1253 1657 1462 1716 Samosatensis
1485 1658 1650 1716 narratione
1676 1679 1744 1737 per,

965 1747 1038 1804 lecta
1052 1767 1128 1804 anno
1149 1759 1215 1824 post
1234 1747 1301 1803 Chr.
1325 1767 1354 1806 n.
1376 1749 1413 1803 80
1433 1746 1575 1822 Cynicum
1599 1747 1629 1803 in
1649 1747 1741 1806 lucem

963 1833 1074 1892 editum
1090 1848 1117 1891 et
1140 1854 1230 1912 prope
1254 1847 1368 1891 centum
1394 1852 1535 1890 annorum
1561 1853 1656 1890 senem
1684 1855 1742 1892 non

965 1923 1057 1979 multo
1073 1936 1138 1979 ante
1153 1922 1191 2008 hl:
1208 1921 1321 1979 Aurelii
1346 1919 1531 1997 imperatoris
1555 1933 1688 1990 mortem,
1711 1923 1742 1981 id

964 2022 1018 2080 est,
1034 2010 1121 2086 paulo
1142 2023 1206 2067 ante
1221 2029 1247 2066 a.
1282 2011 1337 2068 180
1352 2026 1518 2085 supremum
1543 2006 1616 2063 diem
1633 2006 1742 2065 obiisse

965 2109 1077 2152 statuat.

1004 2182 1067 2241 lam
1091 2183 1217 2262 primum
1244 2183 1372 2241 omnium
1403 2203 1461 2259 quo
1491 2196 1621 2258 tempore
1645 2181 1742 2259 Cypro

965 2273 1065 2329 relicta
1088 2271 1213 2334 Athenas
1238 2272 1360 2343 venerit,
1387 2270 1436 2329 uhi
1463 2272 1624 2349 plurimum
1645 2284 1743 2347 postea

965 2360 1040 2416 vixit
1055 2363 1220 2430 Demonax,
1238 2379 1296 2417 non
1322 2358 1454 2416 traditur.
1482 2357 1600 2414 Constat
1622 2369 1742 2428 tantum,

966 2465 1031 2505 eum
1048 2446 1197 2523 sapientiae
1215 2446 1396 2522 professores
1411 2444 1517 2501 adiisse
1529 2441 1741 2518 Agathobulum

965 2534 1193 2592 et.Demetrium
1229 2533 1374 2609 Cynicos,
1403 2531 1562 2608 Epictetum
1593 2530 1739 2601 Stoicum,

966 2621 1092 2698 denique
1121 2621 1313 2677 Timocratem
1344 2619 1529 2675 lleracleoten
1554 2637 1613 2674 non
1635 2617 1741 2674 intelli·

966 2709 1052 2781 gendi
1068 2709 1172 2778 solum,
1185 2707 1235 2765 sed
1250 2708 1333 2764 etiam
1350 2705 1466 2763 dicendi
1477 2717 1631 2763 auctorem.
1645 2705 1741 2772 Quan·

965 2809 1026 2851 tum
1042 2808 1133 2853 autem
1146 2808 1205 2852 tum
1218 2795 1336 2852 illorum
1353 2793 1554 2868 magistrorum
1570 2791 1743 2868 disciplinae,

966 2898 1025 2941 tum
1041 2903 1093 2942 suo
1108 2881 1226 2957 ihgeuio
1250 2883 1281 2940 in
1305 2901 1401 2940 rerum
1426 2879 1670 2956 contemplatione
1691 2880 1743 2937 dea

965 2969 1076 3043 buerit,
1091 2970 1208 3027 deliniri
1224 2991 1283 3028 non
1302 2983 1405 3048 potest.
1422 2968 1550 3045 Namque
1570 2968 1607 3025 ab
1620 2970 1739 3026 ineunte

965 3057 1157 3115 adolescentia
1178 3057 1296 3132 optimis
1318 3055 1429 3114 artibus
1454 3072 1516 3113 sese
1538 3054 1658 3129 dignum
1683 3073 1744 3112 esso

965 3157 1044 3202 ratus
1067 3148 1098 3202 in
1122 3165 1178 3202 una
1203 3144 1389 3222 philosophia
1414 3142 1497 3220 quasi
1525 3140 1741 3200 tabernaculum

965 3233 1034 3289 ritae
1052 3252 1111 3290 suae
1130 3232 1293 3290 collocarit.
1314 3230 1413 3306 Neque
1438 3250 1508 3287 vero
1529 3230 1619 3287 illotis
1637 3230 1691 3305 (l),
1708 3244 1743 3286 ut
1808 3222 1813 3235 '

965 3319 1064 3395 ajunt,
1077 3320 1202 3398 pedibus
1213 3320 1248 3377 ad
1262 3318 1409 3396 sapientiae
1422 3317 1548 3375 studium
1563 3335 1593 3373 se
1608 3316 1742 3387 contulit,

966 3407 1016 3465 sed
1039 3421 1190 3485 postquam
1215 3426 1278 3465 cum
1303 3404 1412 3482 poetis,
1441 3422 1565 3480 quorum
1589 3402 1743 3479 plerosque

966 3496 1108 3554 memoria
1132 3496 1264 3571 tenebat,
1303 3492 1526 3553 familiaritatem
1564 3501 1743 3546 contraxerat

956 3587 1075 3662 diuque
1087 3586 1118 3642 in
1133 3583 1249 3641 dicendi
1268 3596 1328 3639 arte
1343 3592 1473 3638 versatus
1490 3590 1549 3635 erat
1564 3588 1592 3633 et
1614 3576 1744 3652 superio·

966 3770 1074 3829 λοσοφεῖν
1084 3767 1203 3822 ἀλήθειαν.
1221 3764 1291 3821 -(4)
1302 3761 1422 3809 Lttcianus
1437 3758 1481 3806 rit.
1494 3757 1633 3806 Demodoci.
1650 3770 1671 3803 c.
1689 3757 1741 3801 4-

967 3845 999 3885 6:
1014 3839 1049 3885 Οὐ
1064 3837 1108 3897 μὴν
1121 3834 1223 3888 ἀνίπτοις
1232 3830 1339 3891 γε,ποσί,
1355 3830 1381 3878 τδ
1390 3834 1431 3876 τοῦ
1440 3828 1524 3889 λόγου,
1534 3828 1590 3888 πρὸς
1603 3824 1743 3885 ταῦταῇξεν,

967 3908 1026 3956 ἀλλά
1035 3908 1075 3955 καί
1087 3910 1192 3961 ποιηταῖς
1213 3902 1338 3964 σύντροφος
1349 3901 1438 3962 ἐγένετο
1454 3900 1549 3946 καὶτῶν
1563 3896 1678 3944 πλείστων
1689 3894 1742 3953 ἑμέ-

968 3996 1040 4039 μνητο
1053 3978 1093 4025 καί
1110 3977 1183 4035 λέγειν
1197 3975 1288 4031 ἤσκητο
1303 3972 1343 4019 καὶ
1362 3971 1404 4023 τὰς
1416 3971 1439 4017 ἐν
1458 3967 1581 4031 φιλοσοφίᾳ
1601 3966 1744 4028 προαιρέσεις

968 4050 1011 4097 οὐκ
1025 4048 1060 4097 ἐπ’
1073 4048 1149 4107 ὀλίγον
1165 4046 1218 4093 οὐδὲ
1232 4044 1294 4091 κατὰ
1312 4045 1353 4098 τήν
1369 4038 1494 4101 παροιμίαν
1511 4038 1575 4099 ἄκρῳ
1589 4040 1624 4096 τῷ
1639 4032 1745 4094 δακτύλῳ

968 4119 1085 4181 ἁψάμενος
1099 4117 1215 4175 ἠπίστατο
1225 4150 1232 4175 ,
1242 4114 1283 4161 καὶ
1294 4112 1321 4159 τὸ
1337 4115 1409 4171 σῶμα
1419 4109 1443 4157 δὲ
1456 4106 1613 4167 ἐγεγύμναστο
1630 4103 1670 4151 καὶ
1689 4102 1746 4163 πρὸς

967 4188 1087 4252 καρτερίαν
1099 4184 1313 4245 διεπεπόνητο,καί
1330 4182 1357 4231 τὸ
1370 4182 1422 4228 ὅλον
1433 4177 1568 4239 ἐμεμελήκει
1578 4176 1642 4234 αὐτῷ
1651 4172 1746 4233 μηδενὸς

968 4259 1038 4307 ἄλλον
1054 4258 1156 4322 προσδεᾶ
1179 4256 1247 4305 εἰναι·
1273 4254 1334 4302 ὥστε
1356 4251 1405 4299 ἐπεὶ
1422 4250 1461 4297 καί
1478 4248 1560 4308 έμαθεν
1577 4244 1654 4292 οὐκέτι
1670 4242 1747 4301 ἑαυτῷ

968 4333 1085 4393 διαρκῶν,
1096 4330 1156 4378 ἑκὼν
1166 4326 1254 4383 ἀπῆλθε
1262 4330 1304 4372 τοῦ
1321 4321 1373 4387 βίον
1387 4320 1458 4369 πολὺν
1469 4317 1525 4379 θπέρ
1536 4317 1607 4363 αὑτοῦ
1621 4311 1690 4370 λόγον
1699 4314 1746 4364 τοῖς

969 4401 1071 4464 ἀρίστοις
1083 4406 1129 4449 τῶν
1143 4398 1257 4453 Ἑλλήνων
1272 4391 1414 4441 καταλιπών.
1429 4386 1572 4461 Φιλοσοφίας
1585 4382 1610 4431 δὲ
1630 4380 1690 4433 εἰδος
1702 4378 1746 4460 οὐχ

969 4472 993 4519 ἓν
1007 4470 1193 4531 ἀποτεμόμενος,
1210 4466 1269 4513 ἀλλά
1284 4463 1359 4513 πολλὰ
1378 4461 1401 4515 ές
1411 4458 1482 4508 ταύτδ
1495 4452 1623 4515 καταμίξας
1638 4451 1665 4499 ού
1685 4464 1746 4497 πανν

968 4558 990 4590 τι
1005 4542 1105 4602 ἐξέφαινε
1117 4539 1161 4587 τίνι
1172 4537 1248 4585 αὐτῶν
1261 4534 1361 4597 ἔχαιρεν.
1378 4531 1462 4593 Ἐῴκει
1475 4528 1499 4575 δὲ
1509 4530 1543 4587 τῷ
1555 4521 1672 4582 Σωκράτει
1685 4520 1746 4602 μάλ·

969 4614 1008 4661 λον
1020 4611 1167 4674 ᾠκειῶσθαι,
1181 4608 1201 4655 εἰ
1218 4605 1257 4653 καὶ
1269 4608 1303 4665 τῷ
1315 4602 1419 4664 σχήματι
1430 4598 1470 4646 καί
1479 4601 1509 4659 τῇ
1517 4598 1559 4642 τοῦ
1573 4592 1626 4654 βίου
1637 4593 1745 4653 ῥᾳστώνῃ

80 4739 83 4743 ,
146 4687 187 4746 μὲν
201 4687 334 4745 συνεγένετο
352 4685 442 4740 τούτοις
461 4687 501 4733 καὶ
516 4686 549 4733 ἔτι
567 4685 708 4746 Τιμοκράτει
724 4689 759 4745 τῷ
773 4683 923 4745 Ἡρακλεώτῃ
944 4701 949 4735 ι
968 4682 1008 4731 thr
1024 4681 1129 4731 Σινωπέα
1150 4679 1231 4734 ζηλοῦν
1249 4675 1333 4733 litim,
1355 4671 1383 4719 οὐ
1396 4664 1586 4746 παραχαράττων
1594 4662 1635 4747 ‘td
1653 4662 1685 4715 εἰς
1705 4659 1746 4716 τὴν

145 4761 212 4817 σοφῷ
234 4757 297 4818 ἀνδρὶ
319 4757 396 4819 φωνήν
412 4772 438 4803 τε
457 4756 498 4802 καὶ
516 4755 611 4816 γνώμην
628 4754 730 4815 μάλιστα
743 4756 922 4817 κεκοσμημένῳ.
944 4747 950 4811 Ι
969 4755 1073 4811 δίαιταν,
1086 4754 1118 4804 ὡς
1128 4746 1269 4808 θαυμάζοιτο
1276 4745 1322 4801 Ικαὶ
1336 4740 1493 4790 ἀποὸλέποιτο
1511 4738 1558 4783 θπο
1572 4749 1621 4781 των
1634 4732 1746 4791 ίντνγχα·

146 4826 202 4874 Ἀλλ’
214 4828 280 4887 δγάρ
290 4827 407 4887 Δημῶναξ
420 4826 464 4885 οὐχ
476 4825 522 4873 θπὸ
531 4824 619 4873 τούτων
633 4823 709 4882 τινός,
726 4828 757 4879 ὡς
767 4824 831 4885 έφην,
844 4840 921 4884 παρα·

145 4896 250 4955 κληθείς,
265 4897 315 4943 ἀλλ’
332 4895 419 4947 οἰκείας
434 4895 491 4956 πρδς
506 4893 536 4941 τὰ
546 4895 608 4941 καλὰ
621 4896 693 4955 ὁρμῆς
704 4894 745 4941 καί
758 4894 858 4954 ἐμφύτου
867 4895 923 4957 προς

146 4966 281 5027 φιλοσοφίαν
290 4966 375 5027 ἔρωτος
389 4966 415 5012 ἐκ
425 4966 515 5012 παίδων
526 4963 592 5018 εὐθὺς
601 4963 749 5023 κεκινημένος
765 4965 869 5025 θπεφεῖδε
881 4965 923 5026 μὲν

145 5042 191 5085 τῶν
203 5037 350 5096 ἀνθρωπείων
365 5036 458 5095 ἀγαθῶν
472 5035 589 5094 ἁπάντων,
604 5035 657 5082 δλον
672 5035 697 5082 δὲ
708 5034 825 5097 παραδούς
837 5037 920 5083 ἑαυτὸν

146 5108 259 5170 ἐλευθερία
270 5109 310 5155 καὶ
324 5105 446 5170 παρρησίᾳ
461 5106 586 5153 διετελεσεν
597 5104 667 5159 αὐτός
684 5120 710 5153 τε
727 5104 787 5166 ὀρθῷ
805 5105 845 5151 καί
858 5107 920 5165 θγιεῖ

146 5181 185 5226 καὶ
201 5178 348 5239 ἀνεπιλήπτῳ
364 5177 409 5240 βίῳ
425 5176 543 5238 χρώμενος
555 5178 596 5224 καὶ
609 5181 658 5232 τοῖς
670 5177 742 5238 δρῶσι
752 5177 792 5224 καί
809 5176 922 5224 ἀκούουσι

146 5250 293 5312 παράδειγμα
305 5249 414 5311 παρέχων
426 5248 468 5305 τήν
482 5250 566 5295 ἑαυτοῦ
579 5248 674 5309 γνώμην
690 5248 729 5295 καὶ
747 5248 788 5306 τήν
802 5247 824 5295 ἐν
840 5251 874 5308 τῷ
886 5263 924 5309 φι-

968 4824 1068 4881 νόντων,
1089 4818 1139 4868 ἀλλ’
1152 4816 1289 4878 ὁμοδίαιτοςΙ
1302 4814 1389 4862 ἀπασιν
1406 4808 1491 4857 ὤνκαὶ
1508 4806 1575 4862 πεζὸς
1589 4804 1630 4851 καὶ
1646 4800 1694 4849 οὐδ’
1711 4798 1747 4847 ἐπ’

969 4894 1046 4954 ὀλίγον
1057 4893 1120 4954 τύφῳ
1132 4888 1233 4949 κάτοχος
1247 4890 1317 4942 συνῆν
1330 4882 1370 4931 καὶ
1386 4878 1577 4936 ξυνεπολιτεύετο.
1591 4876 1638 4931 Τὴν
1650 4874 1691 4935 μέν
1705 4876 1747 4920 τοῦ

969 4962 1104 5025 Σωκράτους
1120 4958 1239 5022 εἰρωνείαν
1259 4953 1287 5002 οὐ
1303 4954 1467 5015 προσιέμενος,
1488 4948 1582 5009 χάριτος
1605 4946 1629 4993 δὲ
1644 4944 1746 4999 Ἀττικῆς

969 5034 1054 5095 μεστὰς
1064 5030 1199 5093 ἀποφαίνων
1208 5027 1249 5081 τὰς
1266 5022 1390 5077 συνουσίας
1400 5059 1406 5081 ,
1415 5023 1447 5076 ὡς
1463 5021 1517 5072 τούς
1526 5014 1745 5078 προσομιλήσαντας

968 5104 1065 5152 ἀπιέναι
1081 5101 1138 5160 μήτε
1160 5095 1379 5157 καταφρονήσαντας
1392 5094 1423 5144 ῶς
1445 5090 1553 5149 ἀγεννοῦς
1572 5085 1629 5147 μήτε
1644 5084 1671 5131 τδ
1688 5098 1745 5131 oxu·

970 5173 1060 5236 θρωπδν
1079 5174 1126 5217 τῶν
1147 5166 1305 5228 ἐπιτιμήσεων
1323 5159 1510 5224 ἀποφεύγοντας,
1529 5153 1652 5209 παντοίους
1666 5151 1691 5200 δὲ
1705 5148 1746 5235 hrt?

970 5242 1110 5307 εὐφροσύνης
1130 5240 1266 5302 γενομένους
1289 5235 1329 5287 καὶ
1350 5231 1522 5293 κοσμιωτέρους
1541 5224 1604 5290 παρὰ
1623 5222 1682 5272 πολὺ
1706 5228 1745 5268 και

921 5345 975 5393 347
