3959 5925
780 366 1021 427 FRAGMENTA
1040 362 1175 424 vauls.
1721 370 1777 421 103

169 507 227 569 Sed
257 504 394 565 Cratinus
418 522 478 561 non
505 501 560 559 fuit
583 498 787 579 philosophus.
812 496 952 555 Similiter
974 506 978 525 '
998 515 1063 573 quae
1077 494 1225 569 Stagirites
1236 494 1268 551 in
1282 492 1369 553 libris
1385 493 1422 551 de
1441 492 1574 551 llloribus
1595 492 1632 549 ad
1646 492 1780 553 Nicoma·

168 596 272 655 Cicero
286 594 321 651 de
335 590 399 652 Fin.
411 591 463 649 lib.
479 590 569 669 lcap.
586 609 604 663 9
620 608 627 647 ε
643 614 655 639 ο
670 587 834 657 Quaerimus
848 586 950 661 igitur,
999 584 1100 655 chum,
1113 583 1145 640 in
1169 580 1272 659 primis
1286 579 1340 638 lib.
1362 581 1375 638 l
1396 601 1461 658 cap,
1484 580 1536 657 5·9
1558 580 1710 657 exposuit,
1728 580 1781 640 ubi

171 682 243 761 quid
266 682 306 740 sit
327 693 507 749 extremum,
531 676 602 754 quid
627 676 762 735 ultimum
783 672 948 747 bonorum3
999 672 1087 729 linem
1110 664 1240 729 hominis
1258 690 1321 729 esse
1343 668 1561 738 beatitudinem,
1576 668 1651 726 hanc
1665 688 1735 728 vero
1749 671 1782 728 in

169 770 261 848 quod,
288 767 420 826 omnium
447 765 691 844 philosophorum
713 762 873 833 sententia,
896 762 953 820 tale
997 760 1108 820 virtute
1128 759 1191 817 sive
1215 759 1241 816 ίν
1256 757 1371 837 ἐνεργείορ
1385 757 1444 815 κατ’
1458 756 1552 836 ἀρετὴν
1574 758 1698 834 positam
1719 777 1783 817 esse

170 856 256 916 debet
271 874 348 927 esse,
369 868 402 913 ut
425 854 462 912 ad
484 853 514 911 id
529 853 628 911 omnia
641 851 743 909 referri
759 862 905 928 oporteat,
926 851 953 908 i·
998 847 1192 919 demonstrat,
1208 865 1263 903 nec
1277 858 1374 903 tamen
1389 865 1426 903 ex
1445 845 1498 903 illo
1510 843 1679 922 philosophi
1693 864 1782 923 opere

169 957 257 1025 psum·
280 957 374 1002 autem
389 946 543 1019 nusquam.
564 967 576 994 ι
595 972 634 986 -
649 938 675 975 ²⁶
691 940 732 997 ἐπ’
747 936 818 996 ούδίν
833 938 952 1016 reposui
999 948 1094 995 sumta
1105 934 1254 995 ridentur.
1267 933 1364 1003 Quum
1379 933 1457 992 enim
1476 933 1563 1010 plura
1578 932 1627 990 hic
1648 933 1782 1007 legantur

169 1052 233 1091 eum
249 1031 352 1108 Lipsio
365 1028 484 1088 lllanud.
500 1026 589 1086 Stoic.
606 1028 648 1103 ll,
675 1027 728 1099 133
747 1024 832 1085 codd.
849 1026 891 1082 ἐπ’
908 1025 952 1083 ού·
999 1042 1065 1101 quae
1080 1023 1112 1080 in
1123 1021 1236 1080 Ethicis
1251 1020 1451 1079 Nicomacheis
1473 1039 1534 1077 non
1546 1032 1714 1096 comparent
1728 1037 1780 1076 ne·

169 1122 249 1187 δινός.
267 1150 306 1164 -
329 1117 354 1154 ²⁷
379 1107 523 1198 πρακτικόν
544 1114 684 1192 rescripsi
707 1134 772 1174 cum
790 1114 951 1187 Heereni03
973 1071 975 1171 l
999 1130 1057 1187 que
1065 1108 1155 1168 verba
1163 1109 1322 1187 utrobique
1331 1102 1431 1167 eadem
1440 1108 1509 1184 sint,
1520 1106 1696 1165 arbitramur
1705 1107 1783 1165 bunc

169 1208 240 1267 libri
270 1206 411 1287 πρακτέον.
436 1236 474 1249 -
496 1202 523 1239 ²⁸
549 1203 721 1261 διατεθεῖσθαι
746 1202 863 1265 exaravi
887 1222 953 1260 eum
973 1204 975 1281 ζ
998 1198 1284 1277 locumedeperdito
1296 1197 1422 1275 quodam
1433 1196 1597 1256 Aristotelis
1607 1195 1710 1262 libello
1721 1214 1783 1254 esse

168 1296 318 1371 iladvigio
342 1294 378 1352 ad
396 1294 457 1353 Cic.
480 1291 519 1350 de
534 1290 596 1351 Pin.
620 1311 651 1369 p.
677 1298 751 1361 1443
777 1289 952 1349 membranae
998 1288 1131 1366 petitum.
1148 1286 1199 1344 Est
1214 1299 1308 1345 etitem
1323 1285 1486 1344 uerisimile
1500 1304 1566 1343 eum
1581 1286 1614 1342 iu
1628 1285 1706 1344 hune
1720 1304 1784 1343 mo·

169 1380 321 1442 διατιθίναι.
340 1413 381 1426 -
394 1378 420 1416 ²⁹
442 1377 555 1459 ἀγούσης
575 1377 662 1456 posui
681 1397 746 1436 cum
769 1377 870 1435 eodem
896 1397 952 1455 pro
973 1431 975 1462 γ
1000 1376 1070 1435 dum
1091 1374 1329 1453 philosophatum
1349 1393 1412 1433 esse
1431 1376 1464 1432 in
1479 1372 1695 1432 commentariis
1710 1392 1783 1450 quos

169 1468 401 1532 membranarum
423 1468 568 1544 scriptura
593 1464 708 1534 ὑποίαης.
726 1496 766 1509 -
780 1461 807 1499 ³⁰
828 1463 953 1537 ἐπιύολῆς
973 1472 974 1478 ’
998 1464 1035 1523 de
1047 1465 1157 1523 virtute
1173 1462 1246 1542 (περὶ
1259 1462 1370 1543 ἀρετῆς)
1381 1462 1460 1521 aede
1470 1463 1621 1540 voluptate
1637 1461 1712 1541 (περὶ
1723 1462 1784 1532 ἡδο-

170 1578 235 1615 cum
258 1556 401 1631 Heerenio
425 1554 523 1627 edidi;
538 1540 608 1611 libri
632 1551 781 1618 ίπιύουλῆς.
796 1584 836 1596 -
851 1547 873 1585 ³⁴
892 1554 952 1611 llo·
973 1612 975 1646 Ι
997 1554 1057 1630 νῆα)
1073 1565 1144 1611 teste
1158 1553 1289 1627 Diogene
1304 1550 1421 1609 Laertio
1441 1550 1493 1611 lib.
1506 1551 1541 1623 V,
1559 1552 1650 1609 22-23
1663 1570 1783 1629 compo·

168 1664 239 1704 mer.
254 1644 358 1721 Odyss.
374 1641 428 1702 lib.
441 1641 481 1700 lX
499 1661 541 1700 vs.
555 1642 585 1713 5,
596 1639 648 1699 ubi
662 1639 734 1707 τελας
745 1652 904 1718 usurpatur
921 1654 953 1699 ut
973 1701 975 1724 γ
998 1654 1104 1700 suerat.
1123 1672 1164 1685 -
1176 1639 1204 1674 ⁴⁸
1224 1640 1310 1697 Conf.
1324 1640 1443 1698 Aristot.
1459 1639 1525 1699 Eth.
1539 1639 1602 1698 Nic.
1616 1638 1671 1698 lib.
1688 1637 1715 1710 l,
1735 1642 1782 1708 ιδ,

167 1734 272 1810 χρῆμα,
286 1752 341 1788 non
359 1737 433 1787 euim
448 1750 501 1803 ego
520 1732 607 1785 allam
628 1741 697 1803 pato
715 1748 773 1783 rem
795 1734 949 1801 gratiorem
973 1777 975 1806 ,
998 1729 1050 1807 qui
1065 1743 1161 1787 tamen
1173 1727 1218 1786 ibi
1233 1748 1294 1785 non
1310 1727 1384 1799 tria,
1398 1746 1523 1804 quorum
1545 1726 1594 1785 bic
1614 1726 1723 1784 mentio
1738 1727 1778 1795 stt,
1805 1752 1814 1770 ·

168 1840 236 1879 esse.
254 1817 327 1877 Vide
345 1817 388 1876 ibi
401 1816 549 1875 Clarkium
562 1816 814 1875 etEr·nestum.-
826 1811 852 1850 ³²
865 1816 949 1879 Conf.
973 1835 975 1841 ·
999 1836 1106 1894 genera
1120 1820 1251 1888 virtutis,
1274 1816 1325 1874 secl
1343 1814 1403 1874 duo
1424 1828 1534 1874 tantum
1549 1812 1595 1883 τλν
1615 1812 1783 1884 διανοητικὴν

168 1906 244 1967 Plat.
260 1906 339 1965 Tim.
355 1925 385 1983 p.
403 1908 441 1973 st
464 1918 492 1963 et
506 1904 624 1979 Protag.
646 1924 677 1981 p.
696 1904 765 1963 ³50.
792 1937 833 1948 -
845 1900 871 1939 ³³
890 1907 952 1962 ὑπο·
973 1965 975 1981 ‚
997 1918 1027 1964 et
1050 1904 1098 1977 rip
1121 1905 1215 1977 ἠθικὴν
1235 1905 1347 1964 statuit.
1362 1940 1402 1953 -
1422 1902 1448 1939 ⁴⁹
1468 1904 1538 1973 Quae
1559 1902 1609 1961 hic
1627 1901 1780 1961 Aristoteli

169 1992 241 2061 τελὲς
254 2006 377 2053 vocatur
390 1996 466 2069 quod
468 1995 529 2066 fini
537 1995 662 2064 subjacet
675 1992 738 2050 sive
749 2011 807 2069 quo
817 1992 853 2051 ad
866 1994 951 2051 finem
973 1985 975 2091 ἶ
998 1992 1169 2052 attribuitur
1181 1992 1330 2050 felicitatis
1343 1992 1513 2069 explicatio,
1529 1990 1607 2069 apud
1621 1991 1782 2067 Diogenem

169 2082 402 2161 consequendum
413 2081 677 2140 anaturainstructi
690 2100 800 2141 sumus.
810 2082 863 2141 Est
873 2082 951 2139 enim
973 2141 975 2179 Ι
998 2082 1146 2141 laertium
1163 2081 1216 2141 lib.
1228 2080 1263 2153 V,
1280 2082 1317 2137 30
1337 2080 1474 2138 adfinem
1497 2079 1695 2138 transfertur:
1712 2078 1784 2147 τίλος

170 2172 239 2231 linis
253 2171 413 2230 secundum
428 2171 541 2228 Stoicos
556 2182 663 2228 naturae
684 2168 893 2227 convenienter
908 2170 951 2227 vi·
973 2180 975 2269 γ
999 2169 1026 2230 δὲ
1040 2170 1069 2230 ἓν
1079 2170 1189 2243 ἐξέθετο,
1198 2172 1293 2248 χρῆσιν
1305 2170 1400 2247 ἀρετῆς
1413 2170 1440 2225 ἐν
1461 2168 1510 2249 βίῳ
1527 2167 1631 2248 τελείῳ,
1648 2170 1727 2246 quod
1740 2183 1783 2228 ta·
1865 2234 1869 2242 ¹

170 2250 255 2332 vere,
275 2258 305 2319 τὸ
324 2256 446 2323 ὑποτελὲς
469 2270 563 2335 eptem
586 2256 790 2334 complectitur
807 2255 952 2334 quidquid
973 2321 974 2348 ,
999 2280 1065 2319 men
1080 2260 1181 2318 eodem
1195 2257 1290 2329 redit,
1306 2258 1376 2334 quia
1390 2256 1469 2335 apud
1493 2258 1676 2316 Aristotelem
1689 2258 1783 2317 felici·

169 2348 205 2405 ad
218 2348 469 2406 conservationem
484 2360 592 2405 naturae
607 2359 712 2404 nostrae
725 2345 862 2422 pertinet,
878 2364 912 2402 ac
927 2345 952 2403 si
973 2394 975 2432 Ι
999 2359 1044 2406 tas
1061 2367 1116 2426 pro
1129 2348 1195 2425 ipso
1214 2346 1274 2404 fine
1288 2345 1421 2423 ponitur.
1438 2346 1487 2404 Sic
1500 2346 1578 2405 enim
1589 2344 1684 2407 Etbic.
1700 2346 1781 2407 lib.l

169 2435 298 2511 sapimus
310 2454 345 2492 eo
361 2434 487 2492 conferri
502 2446 612 2512 potest,
627 2446 660 2491 ut
677 2433 740 2510 ejus
752 2451 809 2511 ope
822 2432 858 2490 ad
873 2452 952 2491 sum·
973 2443 975 2464 ¹
999 2455 1063 2514 cap.
1083 2456 1119 2493 ro
1138 2456 1145 2493 ι
1161 2433 1186 2492 τί
1207 2424 1252 2493 οὑν
1273 2433 1370 2492 κωλύει
1386 2432 1476 2512 λέγειν
1500 2433 1642 2510 εὐδαίμονα
1659 2434 1703 2493 τὸν
1722 2437 1782 2494 κατ’

167 2540 247 2578 mum
266 2519 376 2579 bunum
399 2523 614 2599 perveniamus.
626 2520 697 2590 Quae
712 2540 803 2598 quum
819 2522 859 2579 ita
882 2521 951 2593 sint,
999 2522 1094 2604 ἀρετλν
1102 2523 1203 2581 τελείαν
1216 2524 1386 2601 ἐνεργοῦντας
1401 2534 1431 2579 et
1440 2521 1529 2599 paulo
1544 2533 1621 2598 post,
1635 2519 1682 2592 rip
1693 2521 1782 2579 εύδαι-

166 2606 197 2665 τδ
225 2608 347 2676 ὑποτελὲς
367 2609 458 2668 latine
479 2614 601 2667 indolem
621 2610 772 2667 vertimus.
797 2640 837 2653 -
863 2604 887 2650 ³⁴
908 2610 951 2666 εὑ·
999 2612 1090 2689 ριονίαν
1101 2610 1129 2669 δὲ
1142 2609 1214 2677 τέλος
1223 2609 1269 2668 καί
1280 2609 1378 2669 τέλειον
1388 2608 1491 2685 τίθεμεν
1503 2607 1706 2674 πάντως-150
1715 2610 1781 2667 nri-

168 2692 231 2775 ρυία
248 2696 401 2772 legendum
422 2717 487 2756 cum
502 2696 674 2755 melioribus
688 2695 775 2755 libris
788 2716 846 2774 pro
861 2716 951 2755 mem-
998 2702 1113 2759 stoteles
1143 2700 1165 2759 l.
1200 2721 1224 2758 c.
1257 2698 1316 2756 tria
1341 2698 1378 2756 ad
1401 2696 1612 2756 beatitudinem
1635 2696 1780 2772 requirit,

165 2780 324 2842 branarum
334 2784 515 2861 quarundam
531 2785 678 2863 scriptura
690 2778 802 2856 εὐποιία,
819 2784 870 2842 sed
882 2785 952 2843 alte·
998 2788 1126 2865 primum
1139 2790 1234 2865 χρῆσιν
1246 2786 1358 2863 ἀρετῆς,
1372 2785 1478 2843 deinde
1493 2786 1587 2864 ἀρετῆς
1597 2782 1716 2859 τελείας,
1733 2783 1783 2842 de·

166 2890 229 2928 τοττι
239 2871 392 2930 lectionem
400 2874 552 2932 confirmat
563 2874 649 2931 etiam
660 2872 805 2947 Diogenes
820 2870 952 2932 Laertius
998 2875 1089 2952 nique
1109 2876 1135 2932 ίν
1159 2873 1208 2954 βίῳ
1226 2871 1331 2955 τελείῳ,
1353 2875 1396 2932 ita
1417 2885 1451 2932 ut
1473 2870 1641 2930 exercitatio
1663 2870 1783 2930 virmtis

167 2957 296 3036 lib.Vll,
306 2961 341 3017 61
355 2983 362 3018 τ
376 2952 428 3021 οἶον
447 2961 489 3020 ἐπὶ
504 2961 551 3038 μὲν
571 2965 623 3020 τῶν
638 2964 767 3041 ψυχικῶν,
781 2955 900 3040 aepulas,
910 2959 954 3020 τί·
974 2995 976 3061 γ
998 2962 1134 3041 perlectae
1157 2963 1188 3020 in
1202 2966 1262 3020 vita
1275 2961 1402 3038 perlecta
1416 2972 1561 3020 cernatur.
1576 2958 1632 3018 Sed
1647 2971 1783 3036 quartum
1887 2956 1891 2965 ¹

166 3068 235 3125 χνην
256 3047 313 3106 κτλ
332 3081 372 3090 -
386 3043 412 3082 ³⁵
424 3047 565 3106 Nonnulli
578 3047 608 3106 τὸ
621 3045 744 3112 ὑποτελὲς
765 3047 955 3105 nominarunt
999 3051 1074 3109 illud
1086 3051 1166 3130 quod
1178 3050 1228 3108 hic
1239 3049 1387 3127 adjicitur,
1400 3063 1433 3108 ut
1446 3049 1485 3108 sit
1510 3050 1605 3127 χρῆσις
1616 3045 1783 3128 προηγουμί·

166 3131 326 3207 ὑποτελίδα,
347 3135 428 3193 velut
448 3133 575 3194 llerillus
599 3147 670 3193 teste
693 3135 825 3210 Diogene
839 3134 954 3193 Laertio
999 3159 1044 3212 νη,
1057 3137 1239 3196 desideratur
1250 3137 1328 3217 apud
1344 3135 1514 3213 Stagirites.
1525 3134 1691 3213 ltaquehoc
1705 3147 1783 3193 aute

164 3218 221 3280 lib·
233 3219 295 3291 Vll,
309 3221 363 3279 165
380 3221 532 3303 τδῑαγὲρεῑν
548 3221 575 3279 δὲ
589 3221 667 3298 τέλοο
677 3219 723 3279 καί
737 3219 894 3294 ὑποτελίδα,
908 3225 954 3292 τῆς
1000 3225 1166 3285 Stoicorum
1196 3226 1328 3284 doctrina
1351 3225 1470 3283 ductum
1491 3237 1536 3282 est
1561 3236 1611 3282 aut
1635 3243 1652 3280 e
1674 3224 1785 3281 rariore

167 3304 289 3388 μὲνγὰρ
320 3305 446 3376 καὶτοὺς
470 3308 507 3386 μὴ
534 3307 628 3390 σοροὺς
651 3307 839 3398 στοχάζεσθαι,
859 3313 904 3368 τοῦ
926 3309 953 3368 δὲ
1005 3314 1130 3392 quadam
1151 3314 1339 3392 Peripatetici
1369 3312 1541 3392 philosophi
1568 3310 1782 3382 lucubratione,
1805 3346 1811 3355 ·

168 3393 246 3471 μόνον
268 3393 312 3454 τδν
326 3394 418 3476 σορόν.
433 3429 473 3442 -
489 3393 515 3432 ³⁶
538 3399 658 3458 llomer.
683 3397 788 3475 Odyss.
813 3395 867 3456 lib.
894 3396 952 3472 IX,
1003 3421 1068 3480 quae
1087 3401 1149 3478 jam
1175 3401 1290 3479 pridem
1308 3400 1469 3459 intercidit.
1497 3399 1587 3457 Stoici
1605 3396 1639 3456 ri
1654 3397 1785 3476 προηγού-

168 3481 231 3541 5-6·
258 3515 299 3528 -
322 3483 348 3520 ³⁷
376 3483 495 3546 Homer.
529 3485 634 3564 Odyss.
666 3485 719 3545 lib.
748 3484 784 3559 V,
817 3487 885 3561 193.
913 3519 953 3531 -
1003 3512 1070 3566 μενα
1086 3491 1133 3547 vel
1146 3493 1284 3568 preducta
1308 3508 1371 3548 esse
1392 3487 1541 3559 dicebant,
1566 3505 1630 3563 quae
1644 3504 1704 3541 nou
1717 3480 1785 3561 qui-

169 3564 195 3604 ³⁸
209 3569 320 3650 Scripsi
334 3573 380 3646 Ιἐπ’
401 3574 498 3651 αὐτούς
510 3573 595 3633 codd.
610 3572 654 3631 ὑπ’
669 3573 756 3633 αὑτὸν.
769 3605 809 3618 -·
826 3569 851 3608 ³⁰
865 3573 955 3632 Posui
976 3598 978 3636 ι
1001 3580 1067 3638 dem
1094 3598 1165 3637 vera
1186 3578 1267 3636 bona
1289 3590 1403 3648 essent,
1432 3574 1484 3634 sed
1498 3587 1595 3632 tatuen
1613 3571 1783 3648 dignitatem

168 3657 302 3738 ἁρμονικῷ
332 3680 398 3718 cum
422 3660 645 3738 wyttenbachio
666 3661 702 3719 ad
724 3659 873 3720 Plutarch.
898 3659 952 3721 lib.
1003 3669 1148 3747 quandam
1170 3666 1323 3727 haberem,
1344 3665 1413 3722 llaee
1436 3676 1532 3722 autem
1558 3660 1595 3719 ab
1618 3660 1685 3719 aliis
1706 3659 1786 3720 bona

169 3744 206 3804 ‘le
218 3766 274 3806 ⁵⁰?-
289 3767 369 3808 Uum·
384 3749 467 3808 Vlffll·
478 3749 590 3828 P·'55⁰2
600 3750 637 3822 Ῐ),
646 3769 707 3827 ῬΓΟ
719 3747 953 3806 membranarum
1002 3757 1133 3836 corporis
1144 3769 1173 3814 et
1185 3768 1306 3812 externa
1314 3753 1415 3812 vocari
1428 3751 1532 3810 solent.
1553 3749 1597 3808 De
1610 3749 1714 3808 iisdem
1728 3749 1785 3808 hoc

170 3834 313 3912 scriptura
328 3837 488 3913 ἁρμονικῶς.
509 3871 549 3883 -
560 3837 587 3872 ⁴⁰
602 3837 751 3914 Rescripsi
774 3835 848 3915 παρὰ
874 3834 955 3896 Πλᾶ-
1002 3845 1067 3903 loco
1082 3845 1129 3920 agi
1142 3840 1315 3918 intelligitur
1325 3861 1362 3900 ex
1376 3841 1510 3919 apposita
1521 3839 1761 3916 interpretatione
1776 3859 1783 3896 ι

169 3942 266 3994 τωνος,
282 3923 351 3981 libri
372 3925 446 4003 παρὰ
462 3924 597 3985 Πλοίταονι.
621 3959 661 3971 -
682 3925 704 3967 ⁴¹
722 3925 807 3983 Plato
827 3925 864 3984 de
886 3925 955 4002 leg.
1002 3929 1202 4011 προηγουμένην
1225 3929 1269 4000 δέ,
1288 3928 1367 4009 χοίριν
1389 3933 1435 3988 τοῦ
1455 3927 1503 3999 τὴν
1521 3931 1617 4007 χρῆσιν
1640 3928 1667 3984 ἐν
1682 3926 1787 4003 ἀγαθοῖς

171 4005 224 4066 lib.
240 4008 278 4065 lV
302 4030 333 4089 p.
353 4014 422 4084 716.
439 4044 480 4057 —
500 4011 526 4053 ⁴²
544 4014 573 4070 ού
588 4010 726 4080 πολύδοξον
746 4011 888 4071 inseruie
912 4032 957 4072 se·
1002 4020 1148 4098 γίγνεσθαι,
1169 4017 1206 4094 μὴ
1227 4019 1253 4075 ἐν
1275 4025 1375 4085 κακαῖς.
1392 4016 1488 4088 Quid?
1503 4013 1582 4093 quod
1597 4013 1786 4091 Peripatetici

171 4097 330 4171 questibus
353 4121 418 4158 eum
443 4101 604 4172 Heereni03
627 4103 656 4158 in
679 4099 764 4158 codd.
782 4100 843 4159 haec
866 4099 957 4159 verba
1004 4125 1122 4185 quoque
1135 4105 1271 4184 corporis
1290 4103 1370 4164 bona
1381 4118 1410 4163 et
1421 4118 1542 4163 externa
1561 4121 1618 4180 pro
1632 4099 1720 4159 bonis
1733 4099 1788 4158 ha-

169 4180 381 4247 desiderantur.
403 4219 442 4233 -
460 4184 537 4254 4³21<
554 4186 674 4246 δὲτοῦτὸ
700 4188 807 4264 scripsi
826 4207 893 4247 cum
905 4208 955 4270 eo·
1003 4194 1106 4255 bentes
1125 4195 1173 4253 his
1196 4193 1321 4252 sublatis
1343 4193 1501 4272 perlectam
1525 4191 1692 4248 felicitatem
1721 4188 1787 4246 tolli

170 4269 255 4348 dem3
283 4273 355 4332 libri
381 4277 404 4333 εί
427 4274 454 4334 δὲ
477 4275 566 4335 ταύτὸ.
589 4308 629 4320 —-
653 4274 678 4318 tt
703 4277 747 4336 cf.
774 4276 851 4336 Plat.
874 4276 952 4338 Tim.
1004 4282 1196 4342 affirmabant.
1221 4281 1407 4360 Quapropter
1435 4280 1472 4338 de
1494 4279 1574 4337 sonte
1595 4297 1697 4336 eorum
1723 4295 1788 4353 quae

170 4377 200 4435 P·
224 4379 274 4434 9⁰·
294 4393 335 4404 -
358 4359 385 4396 ⁴⁵
410 4360 479 4420 κατὰ
503 4361 618 4440 τοῦνομα
641 4363 762 4441 seripsi3
787 4362 875 4423 codd·
899 4365 958 4422 κατ’
1004 4371 1054 4429 hic
1068 4371 1253 4430 disseruntur
1268 4390 1329 4428 non
1350 4380 1475 4430 constat.
1493 4366 1659 4443 caeteroqui
1678 4363 1789 4441 rejecta

171 4443 270 4523 ούνομοι
283 4449 330 4507 vel
352 4449 397 4506 καὶ
416 4451 441 4507 τ’
455 4447 561 4527 ούνομα.
580 4483 621 4495 -
642 4450 667 4492 ll
689 4450 725 4508 In
742 4451 874 4510 Platonis
889 4451 958 4510 loco
1005 4459 1139 4517 codicum
1175 4459 1323 4536 scriptura
1346 4455 1550 4537 προηγουμένοις
1575 4455 1636 4514 vel,
1649 4475 1789 4531 προηγου-

173 4531 283 4595 Stobaei
304 4535 481 4596 membranae
497 4537 637 4597 exhibent
658 4537 752 4615 ὁμοίιος
767 4537 799 4597 δν
813 4538 844 4598 τὸ
865 4540 892 4597 δὲ
912 4539 958 4597 vel
1006 4546 1086 4623 μένην
1114 4546 1233 4625 reposui
1261 4542 1457 4627 προηγουμένη.
1481 4577 1523 4591 -
1549 4542 1571 4578 ⁵¹
1597 4538 1789 4617 μετενηνεγμέ-

173 4619 236 4680 τύδε
251 4643 307 4703 pro
322 4623 488 4701 ὁμοιώσαντα
510 4624 538 4684 δὲ
556 4640 585 4684 et
599 4625 783 4706 προστεθέντος
793 4647 850 4705 pro
865 4649 961 4706 προτε-
1004 4653 1048 4689 νον
1065 4633 1187 4710 scripsi3
1205 4631 1288 4690 codd.
1303 4630 1476 4711 μιτηγμίνον.
1488 4629 1539 4688 Est
1551 4642 1646 4687 autem
1656 4627 1787 4686 Platonis

87 4751 90 4756 ,
174 4709 259 4778 θέντος
275 4733 340 4791 quae
363 4733 400 4772 ex
410 4715 532 4773 Platone
554 4714 679 4773 restitui.
697 4715 730 4773 ln
745 4715 848 4774 iisdem
871 4733 959 4773 mem·
1006 4719 1086 4787 loeus
1109 4720 1142 4778 in
1170 4719 1353 4797 Euthydemo
1377 4741 1405 4797 p.
1435 4720 1504 4778 aas.
1529 4748 1570 4761 —
1586 4715 1612 4752 ⁵²
1633 4715 1699 4774 Vid.
1719 4715 1788 4774 Ari-

172 4796 275 4858 branis
298 4815 341 4859 est
353 4800 418 4882 πρός
444 4825 473 4858 τε
487 4801 531 4858 τὀν
555 4800 672 4881 παρόντα
695 4801 803 4861 καὶτὸν
830 4802 959 4877 μέλλοντα
1006 4820 1074 4866 stot.
1095 4806 1179 4868 Rhet.
1206 4807 1260 4868 lib.
1284 4807 1308 4865 I.
1334 4838 1373 4852 —
1397 4801 1422 4841 ⁵³
1444 4806 1564 4865 Aristot.
1587 4805 1669 4863 Rhet.
1691 4803 1745 4866 lib.
1775 4801 1789 4860 l

176 4889 287 4947 omisso
302 4891 406 4968 χρόνον,
423 4890 502 4968 quod
511 4909 548 4948 ex
561 4890 683 4948 Platone
694 4889 799 4968 adjeci.
815 4891 869 4950 llic
882 4892 959 4950 enirn
1006 4913 1069 4971 cap.
1091 4915 1122 4969 9,
1144 4895 1213 4952 item
1235 4914 1297 4972 cap.
1322 4914 1369 4954 11.
1389 4927 1429 4942 -
1443 4889 1468 4934 ’ί
1485 4892 1569 4951 Plato
1588 4891 1667 4950 Tim.
1682 4911 1713 4969 p.
1735 4891 1786 4957 et.

175 4976 263 5052 plene
278 4978 397 5056 scripsit
413 4999 421 5035 τ
442 4976 508 5054 πρός
518 5000 548 5035 τε
563 4977 612 5035 τὸν
624 4977 742 5058 παρόντα
757 4978 858 5038 καὶτὸν
869 4980 960 5040 ἔπειτα
1005 5015 1046 5026 -
1059 4981 1084 5017 ⁵⁵
1098 4981 1188 5041 Posui
1212 4981 1418 5061 Νικομαχείων;
1444 4981 1528 5041 codd.
1552 4981 1734 5059 Νικομαχιῶν.
1747 5007 1790 5025 -

175 5061 281 5143 χρόνον.
308 5097 349 5110 -
376 5064 402 5108 Π
430 5066 500 5136 Quae
526 5079 687 5144 sequuntur
715 5067 882 5127 Aristotelis
903 5068 959 5126 do·
1007 5069 1032 5106 ’⁶
1060 5071 1104 5128 De
1134 5070 1192 5129 hoo
1230 5069 1346 5129 Eudoxi
1378 5071 1485 5148 placito
1524 5072 1584 5146 agit
1618 5069 1789 5128 Aristoteles

177 5166 273 5227 gmata
284 5157 467 5214 conveniunt
480 5155 594 5232 quidem
608 5157 640 5216 in
655 5157 825 5217 universum
842 5177 908 5216 cum
922 5158 960 5217 iis
1007 5157 1102 5218 Ethic2
1128 5158 1239 5218 Nicom.
1263 5157 1317 5219 lib.
1341 5156 1365 5216 ll
1398 5178 1460 5236 cap.
1480 5181 1511 5220 a.
1530 5191 1571 5205 -
1596 5157 1621 5194 ⁵⁷
1639 5157 1710 5217 Vide
1723 5176 1788 5235 quae
