3959 5925
822 428 872 487 nn
892 384 1138 485 rauranum.
1219 440 1227 457 ·
1711 444 1785 487 ror

182 564 330 635 tnreuim,
344 582 404 639 quo
418 574 549 638 tempore
569 559 703 635 dialogus
720 560 770 636 qui
784 558 961 634 Protagoras
1008 556 1172 615 devertisse
1191 576 1256 614 eum
1273 556 1356 614 Plato
1376 555 1558 627 testificatur,
1576 557 1654 632 quod
1669 576 1729 614 non
1744 573 1787 617 est

180 650 354 713 inscribitur
365 669 382 706 a
393 646 711 718 Platonelrabitusesse
721 648 858 722 fingatur,
871 665 960 723 quum
1009 646 1128 717 mirum,
1141 644 1211 722 quia
1223 644 1311 702 homo
1332 644 1580 721 locupletissimus
1605 644 1637 701 in
1651 644 1784 722 philoso-

179 744 280 817 paucis
297 736 402 795 diebus
416 748 482 793 ante
498 733 558 815 (τό)
572 734 731 813 sophistam
749 736 857 793 iterum
873 734 961 792 Athe·
1007 736 1073 813 phis
1088 733 1272 811 hospitaliter
1284 732 1466 811 excipiendis
1482 734 1614 807 ingentes
1628 751 1698 809 opes
1714 754 1788 811 pro-1

181 848 234 887 uas
248 826 365 885 venisse
376 824 487 899 dialogi
499 822 587 881 initio
597 822 703 880 diserte
717 823 827 881 dictum
841 823 887 880 sit.
905 824 957 896 Ap
1007 823 1105 898 digere
1121 833 1310 880 consueverat
1323 821 1395 897 (ορ).
1411 820 1541 889 Quaeres
1555 834 1655 899 postea
1666 820 1796 900 Eupoli·.

179 928 261 994 paret
284 924 395 971 tantum
411 910 553 969 Periclem
572 909 695 987 ejusque
712 909 796 968 lilios
813 908 907 967 adhuc
928 909 959 965 iu
1007 909 1072 967 dem
1091 908 1217 982 induxit,
1242 908 1326 967 utin
1352 907 1587 967 Assentatoribus
1608 928 1667 968 non
1692 910 1786 969 solum

178 1005 259 1062 viris
279 1002 379 1060 luisse.
397 1000 496 1077 Neque
519 998 723 1074 negligendum
743 1011 786 1056 est
800 998 961 1075 llippocra·
1007 997 1107 1055 Calliae
1131 1018 1195 1056 cum
1217 996 1357 1074 sophistis
1371 996 1492 1054 vivendi
1506 999 1663 1068 rationem,
1684 997 1736 1055 sed
1757 999 1786 1056 i-

181 1094 220 1151 tis
242 1089 432 1149 adolescentis
462 1086 648 1145 Atheniensis
676 1085 873 1144 testimonium
896 1081 958 1161 (ογ)
1006 1104 1090 1159 psum
1100 1087 1186 1143 etiam
1195 1084 1383 1158 Protagoram
1398 1082 1615 1161 irrideretllo).
1631 1084 1701 1142 Nam
1715 1087 1785 1145 satis

180 1180 311 1256 negantis
329 1177 518 1251 Protagoram
533 1194 661 1251 uuquam
676 1193 693 1231 a
707 1193 738 1232 se
759 1173 865 1243 visum,
891 1191 962 1249 pro·
1006 1172 1057 1231 diu
1071 1173 1260 1248 Protagoram
1278 1169 1354 1249 apud
1378 1171 1499 1229 Calliam
1517 1170 1669 1231 habitasse
1692 1191 1729 1229 ex
1749 1192 1785 1229 eo

153 1283 157 1287 ’
179 1281 279 1347 pterea
291 1266 370 1342 quod
384 1263 443 1323 sibi
457 1282 560 1341 puero,
572 1283 630 1340 qua
644 1274 810 1340 tempestate
826 1259 958 1337 sophista
1007 1261 1190 1335 colligimus,
1212 1260 1290 1338 quod
1307 1259 1427 1337 Eupolis
1452 1259 1581 1319 fabulam
1597 1262 1682 1319 istam
1700 1262 1785 1321 tertio

178 1358 263 1433 prius
280 1354 401 1411 Athenis
415 1350 531 1411 scholas
557 1349 722 1422 habuisset,
740 1349 805 1426 ejus
827 1348 959 1425 disputa·
1006 1347 1190 1427 Olympiadis
1221 1348 1403 1443 oqogesimae
1429 1368 1513 1407 nonae
1543 1368 1619 1407 anuo
1647 1351 1704 1407 rel¹
1721 1364 1787 1411 ante

178 1440 311 1501 tionibus
320 1442 460 1498 interesse
472 1450 643 1514 peraetatem
657 1457 717 1494 nou
729 1436 856 1493 licuerit.
875 1433 960 1504 Quod
1007 1436 1076 1495 Chr.
1103 1446 1159 1506 lna
1186 1437 1281 1494 Alcaeo
1305 1449 1430 1513 praetore
1452 1437 1572 1496 Athenis
1595 1438 1694 1498 docuit
1711 1440 1784 1516 (31).

179 1528 311 1608 prolecto
327 1527 540 1603 intelligemus,
560 1525 584 1583 si
606 1524 704 1583 decem
732 1525 791 1582 sere
815 1543 959 1580 annorum
1006 1523 1104 1601 Neque
1118 1526 1197 1582 euim
1214 1536 1310 1583 vetera
1328 1524 1453 1595 comici,
1476 1525 1526 1583 sed
1545 1530 1671 1583 recentia
1688 1528 1786 1603 exagi-

178 1618 306 1696 spatium
322 1615 358 1673 ab
368 1615 432 1692 ejus
443 1612 569 1691 pueritia
581 1632 673 1690 usque
687 1611 723 1670 atl
736 1612 959 1670 adolescentiam
1009 1626 1068 1669 tare
1089 1612 1231 1671 solebant.
1256 1610 1362 1669 Verum
1388 1632 1453 1669 cum
1477 1613 1543 1671 aliis
1566 1633 1683 1691 quoque
1710 1610 1785 1675 uiris

179 1700 798 1778 transiissesumamus.ltaqueProtagoram
814 1700 958 1765 annol35
1007 1700 1125 1775 ingenio
1147 1700 1338 1777 doctrinaque
1375 1700 1583 1777 praestantibus
1615 1702 1786 1779 quotidiana

181 1793 310 1851 Athenas
324 1790 481 1849 revertisse
501 1788 690 1849 arbitramur.
705 1788 798 1846 Aliter
811 1787 848 1846 de
861 1788 914 1846 hac
930 1808 962 1846 re
1006 1790 1215 1849 consuetudine
1239 1789 1412 1866 conjunctus
1432 1803 1493 1848 erat
1514 1790 1710 1851 Abderitanae
1739 1793 1784 1851 di·

175 1881 322 1959 judicavit
349 1878 502 1935 Athenaeus
529 1876 600 1958 (τδξ,
628 1878 775 1936 Platonem
801 1879 832 1934 in
852 1878 958 1955 exqui-
1006 1878 1091 1935 cendi
1106 1879 1226 1949 artifex,
1247 1876 1392 1954 siquidem
1409 1875 1516 1936 librum
1533 1898 1616 1937 suum
1633 1880 1668 1937 de
1683 1880 1742 1939 diis
1754 1884 1785 1939 in

179 1969 279 2028 rendis
290 1965 471 2044 temporibus
478 1966 755 2043 parumdiligentem
763 1966 855 2025 luisse
865 1979 955 2024 ratus.
1006 1964 1158 2043 Euripidis
1172 1967 1218 2023 vel
1233 1968 1266 2024 in
1281 1965 1450 2041 lllegaclidis
1465 1966 1552 2025 domo
1567 1968 1703 2026 recitasse
1718 1988 1785 2045 per·

179 2054 236 2113 Sed
251 2055 276 2113 si
291 2055 357 2131 quis
372 2066 506 2111 accurate
520 2052 585 2130 ejus
600 2053 691 2112 verba
705 2054 954 2126 consideraverit,
1006 2054 1131 2113 hibetur.
1154 2055 1227 2113 Sunt
1250 2067 1345 2112 tamen
1364 2054 1415 2131 qui
1436 2053 1491 2112 hoc
1513 2056 1544 2112 in
1564 2055 1659 2131 Lyceo
1680 2056 1785 2117 lachim

180 2143 303 2201 latratur
317 2159 434 2199 necesse
453 2154 513 2211 est,
529 2141 641 2199 nullum
658 2140 695 2199 ab
713 2161 749 2199 eo
763 2142 800 2199 ad
818 2141 904 2199 [idem
920 2142 959 2198 la·
1006 2159 1068 2199 esse
1081 2152 1192 2218 putent.
1206 2140 1265 2198 Alii
1275 2140 1402 2217 denique
1412 2160 1470 2198 non
1479 2141 1574 2218 ipsum
1585 2141 1784 2217 Protagoram,

181 2230 312 2290 ciendam
323 2228 480 2305 probabile
494 2230 646 2287 inventum
662 2248 726 2287 esse
740 2242 954 2305 argumentum.
1006 2228 1055 2286 sed
1071 2228 1247 2305 discipulum
1269 2227 1333 2306 ejus
1356 2229 1571 2304 Archagoram,
1588 2228 1732 2291 Theodoti
1755 2233 1787 2290 fi-

182 2319 219 2377 Ut
235 2333 331 2377 autem
346 2318 496 2375 Platonem
513 2336 626 2391 errasse
651 2338 709 2375 non
723 2318 956 2377 demonstravit:
1005 2315 1089 2385 lium,
1106 2316 1243 2373 recitasse
1265 2315 1374 2373 librum
1390 2330 1511 2373 narrant
1524 2317 1594 2393 (δα).
1611 2316 1667 2383 Sed
1684 2338 1785 2396 quam·

180 2411 222 2466 ita
232 2425 414 2483 nequaquam
436 2425 492 2464 nos
506 2426 558 2464 sna
577 2407 749 2464 auctoritate
766 2406 804 2464 de
817 2409 960 2465 sententia
1006 2402 1056 2459 diu
1070 2404 1146 2461 vixit
1161 2402 1306 2473 Periclen,
1323 2404 1551 2462 familiarissime
1570 2424 1639 2463 usus
1653 2419 1697 2464 est
1716 2406 1792 2465 Pro·'

180 2496 308 2553 deducit.
323 2494 467 2563 Quocirca
481 2512 547 2551 eum
571 2495 696 2551 refutare
719 2492 958 2570 supersedemus,
1006 2502 1114 2565 tagora.
1136 2489 1217 2548 Vixit
1231 2503 1324 2547 antem
1345 2510 1438 2566 usque
1461 2492 1498 2548 ad
1521 2506 1656 2568 quartum
1678 2493 1784 2570 Olym-

180 2583 341 2660 praesertim
356 2600 445 2657 quum
461 2581 535 2639 alios
555 2581 587 2638 in
609 2579 820 2637 convincendis
832 2577 896 2655 ejus
910 2599 955 2635 er·
1006 2577 1102 2654 piadis
1127 2578 1313 2653 octogesimae
1337 2580 1468 2656 septimae
1493 2599 1601 2637 annum
1624 2581 1686 2638 sive
1719 2595 1786 2639 ante

180 2671 299 2728 roribus
313 2670 462 2744 longiores
474 2670 564 2727 luisse
578 2667 741 2726 videamus.
759 2668 854 2737 Quum
868 2668 959 2742 igitur
1005 2664 1073 2725 Chr.
1097 2672 1164 2741 ‘¹²92
1185 2684 1244 2740 quo
1267 2677 1420 2741 postquam
1443 2666 1539 2740 gravis
1557 2666 1587 2723 in
1612 2666 1712 2724 urbem
1735 2687 1785 2744 pe-

180 2760 307 2817 Athenas
323 2758 435 2816 rediret
449 2757 689 2832 Protagoras‚iu
707 2755 761 2813 illo
781 2756 887 2813 itinere
907 2774 958 2811 no·
1005 2754 1132 2811 stilentia
1157 2753 1279 2821 incidit,
1309 2773 1374 2810 curn
1400 2753 1454 2811 filii
1477 2753 1541 2830 ejus
1569 2767 1651 2811 aetate
1674 2754 1780 2813 ssoren·

179 2847 324 2905 bilissima
347 2845 419 2903 adiit
444 2845 568 2923 oppidu,
591 2862 723 2919 magnam
747 2842 959 2921 discipulorum
1006 2856 1046 2899 tes
1060 2846 1136 2899 intra
1151 2842 1228 2900 diem
1244 2852 1377 2898 octavum
1395 2842 1530 2900 exstincti
1548 2855 1626 2913 sunt,
1644 2854 1704 2900 tum
1719 2844 1783 2920 ipse

180 2933 395 2993 multimdinem
408 2952 506 2992 secum
521 2933 646 3004 ducens,
663 2951 679 2990 a
697 2930 805 3008 quibus
819 2950 958 3009 pergran-
1006 2942 1087 3007 pater
1103 2930 1190 3007 paulo
1204 2941 1271 3008 post
1291 2930 1391 2987 eodem
1414 2929 1517 2988 morbo
1538 2942 1706 2989 consumtus
1727 2943 1780 2992 est.

182 3023 250 3079 dem
268 3023 417 3098 pecuniam
442 3019 587 3096 exigebat.
620 3020 741 3079 Athenis
771 3021 807 3078 ad
834 3021 958 3078 Calliam
1005 3019 1105 3077 Exstat
1128 3019 1182 3076 hac
1205 3019 1241 3076 de
1264 3038 1294 3076 re
1322 3022 1479 3096 praeclarus
1503 3019 1598 3097 ipsius
1619 3020 1787 3095 Protagorae

191 3126 1786 3155 -h———w———q

180 3217 212 3225 —
226 3192 276 3250 (26)
290 3191 355 3239 elato
372 3193 466 3256 Protag.
481 3204 510 3252 p.
526 3195 571 3240 3011
582 3193 603 3237 Ι)
616 3192 682 3238 :En
696 3188 731 3238 Ὦ
739 3189 763 3237 τί
780 3191 869 3251 λέγεις;
886 3193 956 3252 Πρω·
1007 3191 1047 3238 τὸν
1059 3188 1151 3238 Ἠλεῖον
1160 3188 1251 3237 Ἱππίαν
1264 3187 1415 3251 συμπαρόντα
1427 3197 1489 3238 ποιεῖ
1499 3190 1522 3236 έν
1533 3193 1567 3252 τῷ
1578 3189 1723 3253 Πρωταγόρᾳ
1730 3190 1788 3252 μετά

177 3260 280 3324 ταγόρας
289 3261 467 3320 ἑπιδεδήμηκσνς
478 3262 528 3308 ΣΩ.
537 3259 621 3323 Τρίτην
630 3275 657 3319 γε
669 3261 714 3317 ήδη
721 3259 817 3322 ἡμέραν.
829 3259 866 3310 ld.
877 3273 903 3322 ρ.
915 3261 958 3308 311
1007 3277 1077 3308 τινων
1091 3259 1156 3308 ἰδίων
1165 3262 1275 3309 πολιτῶν·
1285 3260 1325 3316 οὓς
1338 3262 1381 3308 οὐκ
1392 3261 1452 3316 εἰκὸς
1463 3261 1486 3308 ἐν
1498 3259 1601 3316 Ἀθήναις
1615 3262 1724 3324 ἀσφαλῶς
1734 3263 1785 3310 δια-

182 3333 201 3378 11
220 3349 226 3379 :
243 3331 322 3386 ἐπειδή
338 3331 363 3377 δὲ
378 3330 527 3391 εἰσήλθομεν,
543 3329 700 3388 κατελάόομεν
714 3329 871 3392 Πρωταγόραν
888 3330 912 3378 έν
926 3332 961 3390 τῷ
1004 3331 1089 3394 τρίδειν
1101 3331 1145 3393 πρὸ
1159 3335 1201 3378 τοῦ
1214 3331 1254 3386 τὰς
1276 3330 1393 3386 ἐνιαυσίας
1408 3331 1446 3379 ἐπὶ
1461 3331 1569 3394 Ἰσάρχου
1587 3333 1786 3394 Ἑλαρηδολιῶνος

180 3401 298 3464 προστῴῳ
313 3405 493 3462 περιπατοῦντα·
506 3400 556 3456 ἑξῆς
565 3399 590 3446 δὲ
601 3399 665 3460 αύτῷ
675 3398 875 3461 συμπεριεπάτουν
886 3400 960 3460 ἐκμὲν
1006 3403 1183 3458 συντελεσθῆναι
1201 3400 1313 3456 σπονδάς.
1328 3401 1356 3449 ’0
1371 3395 1396 3448 δὲ
1409 3402 1450 3449 τὸν
1466 3402 1573 3462 διάλογον
1583 3403 1707 3462 ύρίσταται
1721 3403 1783 3458 γινό-

179 3470 274 3518 τοῦέπὶ
289 3468 373 3530 θάτερα
391 3468 493 3523 Καλλίας
508 3469 521 3516 δ
536 3469 671 3517 Ἱππονίκου
690 3472 730 3517 καί
745 3470 841 3532 ἀδελφὸς
857 3469 959 3518 αύτούό
1007 3485 1075 3531 μενον
1083 3471 1136 3530 περὶ
1145 3470 1198 3525 τοὺς
1209 3471 1306 3532 καιροὺς
1315 3471 1418 3526 τούτους,
1428 3471 1480 3519 καθ’
1490 3472 1529 3526 οὓς
1538 3474 1562 3518 oi
1574 3472 1672 3519 σπονδαί
1683 3472 1786 3534 προσρά-
1857 3495 1864 3510 ·

178 3539 319 3602 ὁμομήτριος
331 3538 437 3599 Πάραλος
456 3541 469 3586 δ
482 3539 621 3599 Περικλέους
635 3541 675 3587 καὶ
689 3541 808 3604 Χαρμίδης
823 3538 959 3588 δΓλαύκω·
1005 3556 1051 3594 τως
1061 3537 1205 3600 ἐγεγόνεσαν·
1219 3541 1280 3602 λέγει
1290 3545 1354 3601 γοῦν·
1373 3559 1385 3582 υ
1400 3542 1428 3588 El
1440 3541 1485 3602 γὰρ
1497 3541 1542 3589 τίεν
1557 3539 1681 3601 ἅνθρωποι·
1700 3542 1785 3604 ἀγριοι,

177 3625 226 3670 νος,
241 3609 300 3658 teet
309 3614 351 3658 τοῦ
362 3610 398 3656 ἐπὶ
411 3608 516 3669 θάτεραδ
528 3609 602 3667 ἕτερος
611 3615 657 3656 τῶν
665 3613 804 3673 Περικλέους
815 3609 959 3665 Ξάνθιππος·
1005 3609 1154 3672 οίουςπέρυσι
1162 3611 1329 3672 Φερεκράτηςό
1340 3610 1438 3667 ποιητής
1445 3610 1544 3666 ἐδίδαξεν
1554 3610 1704 3672 έπὶΛηναίῳ.
1716 3631 1728 3654 ν
1740 3611 1786 3660 ἐδι-

177 3683 203 3727 et
214 3691 271 3741 pag.
294 3681 339 3728 3111
353 3681 388 3726 E:
404 3677 454 3726 ἀλλ’
472 3678 520 3740 tete
539 3681 594 3739 ἡμῖν
616 3681 639 3728 οἱ
657 3680 790 3741 σορώτατοι
809 3680 849 3727 καὶ
870 3679 960 3740 ἄριστοι
1005 3677 1124 3741 δάχθηοαν
1134 3679 1187 3728 δὲοὶ
1199 3681 1286 3743 Ἄγριοι
1300 3680 1336 3728 ἐπ’
1347 3679 1491 3742 Ἀριστίωνος
1501 3681 1621 3742 ἄρχοντος,
1633 3681 1671 3740 ἀρ’
1680 3681 1707 3729 οὗ
1720 3681 1783 3730 ἐστιν

176 3755 225 3798 τῶν
237 3750 339 3798 πολιτῶν
356 3749 444 3806 ταύτην
454 3750 496 3807 τὴν
513 3748 596 3812 ἀρετήν
607 3752 635 3808 ἣν
650 3751 745 3813 έχουσιν
756 3754 801 3814 οὐχ
818 3750 863 3799 οἷοί
877 3766 903 3798 τε
914 3749 956 3797 άλ-
1006 3749 1085 3812 άρχων
1109 3749 1256 3812 Ἀστύφιλος,
1274 3752 1378 3812 πέμπτος
1397 3751 1430 3798 ὢν
1449 3750 1499 3816 ἀπό
1514 3749 1637 3814 Ἰσάρχου,
1654 3751 1706 3800 καθ’
1721 3751 1747 3800 όν
1758 3754 1785 3799 el

176 3823 225 3875 iot:
246 3821 409 3882 παραδιδόναι·
422 3820 472 3868 ἐπεὶ
490 3821 604 3883 Περικλῆς
618 3823 632 3868 ό
652 3823 750 3870 τουτωνὶ
770 3827 817 3869 τῶν
830 3820 958 3868 νεανίσκων
1005 3822 1103 3868 σπονδαὶ
1123 3821 1235 3880 ἐγένοντο.
1250 3821 1360 3884 Ἴσαρχος
1372 3821 1424 3883 γάρ,
1443 3820 1484 3870 εἶτ’
1498 3821 1623 3883 Ἀμεινίας,
1635 3821 1683 3884 μεθ’
1697 3823 1723 3872 όν
1733 3823 1783 3872 Ἀλ-

179 3892 257 3952 πατδρ
271 3891 382 3951 τούτους,
399 3890 416 3938 ά
429 3890 471 3952 μὲν
484 3890 629 3940 διδασκάλων
644 3891 735 3953 εῐχετο,
749 3893 827 3946 καλῶς
838 3906 863 3938 τε
874 3892 915 3938 καὶ
930 3889 957 3938 εὖ
1004 3894 1078 3950 καῖος,
1086 3890 1127 3939 τίν’
1135 3890 1259 3952 Ἀριστίων,
1268 3891 1310 3940 εἶτ’
1325 3892 1464 3953 Ἀστύφιλος.
1474 3893 1544 3955 Παρὰ
1556 3895 1598 3952 τήν
1608 3896 1712 3956 ἱστορίαν
1719 3893 1760 3942 οὖν
1772 3895 1785 3941 ό

177 3961 331 4022 ἐπαίδευσεν,
349 3962 366 4008 ά
385 3961 410 4009 δὲ
422 3961 491 4016 αύτός
510 3960 581 4022 σορός
601 3963 675 4021 ἐστιν,
696 3963 750 4011 οὔτε
769 3962 838 4016 αὐτὸς
854 3961 959 4009 παιδεύει
1006 3961 1173 4022 Πλάτωνέντῷ
1181 3961 1281 4026 διαλόγῳ
1291 3962 1369 4018 εἰςτὰς
1377 3961 1470 4021 Ἀθήνας
1477 3965 1577 4026 παράγει
1584 3963 1708 4026 πολεμίους
1717 3965 1784 4019 όντας

177 4031 233 4080 οὔτε
253 4047 287 4093 τῳ
303 4032 367 4092 ἄλλῳ
387 4031 554 4092 παραδίδωσιν.
571 4031 607 4080 (ll.
622 4046 645 4094 ρ.
664 4037 710 4081 ³29
730 4039 757 4082 A.
774 4063 804 4074 —
826 4033 875 4094 (171
888 4033 957 4081 Plato
1004 4030 1057 4087 τοὺς
1075 4033 1126 4093 περὶ
1139 4031 1179 4080 τόν
1191 4029 1300 4084 Ἱππίαν,
1319 4033 1351 4092 μή
1368 4038 1409 4091 τῆς
1434 4033 1559 4096 ἐκεχειρίας
1573 4035 1643 4090 αὐτῆς
1663 4033 1785 4094 μενούσης.

177 4105 274 4164 emtor.
285 4103 701 4165 ρ.3111Εε“11γὼγὰρᾶμαμὲνκαὶ
714 4103 959 4167 νεώτερόςείμι,ἅμε
1005 4099 1042 4150 Ol.
1055 4100 1161 4150 Macrob.
1177 4103 1274 4150 saturn.
1286 4102 1327 4151 lib.
1344 4105 1363 4162 l,
1384 4107 1405 4151 1.
1424 4104 1553 4153 Athenaeus
1573 4104 1613 4152 lih.
1636 4105 1669 4153 XI
1685 4118 1709 4165 p.
1730 4109 1774 4152 505
1857 4097 1859 4113 '

177 4172 203 4219 δὲ
212 4171 265 4219 οὐδὲ
278 4170 373 4232 ἑώρακα
384 4169 541 4234 Πρωταγόραν
557 4171 652 4219 πώποτε
664 4170 713 4218 οὐδ’
729 4171 823 4228 ἀκήκοα
837 4171 911 4219 οὐδέν·
926 4172 960 4219 ἔτι
1005 4173 1043 4221 F:
1065 4172 1123 4220 ἇλλά
1133 4173 1177 4235 μὴν
1194 4172 1223 4221 ού
1240 4173 1347 4221 δύνανται
1358 4173 1464 4236 Πάραλος
1478 4177 1516 4222 καὶ
1536 4175 1669 4229 Ξάνθιππος
1680 4177 1701 4224 ol
1718 4175 1786 4237 Περι·

177 4240 224 4302 γὰρ
237 4246 291 4296 παῖς
303 4239 328 4299 ή,
342 4239 381 4288 δτε
392 4240 419 4289 τό
434 4241 544 4303 πρότερον
558 4241 710 4303 ἐπεδήμησεν.
726 4242 818 4300 -11111
830 4241 960 4291 Athenaeus
1004 4243 1084 4299 κλέους
1093 4245 1150 4304 υἱοί,
1158 4243 1333 4302 τελευτήσαντες
1343 4250 1377 4308 τῷ
1387 4247 1473 4309 λοιμῷ,
1484 4246 1630 4310 Πρωταγόρᾳ
1640 4247 1784 4308 διαλέγεσθαι

176 4309 259 4360 111).Κ
273 4320 328 4371 μοι.
346 4312 392 4357 tte
404 4312 431 4367 11,
444 4310 463 4357 G
478 4327 488 4387 Ξ
501 4309 560 4358 άλλόι
579 4311 624 4370 μήν
638 4311 678 4358 καὶ
696 4311 710 4358 ό
724 4310 748 4358 έν
766 4315 800 4371 τῷ
815 4311 960 4373 Πρωταγόρᾳ
980 4277 985 4344 l
1005 4313 1044 4361 ὅτε
1056 4313 1160 4376 δεύτερον
1174 4314 1307 4375 ἐπεδήμησε
1319 4319 1371 4371 ταῖς
1382 4316 1492 4376 Ἀθήναις,
1509 4319 1530 4364 ολ
1538 4318 1638 4378 πέμπτῳ
1647 4316 1692 4364 ἔτει
1704 4315 1789 4377 πρότε·.

178 4381 301 4440 διάλογος,
310 4380 370 4442 μετά
382 4381 424 4438 τήν
437 4381 573 4428 Ἱππονίκου
582 4381 688 4438 τελευτήν
700 4379 838 4444 γενόμενος,
851 4383 959 4444 παρειλη·
1005 4399 1043 4446 ρον
1055 4385 1241 4442 τελευτήσαντες.
1255 4411 1288 4420 -
1302 4386 1349 4445 (att)
1366 4387 1428 4437 etat.
1440 4389 1537 4448 Prolag.
1552 4400 1575 4448 p.
1587 4388 1631 4435 att
1646 4389 1678 4435 D.
1693 4389 1738 4435 315
1754 4389 1785 4435 1).

176 4451 247 4514 perot
260 4451 305 4508 ἤδη
316 4453 358 4511 τήν
371 4449 454 4498 οὐσίαν
470 4449 585 4509 Καλλίου,
597 4454 639 4498 τοῦ
652 4450 815 4513 Πρωταγόρου
831 4451 960 4514 γέγραπται
1005 4456 1073 4517 Apol.
1086 4459 1152 4506 Soet.
1167 4469 1190 4517 p.
1203 4461 1242 4506 20.
1258 4456 1440 4516 01α1χ1.ρ.391
1456 4458 1483 4505 G.
1502 4456 1583 4515 Lysias
1595 4457 1625 4504 de
1640 4455 1696 4505 bon.
1708 4455 1783 4505 Arist.

177 4523 365 4583 nspmrovoroe
378 4522 406 4568 τὸ
419 4521 526 4584 δεύτερον
542 4520 570 4569 οὗ
584 4522 679 4577 nollet<
685 4522 798 4585 πρότερον
812 4521 916 4584 ἡμέραις.
931 4523 959 4571 Ὁ
1005 4538 1030 4587 p.
1043 4528 1104 4585 6493
1116 4523 1300 4574 Themistorat.
1312 4529 1376 4586 231).
1390 4528 1432 4574 191
1445 4529 1576 4575 eteritis
1589 4538 1612 4586 p.
1625 4531 1668 4575 317
1679 4543 1686 4587 ;
1700 4527 1785 4575 Athen.

177 4590 344 4647 et‘toaooe
354 4592 392 4639 ἰπὶ
405 4592 447 4652 μὲν
460 4592 596 4654 Εὗθνδήμνν
610 4593 721 4654 ἄρχοντος
734 4598 869 4653 στρατειῶν
883 4609 958 4656 παρα·
1005 4598 1039 4645 111
1054 4609 1078 4658 μ.
1094 4600 1146 4645 537.
1162 4622 1194 4631 --
1210 4595 1258 4657 (30)
1274 4595 1310 4645 01.
1325 4593 1429 4643 Meineh.
1449 4597 1543 4655 Fragm.
1565 4596 1633 4643 Com.
1653 4597 1695 4644 Gr.
1712 4593 1784 4643 νοΙ.1

176 4663 286 4709 τέτακται
301 4663 360 4722 μετὰ
371 4662 455 4710 Νικίου
468 4663 524 4725 πρὸς
539 4662 699 4725 Ταναγραίους
718 4663 758 4709 καὶ
772 4661 825 4717 τοὺς
835 4664 957 4726 παρτὸοη·
1006 4680 1030 4728 p.
1051 4671 1090 4715 τοι
1107 4679 1175 4728 seqq.
1187 4692 1214 4702 -
1228 4665 1278 4728 (31)
1300 4664 1433 4714 Didasoatia
1449 4663 1569 4727 aristoph.
1588 4665 1657 4714 Pacis
1671 4679 1677 4708 :
1693 4665 1786 4723 ἐνίκησε

177 4734 274 4786 θοῦντας
286 4733 404 4790 Βοιωτῶν,
417 4733 457 4780 καί
469 4738 498 4795 τῇ
512 4733 701 4795 primatialem.
714 4733 815 4788 Τέθνηκε
830 4732 855 4780 δὲ
866 4733 960 4796 πρδτῆς
1006 4737 1029 4786 δὲ
1042 4742 1076 4799 τῷ
1095 4737 1192 4800 δράματι
1208 4737 1221 4785 θ
1238 4736 1341 4793 ποιητής·
1363 4735 1400 4783 ἐπὶ
1416 4735 1525 4798 ἄρχοντος
1544 4735 1651 4785 Ἀλκαίου
1664 4737 1687 4786 ἐν
1704 4735 1785 4786 ἄστει·

176 4803 215 4852 ἐπ’
231 4802 339 4852 Ἀλκαίου
353 4803 503 4859 διδασιαλίας
512 4810 559 4852 τῶν
568 4803 694 4858 Εὐπόλιδος
714 4802 826 4851 Κολάκων
838 4802 867 4850 ού
881 4805 959 4866 πολλῷ
1006 4812 1096 4870 πρῶτος
1110 4807 1210 4863 Εὔπολις
1221 4806 1329 4868 Κόλαξιν,
1339 4806 1441 4869 δεύτερος
1452 4805 1612 4870 Ἀριστοφάνης
1626 4807 1722 4870 Εἰρήνῃ,
1736 4809 1785 4870 τρί-

179 4872 259 4937 χρόνιρ
271 4876 333 4922 κατὰ
345 4874 372 4923 τό
383 4873 452 4930 εἰκός.
469 4876 609 4938 Πρόσρατον
622 4875 667 4938 γάρ
678 4890 731 4922 τινα
741 4879 784 4922 τοῦ
803 4875 905 4924 Καλλίου
917 4879 959 4934 τήν
1005 4895 1043 4933 τος
1055 4877 1153 4927 Λεύκων
1171 4876 1311 4940 Φράτορσιν.
1333 4875 1370 4924 Cl.
1390 4876 1473 4937 Berglt.
1487 4878 1523 4925 De
1541 4876 1611 4938 reliq.
1631 4891 1694 4926 cont.
1709 4880 1784 4930 Attio.

177 5013 278 5076 δράματι
292 5014 391 5070 ΙΞύπυλις
407 5016 447 5063 τθν
462 5014 620 5081 Πρωταγόραν
635 5019 667 5073 ὡς
683 5016 844 5077 ἐπιδημοῦντα
858 5014 958 5077 εῑσάγει,
1005 5017 1082 5080 λόγων
1099 5019 1181 5066 ἑαυτοῦ
1200 5018 1288 5078 ἀνέγνω
1298 5017 1347 5065 -τόν
1365 5018 1416 5078 περὶ
1431 5019 1489 5067 θεῶν
1506 5015 1534 5067 οὗ
1550 5018 1591 5076 τήν
1605 5019 1679 5081 ἀρχήν
1691 5018 1740 5069 ἅνω
1751 5037 1785 5069 πα

176 5085 300 5147 Ἀμειψίας
308 5085 329 5134 δ’
340 5087 364 5134 ἐν
373 5089 407 5148 τῷ
420 5085 514 5148 Κόννῳ,
526 5087 568 5135 δύο
581 5086 691 5149 πρότερον
706 5087 768 5135 ἔτεσι
782 5087 920 5150 διδαχθέντι,
932 5088 961 5136 οὐ
1005 5087 1122 5150 ρεθέμεθα.
1132 5085 1260 5148 Ἀνέγνωδὲ
1276 5087 1395 5146 Ἀθήνησιν
1406 5089 1429 5135 ἐν
1440 5093 1469 5151 τῇ
1483 5087 1607 5152 Εὐριπίδου
1620 5089 1698 5150 οἰκίᾳ,
1713 5088 1785 5151 Abit:

175 5159 315 5220 καταριθμεῖ
323 5157 393 5205 αὐτὸν
404 5156 428 5205 έν
439 5162 473 5220 τῷ
487 5162 682 5220 τῶνρρονιιστῶν
698 5163 770 5220 χορῷ.
785 5160 861 5216 Δῆλον
875 5156 916 5206 οὗν
926 5160 958 5214 ὠς
1005 5159 1078 5218 τινες)
1094 5158 1119 5206 έν
1135 5163 1163 5220 τῇ
1177 5156 1349 5219 Μεγακλείδου·
1367 5157 1447 5220 ἄλλοι,
1459 5159 1483 5208 έν
1495 5158 1604 5221 Λυκείῳ,
1619 5160 1723 5220 μαθητοῦ
1741 5160 1783 5218 τήν

176 5227 264 5290 μεταξὺ
275 5228 366 5278 τούτων
375 5232 422 5276 τῶν
434 5227 525 5293 χρόνων
540 5228 707 5292 παραγέγονεν.
718 5229 748 5277 ‘0
762 5228 787 5276 δὲ
802 5228 901 5277 Πλάτων
917 5230 956 5276 ναί
1006 5229 1082 5290 ρωνήν
1093 5228 1158 5292 αύτῷ
1171 5229 1300 5292 χρήσαντος
1310 5228 1452 5294 Ἀρχαγόρου
1463 5235 1505 5280 τοῦ
1520 5230 1644 5292 θεοδότου.
