3959 5925
181 349 239 402 20²
611 331 619 346 ’
700 338 1032 403 'COMMENTARIUS
1057 343 1279 420 ananelum

178 474 304 534 acuratur3
315 484 361 521 nec
372 473 453 520 tamen
469 469 582 534 omnibus
600 467 741 529 mensibus,
761 467 826 518 sicut
842 481 875 519 ne
889 471 958 519 omni
1006 472 1104 535 elligiari
1117 472 1220 534 calalbi,
1234 485 1279 520 nee
1298 477 1378 522 lamen
1397 471 1460 521 banc
1478 472 1584 534 spectem
1599 472 1697 536 mutari,
1713 473 1788 524 etiam

178 561 276 622 quidem
291 559 370 620 coitu,
384 557 431 606 boc
441 561 487 616 est,
502 556 567 606 omni
579 567 643 605 nora
659 557 734 616 luna,
748 556 807 606 solis
823 557 962 608 obscuratio
1006 557 1026 606 si
1038 557 1229 608 crescatumbra
1241 557 1265 606 in
1278 556 1518 618 immensumilllde
1530 558 1716 624 inaremitti.)
1729 563 1792 612 llam

176 651 316 710 intemmit,
334 652 378 699 aut
398 648 465 697 omni
486 648 556 710 plena
578 647 730 710 perlectoque
744 648 801 698 luna
815 648 880 698 lunae
893 648 962 698 labor
1006 656 1062 693 cum
1074 644 1106 694 all
1117 644 1194 705 major
1206 662 1223 694 α
1231 646 1245 693 λ
1254 643 1398 707 diametros,
1414 663 1430 704 η
1442 647 1455 695 d
1466 644 1583 696 mansuro
1594 661 1601 695 ι
1615 647 1724 710 protecto
1738 651 1788 700 tam

176 739 217 801 tit,
233 743 305 800 atque
324 736 479 797 obscuratio,
500 737 627 799 propterea
640 735 707 798 quod
725 735 810 785 circuli
828 749 911 786 eorum
925 736 960 786 ni·
1005 753 1076 798 usp
1088 735 1187 799 radius,
1209 738 1307 798 quami
1327 738 1340 785 λ
1361 735 1410 786 sin
1425 737 1572 787 immensum
1587 738 1700 802 porrecti,
1720 741 1789 791 latio-

175 829 226 879 mia
237 827 377 889 obliquitate
390 839 404 876 a
420 840 446 876 se
459 826 564 876 inuicem
575 826 696 876 ditiorum.
1006 838 1069 886 rem,
1081 837 1129 886 quo
1143 823 1198 886 plus
1209 825 1330 886 crescent,
1345 824 1454 886 elligisnl
1469 825 1621 887 opacitatem.
1665 829 1728 888 iirgo
1738 828 1789 879 sive

94 913 102 932 ⁸
205 918 349 967 bxxxvll.
374 915 470 976 Quippe
481 914 532 973 eol,
550 913 597 964 sub
616 914 695 976 ipsam
716 913 802 963 libram
824 913 960 964 medietatis
1006 911 1093 960 umbra
1106 911 1292 974 κυλινδροειδής,
1306 912 1588 974 aiveauiuioutiirerit,
1606 915 1728 976 contingat
1745 927 1788 965 ne·

174 1003 280 1068 signiferi
299 1006 394 1064 omnis,
409 1002 505 1052 modico
522 1001 619 1052 dicatur
630 1002 686 1052 terri
697 1001 830 1063 detlesior,
842 1002 872 1051 ad
884 1002 958 1052 dimi·
1005 1010 1073 1048 cesse
1083 1000 1135 1060 est,
1154 1001 1181 1048 ut
1194 998 1277 1049 multra
1292 999 1384 1061 stellae,
1401 1012 1457 1062 quae
1469 1013 1542 1061 supra
1559 1011 1604 1050 nos
1617 1001 1791 1066 imminebunt,

175 1092 244 1142 dium
259 1091 311 1141 tere
328 1091 480 1140 momentum
491 1088 631 1149 declinans,
642 1089 680 1138 rel
697 1089 722 1137 in
734 1091 861 1148 austrum,
877 1088 914 1138 vel
933 1089 960 1138 in
1007 1100 1049 1150 per
1064 1090 1160 1137 noctem
1181 1101 1230 1138 non
1243 1088 1369 1138 rideantur
1385 1101 1400 1138 a
1416 1089 1505 1152 nobis,
1519 1089 1565 1139 laac
1583 1095 1625 1140 out
1638 1089 1679 1141 illa
1696 1092 1791 1142 umbris

175 1179 323 1243 aquilonem.
371 1180 404 1228 st
430 1191 489 1231 vero
509 1177 577 1239 luna,
595 1182 624 1227 ut
645 1180 769 1228 asseverat
790 1176 960 1239 Hipparchus,

175 1267 260 1318 decem
270 1267 392 1328 utrimque
398 1266 528 1316 momentis
537 1264 608 1314 deria
617 1263 742 1327 reperitur.
753 1263 839 1326 igitur,
849 1263 870 1312 si
880 1264 959 1311 utros-

174 1369 223 1418 que
235 1354 307 1405 orbes
320 1353 444 1417 epipedos,
458 1352 530 1403 idest
549 1353 646 1413 planos,
658 1357 684 1402 et
696 1352 750 1402 sine
764 1351 813 1400 ulla
826 1350 958 1412 soliditate,

176 1448 225 1493 tam
237 1442 309 1502 solis,
318 1454 391 1505 quam
406 1441 470 1491 lunae
479 1440 658 1490 consideremus
666 1441 758 1501 auimo,
769 1439 860 1503 positos
870 1438 959 1488 adrer-

175 1542 231 1581 sum
251 1543 279 1581 ae
294 1531 328 1580 lta
342 1528 434 1579 directa
450 1528 583 1591 positione,
603 1529 631 1576 ut
644 1541 707 1588 una,
726 1540 768 1590 per
781 1526 874 1576 medios
887 1527 959 1576 orbes

175 1617 261 1678 ducta,
283 1617 346 1668 linea
369 1617 463 1678 spinam
486 1615 582 1665 duobus
601 1615 678 1676 planis
696 1615 796 1664 orbibus
816 1613 955 1677 insigniat:

174 1705 357 1756 eritdiamatros
365 1704 493 1753 amborum
502 1702 587 1752 eadem
599 1701 670 1751 linea.
682 1705 713 1751 nt
725 1703 778 1761 ejus
788 1714 884 1751 summa
894 1714 958 1764 pars,

173 1794 287 1846 scindens
298 1794 436 1858 proximum
448 1793 565 1842 circulum
575 1829 583 1853 ,
595 1793 761 1856 καταβιβάζω,
774 1793 821 1842 troc
841 1795 887 1853 est,
900 1791 960 1842 sub·

173 1882 296 1944 dividens,
311 1881 453 1945 appellatur.
470 1885 591 1930 imovero
608 1894 693 1930 secans
709 1893 779 1944 reque
789 1893 887 1930 sursum
906 1894 961 1933 ver·

175 1983 230 2020 sam
245 1969 363 2031 maiomm
376 1965 472 2031 orbem,
483 1968 631 2030 ἀναὸιὸάζον,
648 1968 673 2017 id
688 1974 726 2018 est
741 1982 815 2033 supra
832 1968 956 2022 dividens.

175 2061 265 2118 Quare,
272 2057 293 2106 si
304 2059 382 2107 emtus
390 2057 457 2118 solis,
465 2059 490 2107 et
499 2057 573 2119 lune,
584 2057 625 2106 liet
636 2056 752 2120 directus,
762 2056 861 2106 etrelut
869 2057 900 2106 ad
909 2040 961 2121 pers

174 2145 295 2209 pendiculi
302 2145 495 2207 destinationem,
502 2147 585 2208 utpote
595 2145 711 2207 proximis
720 2144 765 2194 sibi
778 2144 850 2195 lactis
861 2158 891 2196 en
904 2159 961 2196 con·

175 2246 248 2283 cursu
264 2233 420 2296 corporibus,
432 2232 529 2294 objiciet
549 2246 576 2282 se
589 2234 645 2282 aute
659 2231 739 2281 risum
749 2234 869 2293 nostrum,
881 2236 906 2283 et
919 2233 961 2283 ob

175 2321 401 2385 stabit,angnstum
414 2321 510 2372 ridendi
523 2301 636 2370 obsidens
646 2321 769 2370 tramitem
780 2319 853 2381 luna,
866 2320 958 2372 lusam-

175 2421 224 2471 que
234 2407 293 2458 solis
308 2420 323 2458 a
337 2409 408 2458 uobis
423 2409 491 2458 arcet
509 2407 589 2457 minor
603 2407 659 2456 licet
670 2405 749 2456 mullo
760 2407 878 2468 majorum
890 2407 960 2470 obje-

176 2496 259 2558 ctans,
270 2496 303 2545 ob
323 2494 458 2556 directum,
471 2496 646 2558 proptereaque
666 2496 809 2556 angustum,
821 2497 960 2544 nostrornm

174 2582 299 2632 oculorum
313 2583 444 2633 tramitem.
459 2583 611 2633 siraconus
621 2582 652 2630 ad
662 2580 862 2643 perpendiculum
877 2586 957 2631 cretus

174 2668 961 2733 eornmiactuserit,sedpmlixitasqnideminteruallierit,latera

175 2772 250 2821 porro
265 2771 280 2808 a
294 2759 374 2821 rigore
396 2757 553 2808 declinabunt
580 2757 746 2820 aliquatenus,
766 2757 799 2806 ita
818 2761 845 2807 ut
865 2757 926 2809 alter
940 2760 960 2807 i-

174 2847 258 2910 gnium
266 2845 299 2896 ad
309 2845 457 2910 aquilonem,
468 2848 530 2896 alter
539 2859 598 2896 vero
606 2845 638 2895 ad
650 2848 760 2900 austrum
772 2847 864 2908 vergat,
871 2846 961 2896 obscu-

1006 1175 1106 1238 obieclis
1123 1183 1148 1228 et
1168 1175 1319 1228 obstantibus
1339 1195 1346 1226 ε
1367 1176 1410 1226 sed
1427 1177 1473 1226 boc
1491 1177 1608 1228 rationem
1629 1191 1678 1229 non
1696 1179 1789 1230 babet:

1006 1264 1102 1323 oportet
1113 1262 1193 1326 igitur,
1212 1275 1308 1325 semper
1318 1263 1434 1325 maiorem
1446 1276 1499 1314 esse
1516 1263 1675 1315 illustrantem
1689 1265 1788 1328 globum

1006 1349 1036 1397 iis
1046 1363 1102 1413 qnae
1116 1351 1277 1402 illustrantur.
1318 1353 1405 1414 ltaque
1419 1351 1440 1400 si
1453 1351 1533 1401 lucem
1552 1351 1678 1403 adnabam
1694 1358 1791 1416 presta·

1006 1438 1042 1488 bil
1052 1439 1231 1501 magnitudine,
1240 1441 1290 1496 uti
1302 1441 1329 1502 a';
1344 1440 1425 1490 minus
1434 1451 1492 1490 vero
1503 1439 1558 1502 erit,
1568 1440 1635 1503 quod
1646 1441 1790 1504 illustratur,

1007 1529 1033 1577 ut
1046 1544 1089 1591 πρ
1102 1547 1109 1576 ι
1122 1529 1224 1590 utraque
1233 1529 1316 1578 aulem
1331 1528 1445 1592 globosa:
1460 1545 1504 1592 πρ
1519 1528 1602 1578 circuli
1617 1530 1719 1592 umbra,
1734 1545 1791 1594 quae
1826 1583 1831 1596 ,

1007 1617 1070 1664 estrr
1083 1633 1097 1678 p
1109 1633 1134 1676 a,
1147 1615 1270 1678 nascitur,
1284 1615 1310 1665 in
1322 1615 1422 1668 modum
1435 1615 1490 1666 coni
1504 1615 1619 1667 desinens
1635 1618 1661 1668 in
1678 1630 1789 1682 acumen,

1007 1682 1225 1766 ibidemque'tlnita
1244 1705 1255 1759 i
1273 1721 1305 1767 rr,
1326 1707 1351 1754 el
1365 1721 1402 1768 ep
1416 1703 1489 1754 radiis
1509 1706 1624 1766 porrectis
1637 1706 1662 1756 in
1677 1708 1753 1758 altum
1766 1713 1792 1760 et

1006 1791 1199 1854 confingentibus
1215 1805 1241 1842 se
1258 1792 1362 1842 invicem
1382 1791 1447 1855 apud
1464 1795 1545 1843 nomm
1563 1811 1587 1844 α,
1630 1795 1701 1853 Quod
1721 1797 1748 1846 lit
1760 1810 1788 1848 er

1006 1877 1100 1940 eodem,
1113 1879 1169 1942 quia
1188 1895 1207 1928 π
1219 1895 1232 1944 ρ
1245 1879 1375 1942 diametros
1387 1879 1467 1928 minor
1484 1882 1522 1930 est
1542 1881 1661 1932 diametro
1675 1885 1686 1940 ε
1701 1901 1724 1944 α,
1737 1873 1804 1947 ραο·Ι

1006 1966 1232 2029 ptereaqueumbrae
1240 1967 1331 2030 species
1337 1967 1451 2018 conoides
1457 1968 1509 2018 erit.
1521 1968 1697 2032 (Videligurarn
1707 1974 1790 2034 xlll.)

1038 2057 1090 2105 xe.
1107 2055 1169 2112 Quia
1187 2054 1259 2116 igitur
1280 2054 1434 2117 Hipparchus
1454 2053 1478 2102 ln
1502 2065 1531 2103 eo
1552 2067 1640 2116 opere,
1663 2055 1728 2118 quud
1750 2057 1788 2106 in·

1006 2143 1119 2193 scribitur
1131 2146 1169 2193 lie
1188 2142 1325 2193 accersitus
1342 2147 1428 2206 utque
1439 2141 1587 2192 interuallis
1597 2142 1659 2193 sotir
1674 2147 1700 2193 et
1719 2143 1790 2196 tuaac

1006 2233 1092 2295 docet,
1101 2233 1290 2296 magnitudinem
1298 2235 1356 2283 sotis
1367 2233 1710 2296 milleoclingentlsoclcginta
1720 2235 1792 2298 parti·

1007 2321 1054 2372 bus
1066 2322 1184 2385 potiorem
1196 2335 1250 2373 esse
1263 2335 1336 2385 quam
1347 2323 1444 2383 temam,
1468 2322 1555 2371 terram
1572 2335 1629 2372 rere
1641 2321 1737 2372 demum
1751 2323 1791 2372 ri-

1006 2411 1066 2476 ginti
1076 2413 1167 2474 septem
1180 2411 1290 2474 partibus
1299 2410 1418 2472 potiorem
1427 2421 1480 2459 esse
1494 2423 1567 2473 quam
1583 2411 1682 2472 lunam,
1700 2411 1790 2460 multo-
1831 2469 1834 2476 ,

1006 2511 1055 2560 que
1066 2498 1142 2548 solem
1154 2497 1261 2548 altiorem
1273 2510 1407 2561 essequam
1418 2497 1475 2552 tuna
1490 2498 1539 2548 sita
1550 2501 1666 2562 apparet,
1679 2500 1789 2550 umbram

1007 2589 1079 2637 terrm
1093 2587 1149 2636 coni
1160 2586 1263 2637 similem
1273 2586 1346 2636 elici.
1381 2586 1477 2652 Quippe
1489 2587 1549 2636 radii
1558 2588 1640 2644 solist
1655 2605 1673 2638 r
1696 2590 1721 2638 et
1732 2589 1790 2638 ilem

1007 2689 1037 2737 op
1046 2675 1175 2736 angustant
1189 2673 1293 2736 seinata
1304 2673 1449 2724 diametrum
1459 2675 1530 2726 terrae
1541 2691 1558 2723 rr
1585 2691 1606 2737 p,
1619 2673 1742 2733 etdertra,
1752 2675 1793 2724 lae·

1007 2773 1094 2824 saque,
1121 2761 1204 2810 omnia
1225 2761 1370 2811 illuminant.
1420 2764 1495 2812 Terra
1512 2773 1568 2812 vero
1587 2761 1681 2824 obiecta
1700 2763 1787 2812 lumini

1007 2844 1080 2910 solis,
1095 2848 1278 2899 circumluente
1295 2863 1322 2900 se
1339 2849 1442 2912 lumina,
1461 2850 1572 2900 umbram
1584 2852 1653 2900 terrra
1665 2849 1754 2911 ellicit,
1774 2861 1789 2899 a

147 3224 152 3230 ·
175 3194 962 3264 delicereuideatur‚constalapudomnes=sedcurnonseurper,

175 2935 235 2985 ratio
246 2933 314 2984 nulla
327 2933 375 2985 det.

207 3024 360 3073 bllxllvlll.
372 3024 447 3072 Lunae
457 3036 516 3073 vero
533 3020 613 3083 labor,
630 3022 682 3073 siue
694 3023 799 3073 delectio
809 3024 845 3072 sic
859 3022 959 3074 ‹lemon-

175 3109 285 3157 stratur:
308 3105 381 3166 Quod
392 3107 505 3171 quidem,
520 3122 577 3159 cum
591 3110 722 3161 incurrerit
743 3112 854 3161 umbram
878 3113 950 3162 lenae

1007 2935 1118 2987 diametri
1135 2937 1174 2988 soi
1188 2937 1314 2989 latitudine
1332 2938 1356 2988 ln
1367 2939 1501 3000 angustiam
1513 2945 1662 3003 provectam,
1678 2943 1791 3002 eiusque

1006 3024 1037 3073 ad
1049 3025 1121 3075 finam
1133 3026 1245 3077 ultimum
1257 3028 1424 3089 angustiarum
1437 3031 1597 3079 attenuatam.
1643 3032 1722 3087 Quam
1734 3040 1791 3077 cum

1006 3113 1115 3164 inciderit
1127 3120 1246 3165 nocturna
1260 3114 1317 3164 luna
1333 3116 1473 3166 diametros
1484 3120 1558 3175 terra,
1570 3120 1595 3166 et
1609 3117 1669 3177 sole,
1683 3115 1789 3177 distans;

1007 3206 1034 3253 ut
1046 3216 1101 3265 quae
1113 3204 1209 3266 propria
1224 3203 1276 3251 lnce
1287 3202 1400 3265 indigeat,
1417 3205 1491 3265 alque
1500 3216 1514 3251 a
1523 3204 1575 3253 sole
1584 3217 1682 3266 semper
1693 3206 1791 3255 mutue-

175 3284 336 3334 automnibus
356 3284 496 3347 mensibus,
521 3287 567 3336 boc
584 3287 722 3339 dicandum.
770 3279 864 3352 igniun'a
882 3290 961 3341 lucem
1005 3289 1299 3351 tur,etsitmiuorquam
1309 3288 1664 3351 terra30bsistenlesibiea,in
1677 3292 1793 3340 tenebras

176 3372 336 3436 praebentium
359 3372 421 3423 radii
441 3374 527 3425 directi
547 3375 672 3437 teruntur,
689 3379 789 3429 umbras
810 3380 961 3441 objectorum
1006 3374 1127 3426 conditur.
1160 3369 1252 3438 Porro,¹
1266 3388 1322 3425 cum
1345 3389 1394 3426 uon
1415 3375 1445 3425 ad
1465 3374 1582 3425 directum
1598 3374 1700 3438 rigorem
1716 3376 1788 3436 solis,

175 3475 306 3526 corporum
318 3464 449 3514 formantes
459 3465 483 3513 in
499 3464 579 3515 ramas
597 3466 693 3530 ligures.
738 3470 801 3530 Ergo
813 3482 868 3518 cum
883 3468 960 3532 iguis,
1007 3470 1141 3529 terraeque,
1157 3464 1520 3529 etlunae,positioconreniat,
1539 3466 1718 3528 ulperpuncta
1734 3476 1787 3513 me-

175 3550 253 3602 luoem
277 3551 398 3614 praebens,
421 3552 522 3615 aqualis
535 3554 582 3606 erit
601 3555 710 3618 corpori,
734 3570 765 3606 er
785 3571 835 3620 quo
857 3558 963 3608 emicant
1007 3551 1123 3603 dictatum
1134 3554 1240 3604 transeat
1254 3552 1370 3604 diametra
1387 3553 1448 3604 linea
1460 3566 1466 3596 ε
1480 3552 1522 3603 sed
1540 3551 1577 3603 sol
1594 3552 1619 3602 in
1637 3551 1791 3615 aquilonem,

106 3653 108 3656 ·
176 3637 284 3699 umbrae,
298 3640 318 3689 si
327 3644 378 3689 tam
389 3638 465 3703 iguis,
478 3654 553 3704 quam
565 3643 690 3706 corporis,
706 3643 804 3706 globosa
819 3646 865 3695 erit
873 3645 960 3708 torma,
1007 3640 1066 3691 luna
1079 3642 1104 3691 iu
1123 3644 1233 3693 austrum
1246 3642 1345 3705 vergat,
1362 3641 1402 3692 rel
1416 3643 1499 3692 contra
1521 3652 1615 3691 :erasa
1628 3644 1723 3690 terrena
1736 3652 1792 3687 um-

176 3726 270 3776 umbrae
292 3730 422 3778 nascentur
435 3729 460 3778 in
478 3729 579 3779 modum
595 3730 715 3793 cylindri:
733 3737 771 3793 ut,
787 3736 860 3795 puta,
875 3733 907 3782 sit
923 3733 962 3783 lu·
999 3716 1067 3790 bra,
1081 3729 1175 3779 nullam
1191 3728 1281 3791 patitur
1297 3720 1503 3778 obscurationem.
1545 3734 1578 3778 ac
1591 3726 1623 3777 de
1635 3726 1672 3775 bis
1692 3724 1790 3788 quidem

178 3825 232 3863 cam
250 3813 405 3876 atterensret
420 3817 707 3883 lrrmtnras,aa:qu0d
725 3834 783 3871 vero
802 3820 962 3884 illuminatur,
1008 3816 1133 3868 hactenus.
1165 3818 1236 3867 Nunc
1251 3828 1308 3867 uero
1318 3815 1368 3877 iam
1380 3814 1509 3879 peragratis
1520 3812 1792 3875 omnibus,reniamus

176 3905 228 3965 γδ.
260 3906 322 3955 llaec
334 3918 393 3956 raro
404 3908 508 3970 aequabo
525 3909 588 3971 sint,
598 3912 624 3959 et
635 3910 735 3971 globosa
749 3913 860 3974 utraque.
886 3911 962 3973 (Vide
1007 3904 1037 3953 td
1051 3904 1194 3954 orationem·

176 3989 281 4059 liguram
295 3991 525 4057 ill.)Perspicuum
535 3997 580 4055 est,
593 3996 689 4056 radios,
704 4010 842 4062 unumap,
860 3998 962 4047 alterum
1006 4012 1009 4017 ·
1039 3994 1105 4043 xci.
1129 3993 1176 4043 Καὶ
1195 3994 1223 4050 δὴ
1243 3994 1270 4042 τὸ
1286 3992 1367 4055 μιχθὲν
1381 3989 1445 4047 itti
1459 3994 1533 4038 ταῦτα
1546 3989 1702 4051 κατέκλινεν,
1718 3986 1792 4042 οὕτως

178 4082 194 4143 β
207 4082 230 4144 d,
246 4082 273 4131 in
281 4080 402 4146 directum
415 4084 530 4134 araturos
536 4120 544 4146 ,
553 4084 622 4146 juxta
633 4098 660 4135 se
669 4098 722 4135 esau
736 4085 865 4149 dispositos
875 4086 963 4149 aequali
1007 4082 1052 4141 ἤδη
1061 4088 1109 4132 πᾶν
1121 4082 1293 4131 succurrimus.
1326 4081 1423 4139 Tedusia,
1430 4078 1472 4129 οὖν
1488 4080 1531 4139 τήν
1546 4080 1656 4136 ξύστασιν
1668 4082 1747 4128 πᾶσαν
1759 4077 1789 4125 dr·

177 4167 301 4220 distantia.
333 4170 512 4233 meniozqoia
525 4171 606 4222 urenti
621 4172 962 4236 abdiametrus,circuli'pd
1007 4173 1067 4230 πλῆν
1082 4171 1143 4219 κατὰ
1156 4176 1230 4233 μῆκος
1241 4170 1327 4233 σχίσας
1340 4169 1413 4231 μέσην
1426 4168 1483 4233 πρὸς
1498 4168 1572 4231 μέσην
1588 4168 1702 4230 ἑκατέραν
1720 4165 1790 4221 ἀλλή-

179 4256 298 4309 diametro
318 4259 421 4322 oequalts
441 4261 487 4310 est.
520 4260 596 4311 Iidem
617 4260 678 4310 radii
699 4263 808 4314 mutant
827 4261 852 4311 in
869 4262 962 4325 altun3
1008 4262 1058 4317 λαις
1073 4260 1123 4309 olor
1144 4258 1328 4321 χπροσὸαλών,
1344 4258 1495 4320 aestuantius
1516 4258 1548 4313 sti
1568 4256 1671 4315 κύκλον,
1691 4254 1791 4317 budda:

179 4345 224 4401 etii
237 4362 278 4408 αγ
291 4364 304 4397 a
318 4345 413 4410 radius,
426 4346 493 4396 radio
505 4350 520 4411 β
538 4349 576 4409 dt
594 4346 687 4397 distans
706 4348 796 4407 musii
814 4347 903 4410 rigore,
917 4348 964 4399 lioc
1009 4347 1089 4403 abaci<
1102 4362 1129 4395 rs
1142 4347 1182 4395 uui
1196 4345 1305 4404 ἀλλήλαις
1315 4345 1338 4395 ἐν
1347 4350 1382 4408 τῷ
1395 4344 1535 4409 καταντικρὺ
1548 4348 1589 4402 τῆς
1600 4342 1744 4407 πρασὸολῆς·

178 4436 232 4497 est,
243 4433 295 4485 u'ne
308 4434 469 4485 inclinatione.
502 4438 536 4485 Et
547 4450 563 4498 γ
575 4453 587 4485 ε
599 4448 655 4499 ergo
668 4435 797 4486 adversum
812 4436 847 4494 dt
863 4436 960 4487 radium
1040 4434 1140 4495 Etjum
1148 4433 1209 4495 scra
1227 4445 1302 4483 omne
1320 4432 1490 4483 commixtum
1501 4428 1573 4481 illud
1584 4442 1666 4491 penus
1677 4429 1792 4478 mseratiar

178 4522 394 4574 alueincliuatione
412 4522 522 4586 distabit,
531 4525 666 4587 etulerque
679 4523 769 4582 radius,
781 4525 807 4574 iu
815 4525 962 4576 immensam
1007 4526 1172 4575 consumtum
1202 4525 1262 4572 erut
1293 4519 1444 4583 baiiusumdt
1472 4518 1631 4569 sectionibus
1663 4518 1790 4579 partium.

179 4610 237 4662 lieu
250 4614 352 4674 auctas,
364 4612 454 4675 aequali
465 4615 558 4664 crescet
570 4613 669 4677 rigore:
684 4626 730 4663 nec
741 4626 826 4664 eorum
836 4614 964 4665 cacumina
1011 4616 1084 4666 Tune
1097 4614 1166 4665 bane
1176 4615 1262 4676 ipsam
1274 4613 1407 4663 seriemin
1419 4609 1526 4670 toupurn
1537 4610 1622 4660 secuit
1635 4622 1644 4656 :
1658 4609 1684 4656 et
1693 4616 1793 4655 cnunc

178 4698 354 4763 coniungantur
370 4714 487 4765 unquam,
503 4701 854 4765 salcontingeutaeinricem.
890 4703 962 4761 Quod
1008 4686 1075 4757 serie
1090 4703 1248 4767 ducasecit,
1261 4716 1356 4767 eosque
1376 4700 1491 4753 mediam
1508 4698 1792 4762 murmurmurmur

178 4801 235 4840 oum
245 4788 281 4840 ita
294 4790 335 4852 sit,
346 4776 448 4841 cubilar
463 4804 512 4841 nou
524 4794 570 4852 est,
580 4807 595 4855 γ
607 4792 621 4841 δ
632 4793 736 4852 spbaerae
747 4792 859 4842 umbram
874 4792 900 4841 in
911 4791 974 4863 elli·-
1008 4798 1035 4846 Χ
1043 4797 1137 4846 drusae
1145 4786 1621 4857 litterecoorcluotl5curaooilquein
1633 4788 1715 4844 orbas,
1727 4800 1791 4853 quo

179 4880 689 4956 giemcylindritormari,creseentemper
704 4882 930 4933 immensumlieet.
1009 4884 1238 4935 adcotrentinter
1251 4884 1388 4947 acceptia.
1462 4884 1472 4905 '

211 4974 345 5023 Lxxxlx.
362 4972 388 5022 si
406 4975 506 5036 tamen,
517 4974 582 5037 quod
598 4974 735 5036 illuminat,
751 4974 850 5024 brevius
865 4973 920 5033 erit,
934 4975 963 5022 ut
1042 4976 1077 5023 Ex
1093 4972 1170 5023 tribus
1186 4973 1238 5034 bis,
1252 4972 1356 5023 essentia
1370 4962 1481 5033 scilicet,
1495 4971 1520 5021 et
1537 4968 1635 5030 sederim
1647 4969 1671 5018 et
1685 4967 1793 5027 diverso,

179 5079 196 5122 η
209 5064 237 5125 ⁰3
255 5063 319 5125 quod
334 5076 395 5115 varo
409 5063 571 5126 illuminatur,
586 5064 678 5128 maias,
695 5068 724 5115 ut
737 5066 775 5114 ri
790 5063 964 5114 amanitestum
1010 5062 1140 5113 miscuerat
1154 5062 1276 5123 animam,
1296 5061 1322 5111 et
1331 5073 1384 5111 earn
1403 5060 1513 5110 secuerat
1524 5058 1549 5107 in
1560 5068 1687 5119 numeros,
1704 5054 1794 5119 partim

180 5150 227 5213 est,
236 5150 347 5201 umbram
357 5152 421 5203 orbis
431 5155 478 5213 xl,
493 5165 549 5216 quse
558 5156 620 5204 asta
629 5170 658 5217 μ,
669 5170 686 5203 α
699 5169 723 5214 ν,
736 5153 764 5202 in
777 5154 855 5203 imma
865 5150 963 5215 quidem
1009 5149 1126 5214 duplices,
1135 5148 1248 5213 usquead
1262 5148 1365 5213 cubum.
1375 5147 1418 5211 qui
1432 5147 1525 5210 primns
1533 5158 1562 5197 ex
1572 5143 1708 5207 duplicibus
1715 5140 1792 5192 nasci
