3959 5925
300 429 366 475 xxx
404 378 406 385 ’
948 408 1000 467 un
1021 407 1263 468 rrrniooiii

300 564 356 603 nus
386 542 481 619 (aio),
496 518 672 602 'Moderatus
697 540 805 617 aliique
827 538 984 599 eorundem
1008 538 1082 614 dog·
1130 537 1343 623 Libetaliquid
1363 536 1469 595 habere
1484 537 1564 615 quod
1586 538 1720 613 vincam,
1742 540 1828 618 cujus
1851 562 1908 620 pa·

299 646 406 691 rnatum
422 631 597 689 defensores.
615 628 692 687 illud
706 628 890 699 mirandum,
912 626 993 704 quod
1005 626 1084 685 Sex·
1131 626 1233 685 tientia
1253 644 1398 685 exercear.
1430 630 1503 683 Nam
1530 626 1586 685 boc
1610 647 1728 705 quoque
1757 630 1908 705 egregium

300 720 406 778 tiorum
435 718 513 793 (aiil
540 735 617 775 nova
649 728 678 773 et
710 715 831 775 liomani
860 712 977 773 roboris
1004 729 1081 774 secta
1129 713 1245 773 Sextius
1258 712 1357 786 habet,
1377 714 1457 791 quod
1476 726 1504 770 et
1517 713 1648 773 ostendet
1671 714 1910 776 tibibeataeritae

300 806 376 865 inter
392 802 556 884 primordia
575 822 643 876 sua,
662 823 750 879 quum
774 820 878 878 magno
891 804 1003 881 impetu
1021 822 1078 861 coe·
1130 802 1369 878 magnitudinem,
1383 815 1411 860 et
1421 802 1653 879 desperationem
1665 802 1729 880 ejus
1740 825 1799 863 non
1815 806 1909 868 faciet.

300 895 403 971 pisset,
419 892 560 951 exstincta
581 903 633 950 est.
648 888 712 948 lam
734 891 802 949 licet
821 890 929 947 Seneca
951 889 1081 947 Sextium
1129 892 1208 949 Scies
1222 892 1304 947 illam
1315 890 1421 949 esseio
1434 889 1568 962 excelso,
1584 890 1634 949 sed
1650 892 1762 950 volenti
1776 906 1910 970 penetra·

193 1012 197 1020 .
299 984 396 1040 virum
410 1000 504 1038 aciem
531 979 641 1038 Gracia
659 978 774 1051 verbis,
797 978 935 1036 Romanis
951 978 1084 1038 muribus
1129 979 1241 1039 bilem:
1258 979 1315 1037 hoc
1329 978 1449 1055 quidem
1460 978 1556 1037 virtus
1564 977 1620 1037 tibi
1632 978 1699 1056 ipsa
1707 979 1868 1057 prastabit,
1879 994 1910 1039 ut

204 4775 214 4786 .
299 4720 420 4782 existimo,
431 4724 514 4769 utrum
524 4719 648 4780 exciderit,
658 4732 689 4769 an
698 4719 803 4769 lliixerit.
813 4721 881 4767 Nunc
895 4719 919 4767 in
929 4719 975 4767 iioc
982 4731 1080 4781 quoque
1156 4731 1160 4738 ·

300 1069 553 1148 philosophantem
577 1067 719 1145 appellet,
743 1080 838 1124 tamen
861 1086 898 1124 ex
921 1066 978 1124 hoc
1003 1069 1083 1144 quod
1129 1068 1208 1125 illam
1223 1066 1395 1137 admireris,
1410 1078 1440 1123 et
1453 1078 1549 1124 tamen
1564 1084 1673 1144 speres.
1691 1093 1704 1118 ι
1722 1066 1803 1125 ldern
1822 1070 1908 1145 epist.

304 1156 505 1227 Quintilianus
538 1156 613 1213 inter
643 1153 788 1211 Romanos
815 1172 873 1230 qua
902 1154 1083 1229 intelligendi
1130 1156 1168 1232 59
1194 1156 1236 1213 ait
1262 1178 1270 1212 :
1299 1154 1466 1214 «Sextium
1492 1174 1558 1213 ecce
1578 1156 1795 1232 quummaxime
1816 1160 1906 1231 lego:

302 1264 359 1322 qua
372 1243 489 1303 dicendi
505 1252 636 1300 auctores
650 1240 816 1300 Cornelium
832 1240 957 1311 Celsum,
970 1239 1084 1298 Sextios
1131 1245 1225 1303 movit
1242 1263 1289 1301 me
1312 1244 1410 1319 imago
1431 1242 1469 1301 ah
1484 1243 1538 1301 illo
1560 1242 1657 1320 posita
1676 1265 1684 1301 i
1710 1244 1755 1301 ire
1767 1245 1909 1321 quadrato

302 1345 448 1404 secutum,
477 1348 537 1388 non
561 1331 623 1387 sine
646 1328 725 1386 cultu
751 1348 784 1386 ac
809 1332 903 1386 nitore
929 1328 1083 1405 scripsisse
1129 1332 1244 1406 agmine
1271 1331 1445 1402 exercitum,
1468 1327 1520 1388 ubi
1542 1330 1635 1389 bostis
1659 1333 1696 1389 ab
1720 1331 1803 1389 omni
1830 1347 1910 1411 parte

302 1419 480 1492 testificatur,
499 1413 575 1473 haud
596 1416 657 1472 scio
676 1434 713 1473 an
732 1414 892 1492 cogendum
915 1420 952 1474 sit
965 1416 1082 1475 Sextios
1128 1432 1278 1496 suspectus
1302 1432 1357 1495 est,
1380 1438 1487 1496 pugnae
1512 1429 1657 1495 paratum.
1682 1416 1776 1492 idern,
1804 1421 1909 1498 inquit,

300 1519 410 1583 patrem
426 1518 455 1563 et
475 1504 567 1563 lilium
591 1505 700 1580 scripta
719 1504 853 1563 edidisse.
871 1503 921 1563 Est
934 1505 1012 1563 enim
1029 1504 1083 1563 dit·
1128 1507 1245 1583 sapiens
1262 1506 1356 1565 iacere
1367 1505 1453 1565 debet
1469 1524 1591 1564 :omnes
1600 1507 1724 1563 virtutes
1744 1526 1812 1565 snas
1826 1509 1909 1567 undi-

301 1594 380 1651 licile
394 1592 517 1669 hliuma
532 1604 613 1672 patre
624 1591 812 1668 distinguere.
827 1591 865 1650 Ut
877 1593 968 1667 igitur
981 1594 1081 1671 paucis
1129 1612 1186 1670 que
1209 1592 1372 1671 expandat,
1401 1605 1453 1669 ut,
1477 1590 1645 1669 ubicunque
1665 1592 1765 1650 infesti
1796 1593 1908 1671 aliquid

300 1680 411 1753 dicam,
430 1680 491 1758 jam
513 1681 568 1740 sub
589 1683 719 1757 Augusto
740 1693 810 1739 teste
832 1679 955 1739 Eusebio
970 1681 1079 1739 Chron.
1129 1682 1234 1756 oritur,
1257 1681 1321 1739 illic
1341 1693 1444 1758 parata
1459 1680 1599 1759 praesidia
1617 1682 1677 1739 sint
1697 1694 1726 1739 et
1744 1680 1781 1739 ad
1805 1695 1907 1740 nutum

300 1787 329 1825 ii.
347 1790 425 1827 aoio
441 1788 507 1848 pag.
527 1770 581 1828 156
596 1771 642 1829 ed.
661 1768 800 1844 Scaliger.
817 1768 932 1828 Sextius
955 1771 1082 1847 pliiloso·
1129 1768 1255 1845 regentis
1281 1767 1345 1827 sine
1372 1771 1497 1827 tumultu
1521 1767 1727 1845 respondeant.
1762 1766 1848 1837 Quod
1876 1772 1907 1829 in

300 1856 376 1934 phus
417 1857 625 1933 Pythagoricus
658 1859 878 1931 agnoscebatur,
910 1858 961 1933 qui
994 1858 1081 1915 etiam
1127 1854 1304 1913 exercitibus
1323 1853 1380 1926 his,
1405 1874 1479 1932 quos
1500 1858 1688 1931 imperatores
1712 1855 1811 1929 magni
1827 1856 1905 1917 ordi·

300 1944 422 2003 Athenis
441 1944 616 2021 aliquamdiu
632 1944 707 2001 vixit
725 1943 816 2023 (αια),
843 1943 894 2001 sed
912 1944 971 2001 nisi
987 1945 1081 2023 fallor,
1128 1956 1210 2015 nant,
1226 1944 1290 2000 fieri
1308 1944 1464 2019 videmus„
1479 1954 1512 2001 ut
1535 1943 1692 2020 imperium
1713 1942 1796 2001 ducis
1820 1946 1907 2004 simul

302 2031 399 2090 Roma
427 2036 552 2091 maxime
589 2033 798 2111 discipulorum
836 2032 990 2091 nobilitate
1028 2033 1081 2091 ilo-
1127 2050 1228 2089 omnes
1241 2031 1334 2109 copiae
1349 2032 1487 2103 sentiant,
1507 2029 1774 2108 sicdispnsitae‚ut
1794 2036 1905 2107 signum

300 2122 357 2177 ruit
368 2118 456 2197 (213),
471 2120 523 2178 ubi
540 2119 572 2179 L.
592 2119 746 2178 Crassitius
762 2121 839 2177 inter
858 2119 921 2196 ejus
935 2121 1082 2180 auditores
1127 2118 1165 2176 ab
1181 2139 1241 2177 uno
1260 2119 1357 2177 datum
1375 2119 1507 2197 peditem
1529 2118 1617 2176 simul
1634 2119 1821 2196 equitemque
1838 2140 1907 2197 per·

300 2208 362 2265 suit.
377 2212 421 2265 De
436 2207 514 2265 libro
538 2207 574 2278 Q.
591 2208 682 2265 Sextii
701 2208 809 2286 patris,
835 2209 931 2283 magni
956 2210 1026 2280 viri,
1041 2210 1082 2268 ita
1127 2221 1225 2265 currat
1241 2232 1250 2265 ε
1266 2207 1322 2265 hoc
1343 2208 1492 2284 aliquanto
1508 2206 1601 2281 magis
1626 2207 1821 2265 necessarium
1843 2227 1907 2267 asse

295 2293 408 2369 judicat
421 2298 528 2353 Seneca
542 2297 626 2373 epist.
642 2297 679 2363 dt.
698 2316 705 2353 :
720 2320 733 2348 a
749 2295 894 2364 Quantum
910 2296 941 2353 in
954 2296 1019 2368 illo,
1036 2296 1079 2354 dii
1126 2293 1347 2370 nohis,Sextius
1360 2294 1411 2356 ait.
1426 2294 1562 2352 lllienim
1573 2312 1649 2371 saepe
1657 2292 1769 2352 bostem
1782 2294 1907 2355 timuere

297 2379 385 2453 boni,
410 2385 518 2459 vigoris
531 2395 590 2453 est,
613 2395 753 2459 quantum
773 2382 878 2440 animi!
896 2382 955 2440 hoc
973 2383 1079 2441 nonin
1125 2384 1189 2440 sine
1202 2402 1307 2452 causa,
1324 2382 1558 2459 tutissimumque
1571 2381 1631 2439 illis
1645 2381 1701 2439 iter
1714 2381 1792 2458 quod
1804 2401 1908 2461 suspe-

299 2467 436 2526 nmnihus
472 2468 656 2547 philosophis
693 2470 837 2529 invenies.
885 2464 1077 2539 Quorundam
1125 2471 1285 2529 ctissimum
1297 2471 1371 2527 fnit:
1385 2470 1427 2527 nil
1440 2468 1564 2528 stultitia
1575 2481 1708 2546 pacatum
1723 2467 1819 2525 hahet.
1831 2469 1906 2529 Tam

297 2556 405 2633 scripta
415 2556 525 2613 clarum
539 2556 645 2614 habent
654 2569 764 2613 tantum
778 2575 884 2615 nomen
898 2578 905 2613 ε
921 2569 1079 2615 caeteraex·
1124 2576 1250 2638 superne
1271 2558 1316 2616 illi
1341 2570 1433 2617 metus
1451 2570 1496 2615 est
1516 2575 1604 2633 quam
1628 2556 1723 2628 inira3
1750 2569 1906 2634 utrumque

297 2643 417 2719 sanguia
429 2657 506 2703 sunt.
524 2643 690 2716 instituunt,
709 2644 868 2723 disputant,
884 2646 1077 2703 cavillantur:
1125 2648 1250 2724 trepidat
1262 2647 1348 2706 latiis.
1367 2644 1534 2721 Sequuntur
1542 2643 1673 2721 pericula
1685 2655 1715 2701 et
1728 2645 1905 2721 occurrunt,

296 2731 1079 2808 nonfaciuntanimum,quianonhabent.Quunilege·
1124 2735 1160 2793 ad
1174 2736 1274 2793 omnia
1287 2746 1390 2812 pavet,
1411 2734 1552 2809 imparata
1571 2744 1615 2789 est
1633 2744 1663 2789 et
1683 2731 1756 2809 ipsis
1780 2744 1905 2791 terretur

296 2818 338 2876 ris
351 2817 589 2892 Sextiiim,dices
604 2839 612 2877 i
627 2819 720 2890 Vivit,
736 2818 1080 2895 viget,liber.est,supra
1125 2823 1262 2892 auxiliis,
1281 2821 1404 2900 Sapiens
1432 2832 1526 2879 autem
1555 2818 1591 2876 ad
1615 2834 1732 2877 omnem
1755 2820 1905 2879 incursum
1965 2829 1971 2849 ⁸

294 2898 444 2967 bominem
460 2920 504 2968 est
520 2929 527 2965 ε
541 2906 663 2966 dimittit
675 2926 721 2966 iiie
729 2907 848 2984 plenum
861 2908 987 2982 ingentis
1003 2906 1077 2965 lidu-
1124 2912 1254 2970 munitus
1275 2922 1305 2968 et
1323 2910 1462 2979 intentus,
1480 2925 1540 2966 iion
1561 2907 1587 2965 si
1606 2918 1777 2985 paupertas,
1798 2926 1857 2966 non
1879 2912 1906 2968 si

298 2995 360 3054 ciai.
377 2995 410 3053 lii
426 3013 601 3073 quacunque
620 2995 764 3072 positione
780 2995 884 3053 inentis
902 2995 968 3066 sim,
986 3013 1076 3071 quum
1124 2999 1235 3073 luctus,
1250 3020 1311 3057 non
1328 2999 1354 3057 si
1368 2997 1544 3074 ignominia,
1558 3015 1621 3054 non
1634 3000 1659 3054 si
1669 2995 1755 3054 dolor
1767 2998 1907 3074 impetum

296 3081 361 3156 lego
375 3081 463 3152 hunc,
482 3082 595 3141 fatebor
615 3081 691 3154 tibi,
708 3083 781 3139 libet
792 3099 892 3138 omnes
913 3099 996 3138 casus
1010 3100 1079 3157 pro·
1126 3087 1226 3156 saciat,
1248 3088 1351 3165 pedem
1366 3087 1483 3145 referet.
1502 3084 1659 3144 Interritus
1677 3097 1706 3142 et
1731 3098 1833 3160 coptra
1853 3086 1907 3144 illi

297 3188 417 3245 vocare,
431 3169 502 3229 libet
517 3169 679 3228 exclamare
695 3190 702 3226 =
719 3167 797 3237 Quid
812 3187 923 3239 cessat,
939 3167 1075 3225 forium?
1124 3173 1181 3234 ihit
1193 3188 1223 3233 et
1233 3176 1310 3233 inter
1323 3175 1385 3233 illa.
1399 3173 1456 3232 Nos
1469 3173 1562 3230 multa
1571 3173 1704 3248 alligant,
1719 3172 1811 3229 multa
1822 3172 1907 3233 dehi-

296 3258 473 3332 congredere
508 3275 517 3317 t
543 3270 675 3336 paratum
699 3256 793 3344 vides.
830 3254 914 3314 lilius
945 3257 1076 3314 animum
1126 3263 1210 3320 litant
1225 3284 1232 3318 ε
1249 3261 1300 3319 diu
1314 3263 1347 3320 in
1360 3262 1424 3320 istis
1438 3261 1521 3319 vitiis
1530 3259 1690 3336 jacuimus,
1706 3259 1764 3316 elui
1781 3259 1907 3319 difficile

297 3345 389 3403 induo
406 3346 457 3423 qui
479 3345 585 3422 quaerit
601 3343 654 3402 ubi
675 3362 705 3402 se
717 3347 891 3421 experiatur,
913 3341 964 3402 ulii
985 3345 1079 3402 virtu-
1126 3364 1179 3412 est,
1203 3351 1269 3410 Non
1281 3351 1359 3407 enim
1383 3349 1531 3425 inquinati
1546 3365 1656 3417 sumus,
1683 3345 1741 3404 sed.
1758 3346 1905 3407 inlecti..

299 3444 356 3490 tem
372 3453 453 3493 suam
468 3433 610 3505 ostendat,
1125 3438 1168 3495 Ex
1181 3440 1220 3497 iis
1234 3457 1298 3514 quai
1318 3451 1430 3495 ueteres
1454 3436 1491 3493 de
1504 3435 1604 3493 Sextio
1623 3434 1750 3492 referunt
1775 3433 1909 3493 ellicitur

328 3575 535 3637 Spumantemque
544 3571 596 3622 dari
608 3584 693 3632 pecora
704 3571 767 3620 inter
780 3571 865 3620 inertia
878 3571 942 3620 rotis
1124 3545 1190 3583 eum
1211 3545 1271 3582 ¹¹⁰⁰
1295 3543 1464 3624 ”mlemli
1477 3522 1694 3622 ph¹l⁰⁵⁰llh¹⁸m
1715 3521 1906 3620 ⁰⁰lnpl⁰xum

326 3649 506 3709 optatapmm,
519 3645 561 3694 aut
577 3642 672 3692 iulium
688 3641 1036 3692 descenderemonteleouem.
1124 3611 1279 3713 effoeai’ed
1306 3610 1482 3689 P⁰⁵ll¹⁸b¹l¹⁵
1495 3623 1619 3711 ,Qus
1643 3607 1731 3709 “illl''
1752 3608 1833 3664 ¹ll²¹¹¹
1856 3628 1905 3707 θ’]

344 3729 346 3736 ’
1127 3711 1246 3776 pientiae
1267 3711 1378 3776 partem
1397 3710 1602 3776 quaerirtutis,
1615 3695 1709 3754 officii
1722 3709 1752 3753 et
1764 3694 1837 3752 bene
1859 3715 1907 3752 vi·

1128 3786 1215 3845 rendi
1226 3785 1412 3864 disciplinam
1423 3786 1554 3844 continet
1562 3784 1745 3862 explanasse.
1760 3782 1905 3851 Quocirca

296 3885 410 3934 Romanis
429 3881 545 3931 inierunt.
563 3881 629 3931 Idem
653 3881 724 3942 igitur
739 3883 772 3928 11.
791 3879 890 3940 Tullius,
914 3879 956 3940 qui
979 3879 1077 3941 ubique,
1125 3873 1238 3934 solebat
1249 3873 1346 3933 dicere
1359 3871 1462 3932 Jovem
1475 3872 1555 3950 (aii.)
1571 3873 1638 3950 plns
1648 3891 1709 3929 non
1717 3889 1803 3948 posse
1816 3889 1904 3945 quain

297 3952 371 4002 etiam
391 3951 416 3999 in
433 3951 479 4000 hoc
500 3963 581 4012 opere,
597 3952 702 4000 Platonis
719 3951 822 3999 aemulus
845 3949 946 3998 exstitit.
963 3950 1079 4010 Egregius
1126 3962 1235 4022 bonum
1243 3964 1351 4020 virum·
1368 3959 1599 4039 ·Piuraaniier
1612 3958 1700 4017 habet
1712 3977 1776 4035 qua,
1787 3972 1905 4034 praesm

296 4021 511 4150 {Jfficffufflgff
527 4034 642 4139 affini
652 4021 809 4138 fflnffi'
820 4022 1078 4149 gfflgsszessfflgffi
1125 4048 1292 4108 hominibus
1306 4071 1313 4105 i
1328 4048 1379 4108 sed
1394 4052 1469 4108 inter
1481 4048 1555 4106 duos
1569 4046 1663 4106 bonos
1677 4065 1736 4104 nou
1745 4059 1787 4102 est
1800 4046 1905 4102 melior·

296 4161 457 4224 Scripsitnou
469 4173 553 4222 parum
566 4161 641 4208 multa
654 4158 780 4208 cornelius
797 4157 890 4215 Celsus,
903 4159 1078 4207 Sextiossecu·
1127 4138 1176 4214 qul
1203 4137 1379 4215 ῙθῦῦΡῙθῐίῠΐ
1403 4156 1489 4194 ³110ss
1502 4133 1903 4210 11111115,ςῦθωί11111111105,

298 4237 352 4292 tus,
363 4243 411 4278 non
421 4228 548 4278 sinccultu
561 4242 590 4276 ae
605 4229 692 4277 nitore.
703 4253 733 4263 -
747 4227 812 4288 (1111)
828 4228 919 4274 Seneca
929 4225 1005 4286 Epist.
1016 4230 1078 4275 tdu:
1125 4223 1233 4301 quibus
1246 4243 1299 4301 pa,-
1321 4225 1440 4282 scientia
1456 4223 1575 4297 regendi
1598 4219 1829 4298 gubernaculum
1843 4235 1903 4292 est,

298 4297 396 4349 Fabiani
410 4297 498 4360 Papirii
511 4297 586 4346 libros
594 4297 636 4358 qui
652 4296 818 4345 inscribuntur
834 4295 949 4376 divilium
959 4294 1042 4376 legisse
1055 4297 1080 4344 te
1126 4311 1276 4368 meliorem
1297 4311 1424 4382 dixeris,
1441 4310 1487 4367 cui
1511 4307 1606 4385 majus
1620 4309 1838 4384 speciosiusque
1853 4327 1904 4365 m·

298 4369 455 4433 cupidissime
474 4367 567 4426 scribis,
591 4367 632 4416 sed
655 4380 704 4416 non
730 4364 883 4427 respondisse
907 4367 1079 4427 exspectationi
1148 4399 1185 4412 ..
1372 4399 1378 4412 .
1419 4419 1427 4433 ,
1627 4395 1634 4408 .
1683 4396 1689 4407 .
1892 4397 1904 4435 3

298 4437 579 4496 trabernaculum
603 4437 633 4486 ie
649 4435 793 4499 piiiosopio
814 4435 859 4496 igi,
880 4435 1079 4496 commixionem
1125 4396 1421 4476 V¹g¹¹¹¹¹¹⁰⁵lli¹i¹⁸⁹¹
1440 4395 1649 4474 quoanrecedit
1661 4415 1758 4453 virum
1771 4393 1899 4451 bonum.

268 4564 269 4569 η
298 4511 350 4570 aius
366 4509 545 4560 accusantum
564 4508 692 4570 essequod
711 4507 1079 4568 dicis,eteiiundiierbi‚nou
1126 4487 1242 4544 Diutius
1263 4486 1360 4544 b⁰¹¹¹¹⁵
1385 4498 1437 4545 0⁵1·
1460 4485 1581 4562 sapiens
1606 4483 1700 4541 ¹¹lhll0
1725 4501 1757 4541 ὅθ
1778 4483 1905 4541 ffll⁰⁰sl⁵

300 4581 365 4642 tingi.
379 4582 486 4630 Primum
500 4579 571 4628 babet
589 4579 633 4628 ista
651 4591 689 4628 res
702 4591 770 4628 suani
786 4579 902 4639 graiium,
916 4581 989 4628 etesi
1006 4579 1079 4628 decor
1125 4577 1256 4647 aesrimat,
1271 4575 1349 4650 quod
1360 4579 1482 4632 virtutes
1496 4571 1560 4649 ejus
1569 4572 1662 4647 spatio
1671 4569 1811 4629 breviore
1825 4572 1906 4629 clau·

301 4651 410 4713 proprius
428 4651 548 4700 orationis
565 4647 651 4699 leniter
664 4649 746 4711 lapse.
767 4649 872 4698 Multum
886 4650 948 4697 euim
965 4650 1080 4698 interisse
1126 4663 1244 4722 duntur·
1262 4660 1512 4736 Quemadmodum
1532 4679 1569 4717 ex
1583 4658 1698 4718 duobus
1721 4657 1905 4734 sapientibus

300 4789 364 4851 quod
379 4789 487 4840 dicturus
502 4804 556 4839 suni
575 4791 660 4852 ingens
671 4791 810 4839 dilierentia
822 4792 867 4839 esi.
883 4787 1004 4838 Fabianus
1020 4789 1079 4837 milii
1125 4754 1175 4827 ‘lui
1185 4750 1284 4809 ⁸e⁰i⁰r
1295 4749 1429 4818 ἀηθείῃ
1440 4767 1499 4806 ¹¹⁰⁰
1510 4761 1553 4805 est
1566 4747 1681 4805 Malim*
1692 4765 1727 4804 ²⁰
1737 4746 1906 4817 culuslnm

300 4857 479 4909 nouellundere
489 4859 585 4909 videtur
595 4860 740 4921 orationem,
755 4859 796 4909 sed
809 4858 909 4908 lundere
921 4860 969 4906 etc.
982 4859 1021 4907 Gi.
1035 4861 1079 4906 Se·
1125 4838 1280 4914 P³u⁰l⁰f⁰⁵
1294 4855 1385 4893 ³⁰ss⁰⁵
1404 4837 1559 4894 terminali!
1572 4835 1667 4892 Virtus
1682 4846 1727 4891 ⁰⁵²
1745 4854 1753 4888 ²
1768 4837 1811 4890 ⁸l⁰
1826 4832 1906 4888 ⁰⁰⁰⁵

300 4941 359 4980 neca
382 4928 463 4976 rhetor
476 4931 631 4979 controvers.
654 4930 696 4979 tib.
721 4932 743 4978 11
765 4930 831 4991 prat.
853 4953 884 4965 -
906 4928 969 4990 (iti)
988 4932 1080 4978 seneca
1125 4945 1185 4983 non
1198 4925 1292 4982 vincit
1314 4922 1472 5001 sapientem
1494 4923 1647 4993 felicitate,
1678 4921 1793 4979 etiamsi
1812 4920 1907 4976 rincit

300 5001 390 5057 Qum·
403 5001 458 5049 tiit.
470 5001 524 5060 vii,
535 5001 684 5080 ,³²··l²¹²l
696 5001 785 5050 ¹³¹¹¹¹l⁰³
795 5001 858 5049 ΗΜ·
871 5003 919 5048 ¹¹³¹·
932 5001 1028 5080 diviti,
1039 5005 1079 5078 ⁸⁸!
1126 5026 1217 5074 aetate.
1235 5012 1297 5069 Non
1312 5025 1355 5069 est
1371 5013 1465 5070 virtus
1478 5010 1572 5087 major
1587 5029 1652 5087 quae
1667 5008 1785 5085 longior
1817 5007 1904 5085 lupi·

299 5073 323 5118 ³.
332 5095 363 5106 —
373 5069 436 5131 (113)
444 5072 571 5118 suetonius
584 5071 615 5121 de
625 5071 713 5120 illustr.
724 5074 834 5120 Gramm.
848 5074 884 5128 111,
897 5070 937 5118 ubi
955 5073 983 5118 b.
992 5071 1081 5118 ctissi-
1136 5113 1147 5133 0
1254 5095 1258 5108 ι

249 5189 253 5198 ,
300 5139 385 5190 tiiisad
397 5142 427 5197 Q.
443 5139 518 5188 Sextii
531 5138 579 5202 [sic
590 5141 669 5203 piures
683 5141 753 5190 codd.
768 5155 810 5202 pro
823 5144 852 5198 Q.
865 5137 987 5200 Septimii]
997 5137 1078 5199 philo·

300 5209 369 5272 sophi
383 5211 474 5258 seciam
487 5210 610 5259 transiisse
624 5209 720 5258 dicitur.
1159 5202 1223 5266 (iit)
1236 5206 1327 5253 Seneca
1337 5203 1407 5265 epist.
1418 5205 1455 5251 13.
