3959 5925
290 437 346 488 356

286 560 463 639 ἐπίγραμμα,
486 556 555 617 ώστε
586 556 731 635 έῦουλόμην
755 559 818 618 αὐτὸ
849 560 900 634 ἤδη
925 560 1066 641 ἐπιγεγρά-

286 653 360 707 αίῖαι.

327 734 482 807 tinacianus
498 736 550 793 uit.
564 735 734 794 minanam.
751 758 777 796 c.
792 737 849 817 44.)

324 845 362 884 ου.
386 821 461 880 Ἰδών
477 822 505 880 δέ
518 846 556 890 τις
571 823 615 880 tari
629 826 681 881 τῶν
694 827 794 883 σκελῶν
805 826 884 885 αὐτοῦ
899 816 941 883 οἶα
957 832 1009 891 τοῖς
1024 824 1066 901 γέ·

287 934 373 989 pouces
389 912 510 974 ἐπιεικῶς
522 908 656 987 γίγνεται,
670 909 763 989 ἤρετο,
776 914 802 971 T
804 911 814 969 ί
825 917 920 985 τοῦτο,
935 900 957 969 ῶ
970 916 1067 987 Δημῶ-

283 999 345 1067 νκξς
358 1002 371 1055 θ
386 998 413 1055 δὲ
429 998 580 1073 μειδιάσας,
594 996 693 1076 Κάρων
706 1022 738 1075 με
752 1000 853 1073 ἔδακεν,
866 1000 926 1079 ἔφη.

326 1087 484 1161 (Lucianus
498 1088 552 1145 vit.
562 1091 734 1146 Demonact.
748 1110 774 1149 c.
790 1090 851 1165 45.)

326 1194 363 1233 sl.
388 1173 442 1233 Καὶ
466 1172 555 1249 μέντοι
576 1172 621 1231 καί
643 1175 849 1252 Λακεδαιμόνιόν
864 1199 921 1234 τινα
946 1174 1007 1234 ἰδών
1023 1176 1067 1237 τὸν

285 1268 365 1322 αὑτοῦ
387 1264 489 1332 οἰκέτην
514 1266 706 1339 μαστιγοῦντα,
722 1264 845 1337 Παῦσαι,
862 1264 927 1345 ἔφη,
941 1265 1066 1342 ὁμότιμον

286 1355 383 1408 σαυτοῦ
399 1350 443 1409 τὸν
460 1351 550 1409 δοῦλον
566 1348 726 1431 ἀποφαίνων.

327 1438 486 1515 [Lucienus
501 1440 555 1496 vit.
572 1439 783 1498 Demonassae.
800 1440 861 1520 46.)
943 1444 949 1488 l

321 1547 359 1586 οε.
382 1529 488 1599 Δανάης
504 1528 534 1585 δέ
548 1525 696 1605 τινος’πρδς
712 1526 756 1586 τὸν
771 1528 881 1608 ἀδελφὸν
901 1528 975 1603 δίκην
989 1530 1066 1609 ἐχού-

282 1639 345 1688 σης,
357 1614 483 1696 Κρίθητι,
495 1618 559 1693 ἔφη,
573 1615 601 1673 οὖ
624 1613 676 1691 γθρ
694 1604 719 1671 εί
730 1615 823 1685 Δανάη
842 1619 859 1686 ἡ
874 1614 1003 1695 Ἀκρισίου
1018 1624 1064 1677 bu·

281 1703 377 1784 νέειν·

321 1790 477 1867 (Luciacus
491 1789 546 1849 rit.
565 1790 733 1848 Demonact.
749 1810 776 1848 c.
793 1790 852 1868 47.)

320 1898 358 1939 sa.
382 1876 560 1937 Μάλιστα-δὲ
584 1874 708 1951 ἐπολέμει
729 1877 781 1943 τοῖς
802 1878 832 1935 αθ
855 1878 918 1956 πρὸς
939 1879 1064 1951 ἀλήθειαν

281 1964 350 2025 ἀλλὰ
366 1965 430 2042 πρὸς
445 1962 566 2033 ἀπόδειξιν
579 1966 772 2046 φιλοσοφοῦσιν·
785 1964 831 2024 ἕνα
851 1970 912 2044 γοῦν
927 1965 989 2026 ἰδών
1008 1970 1063 2027 Κυ-

280 2055 352 2113 νικὸν
375 2052 491 2132 τρίόωνα
515 2054 562 2131 μὲν
586 2053 632 2111 καὶ
654 2054 742 2133 πήραν
765 2054 873 2135 ἔχοντα,
889 2056 948 2114 ἀντὶ
969 2056 997 2114 δὲ
1018 2060 1064 2126 τῆς

282 2138 427 2221 βακτηρίας
451 2140 555 2217 ῦπερον,
577 2139 623 2198 καὶ
646 2140 794 2220 κεκραγότα
816 2143 862 2201 καί
889 2140 999 2220 λέγοντα
1024 2144 1063 2200 ὅτι

281 2226 455 2294 Ἀντισθένους
469 2226 514 2285 καὶ
531 2226 670 2305 Κράτητος
685 2228 730 2287 καὶ
746 2228 881 2306 Διογένους
901 2230 959 2287 ἐστί
979 2222 1063 2301 ζηλω-

278 2315 343 2389 τάς,
357 2315 404 2387 Mai
418 2315 532 2396 ψεύδου,
547 2315 612 2397 ἔφη,
627 2316 658 2373 σὺ
671 2315 722 2395 γδρ
737 2316 876 2397 Ὑπερίδου
892 2316 1011 2394 μαθητὴς
1025 2318 1061 2377 ῶν

278 2403 424 2482 τυγχάνεις.
488 2440 491 2445 ·

319 2492 475 2568 (Lucienus
488 2493 545 2551 vit.
560 2492 729 2552 Demonact.
742 2515 767 2553 c.
781 2494 842 2570 48.)

319 2586 356 2640 οι.
378 2580 457 2640 Ἐπεὶ
471 2578 560 2657 μέντοι
574 2581 686 2648 πολλοὺς
700 2584 752 2639 τῶν
767 2583 887 2653 ἀθλητῶν
901 2580 970 2660 ἐώρα
982 2604 1061 2671 acuo·

278 2673 443 2749 μαχοῦντας,
460 2669 504 2728 καί
528 2667 604 2747 παρὰ
625 2668 669 2728 τὸν
691 2668 769 2746 νόμον
785 2669 830 2728 τὸν
850 2668 988 2745 ἐναγώνιον
1004 2672 1061 2729 ἀντί

276 2761 324 2817 τοῦ
337 2756 543 2838 παγκρατιάζειν
563 2757 721 2831 δάκνοντας,
733 2759 793 2818 Οὔκ
817 2758 976 2834 ἀπεικότως,
997 2757 1061 2839 ἔφη,

276 2844 336 2911 τοὺς
362 2849 407 2902 νῦν
431 2844 545 2917 ἀθλητάς
570 2848 593 2902 oi
616 2852 846 2925 παρομαρτοῦντες
872 2844 978 2911 λεόντας
1009 2868 1060 2903 κα-

277 2931 416 2992 laucan-

318 3017 726 3096 (Lucienusvit.1)emonact.
744 3041 769 3078 c.
787 3023 845 3096 49.)

315 3125 355 3165 as.
378 3104 492 3163 Ἀστεῖον
506 3105 534 3162 δὲ
547 3108 654 3164 κάκεῖνο
670 3107 748 3165 αὐτοῦ
763 3106 808 3164 καῖ
823 3104 945 3178 δηκτικὸν
959 3107 1015 3183 ἅμα
1031 3107 1060 3165 τὸ

275 3191 340 3272 πρὸς
352 3186 560 3251 τάν-ἀνθύπατον
575 3193 720 3272 εἰρημένον·
738 3187 770 3266 ἧν
786 3193 833 3268 μὲν
855 3195 906 3275 γίιρ
925 3198 977 3253 τῶν
1000 3218 1058 3253 πιτ-

817 429 1046 492 clllllmllllll
1068 428 1314 491 FRAGMENTA.

1112 561 1245 639 τουμίνων
1254 560 1287 620 τθι
1298 561 1377 632 σκέλη
1390 560 1435 620 κα)
1445 560 1474 619 τὸ
1488 563 1565 635 σῶμα
1578 559 1645 619 ὅλον·
1661 562 1778 623 Κυνικοῦ
1792 560 1827 619 δέ
1841 583 1908 627 τινος

1113 648 1156 707 ἐπὶ
1176 648 1246 709 λίθον
1269 648 1412 717 ἀναῦάντος
1435 650 1480 707 καὶ
1503 648 1567 707 αὐτὸ
1587 654 1662 707 τοῦτο
1686 655 1907 727 κατηγοροῦντες

1113 740 1191 797 αὐτοῦ
1209 736 1254 795 καὶ
1279 738 1313 801 εἷς
1334 736 1463 794 κιναιδίαν
1482 734 1681 805 διαθάλλοντος,
1707 736 1905 813 ἀγανακτήσας

1112 824 1156 883 καὶ
1181 829 1400 895 κατασπασθῆναι
1422 824 1466 883 τὸν
1495 824 1607 885 Κυνικὸν
1631 823 1759 891 κελεύσας
1791 825 1903 895 ἔμελλεν

1111 910 1128 983 ἢ
1148 911 1229 981 ξόλοις
1249 910 1425 993 Ευντρίψεινῆ
1445 911 1489 972 καί
1506 916 1574 992 φυγῇ
1595 910 1746 987 ζημιώσειν·
1765 914 1832 969 ἀλλ’
1846 914 1862 968 δ
1877 936 1903 989 γε

1111 1000 1243 1075 Δημῶναξ
1253 1000 1412 1079 παρατυχὼν
1422 1008 1565 1079 παρῃτεῖτο
1574 998 1731 1077 συγγνώμην
1739 999 1822 1079 ἔχειν
1834 1004 1903 1080 αὐτῷ

1111 1088 1181 1146 κατά
1194 1112 1253 1147 τινα
1266 1088 1377 1166 πάτριον
1389 1089 1443 1155 τοῖς
1455 1093 1578 1156 Κυνικοῖς
1599 1089 1751 1171 παρρησίαν
1770 1094 1902 1169 θρασυνο-

1112 1172 1192 1255 μένῳ,
1239 1174 1365 1243 Εἰπόντος
1391 1176 1418 1233 δὲ
1444 1183 1489 1236 τοῦ
1516 1176 1683 1255 ἀνθυπάτου,
1706 1180 1767 1237 Νῦν
1792 1178 1845 1253 μέν
1867 1203 1902 1236 σοι

1112 1262 1208 1341 ἀφίημι
1225 1263 1313 1338 αὐτόν,
1327 1262 1358 1321 ἀν
1374 1262 1401 1322 δὲ
1421 1262 1526 1343 ὕστερον
1543 1264 1658 1324 τοιοῦτόν
1672 1287 1699 1321 τι
1719 1266 1869 1343 τολμήσῃ,
1880 1268 1903 1323 τί

1110 1354 1202 1407 παθεῖν
1227 1350 1294 1418 ἄξιός
1308 1353 1379 1423 έστι;
1396 1350 1449 1413 Καί
1469 1354 1483 1409 ὁ
1503 1349 1652 1427 Δημῶναξ,
1669 1357 1902 1430 Δρωπακισθῆναι

1110 1434 1168 1495 τότε
1183 1436 1260 1495 αὐτὸν
1274 1438 1405 1500 κελευσον.

1151 1522 1306 1599 (Lucienus
1320 1528 1375 1586 vit.
1394 1528 1563 1587 Demonart.
1580 1548 1606 1586 c.
1624 1527 1682 1605 50.)

1149 1630 1184 1670 ta.
1208 1608 1294 1693 Ἄλλῳ
1307 1613 1334 1670 δέ
1349 1637 1398 1672 τινι
1413 1612 1596 1693 στρατοπέδων
1611 1615 1669 1689 ἅμα
1685 1614 1732 1673 καὶ
1745 1614 1844 1683 ἔθνους
1859 1621 1901 1675 τοῦ

1110 1698 1233 1778 μεγίστου
1252 1700 1300 1771 τὴν
1319 1701 1404 1781 ἀρχὴν
1424 1699 1623 1778 ἐμπιστευθέντι
1642 1708 1672 1765 ἐκ
1691 1705 1829 1781 βασιλέως
1850 1708 1903 1783 ἐρυ-

1110 1786 1193 1867 μένῳ,
1208 1792 1264 1855 πῶς
1280 1788 1376 1869 dpereat
1395 1790 1484 1871 ἀρξαι;
1499 1790 1651 1870 Ἀόργητος,
1671 1792 1736 1871 ἔφη,
1753 1794 1804 1851 καὶ
1827 1793 1902 1869 ὀλίγα

1110 1874 1157 1951 μὲν
1172 1877 1270 1947 λαλῶν,
1284 1876 1409 1938 πολλὰδὲ
1425 1876 1538 1939 ἀκούων.

1151 1964 1307 2041 (Luciacus
1322 1966 1373 2027 vit.
1391 1968 1557 2026 Demonact.
1572 1988 1599 2027 c.
1617 1967 1679 2042 δι.)

1148 2073 1185 2113 ει.
1210 2052 1357 2132 Ἐρομίνιρ,
1373 2052 1402 2112 δέ
1424 2078 1475 2113 τινι
1498 2056 1521 2113 et
1549 2054 1594 2113 καί
1622 2055 1700 2123 αιἰτδς
1726 2056 1903 2125 πλακοῦντας

1108 2138 1199 2216 ἐσθίοι,
1213 2140 1274 2199 Οἴει
1286 2132 1345 2213 οῦν,
1360 2141 1419 2219 ἔφη,
1429 2150 1482 2209 τοῖς
1496 2146 1592 2223 μωροῖς
1601 2140 1648 2209 τθις
1657 2142 1781 2219 μελίττας
1796 2146 1903 2204 τιθέναι

1107 2225 1140 2284 cl
1155 2225 1251 2304 κηρία)

1147 2314 1299 2391 (Lucienus
1315 2319 1367 2377 vit.
1383 2318 1551 2375 Demonao..
1565 2339 1589 2377 c.
1604 2318 1661 2393 52.)

1147 2424 1184 2462 ts.
1208 2403 1276 2483 Πρὸς
1291 2404 1318 2463 δέ
1333 2410 1365 2486 τῇ
1382 2406 1494 2481 Ποικίλη
1515 2404 1655 2485 ἀνδριάντα
1672 2403 1734 2463 ἰδὼν
1748 2404 1799 2475 τὴν
1817 2408 1900 2485 χεῖρα

1107 2492 1331 2570 ἀποκεκομμένον,
1348 2493 1393 2575 ἀψὲ
1407 2494 1456 2574 ἔφη
1478 2494 1627 2566 Ἀθηναίους
1642 2494 1722 2555 εἰκόνι
1735 2498 1830 2576 χαλκῇ
1855 2521 1902 2556 τε·

1106 2581 1244 2657 τιμηκέναι
1260 2582 1304 2641 τὸν
1322 2582 1505 2663 Κυναίγειροι.

1148 2667 1303 2743 (Lamianus
1319 2670 1371 2730 vit.
1388 2671 1557 2729 Demonact.
1570 2693 1595 2731 c.
1611 2672 1659 2731 53.
1678 2672 1720 2729 De
1738 2670 1899 2749 Cynaegiro

1106 2756 1174 2815 vide
1189 2756 1367 2815 Herodotum
1382 2756 1433 2815 lib.
1447 2756 1484 2814 Vl
1497 2778 1558 2836 cap.
1576 2760 1655 2833 ιι4.)

1146 2862 1183 2903 tt.
1208 2842 1261 2901 Καὶ
1274 2854 1279 2863 “
1285 2842 1338 2919 μὴν
1361 2844 1405 2903 καὶ
1423 2844 1557 2926 Ῥουφῖνον
1573 2844 1616 2903 τὸν
1633 2846 1752 2925 Κύπριον
1770 2848 1854 2923 (λέγω
1870 2848 1896 2905 δὲ

1105 2930 1148 2990 τδν
1163 2930 1248 3010 χωλὸν
1262 2930 1306 2990 τόν
1325 2933 1354 2991 ἐκ
1369 2937 1414 2992 τοῦ
1429 2932 1582 3015 περιπάτου)
1598 2933 1660 2992 ἰδών
1684 2932 1729 2993 ἐπὶ
1753 2934 1827 2992 πολὺ
1845 2940 1898 3002 τοῖς

1105 3021 1258 3100 περιπάτοις
1270 3021 1475 3101 ἀνδιατρίῦοντα,
1485 3024 1567 3082 Οὐδέν
1579 3027 1658 3096 ἐστιν,
1670 3023 1738 3101 ἔφη,
1753 3027 1898 3104 ἀναισχυν-

1105 3106 1208 3186 τότερον
1224 3109 1311 3186 χωλοῦ
1327 3112 1551 3187 Περιπατητικοῦ.

1146 3194 1301 3271 (Lucienus
1314 3197 1365 3254 uit.
1382 3198 1548 3257 Demonact.
1566 3220 1593 3258 c.
1611 3197 1667 3275 54.)

172 3724 174 3730 .
276 3677 414 3726 momordit.

307 3418 346 3463 50.
364 3416 445 3471 Quum
471 3413 496 3460 in
521 3411 631 3462 cruribus
654 3412 706 3472 eius
728 3413 937 3464 animadvertisset
956 3415 1057 3478 aliquis,
1104 3429 1172 3464 crura
1193 3417 1319 3477 totumque
1338 3429 1434 3476 corpsus.
1466 3419 1548 3473 Quum
1567 3418 1649 3466 autem
1668 3419 1779 3479 cynicus
1793 3419 1897 3481 quidam

276 3500 357 3566 qualis
376 3499 475 3551 senibus
496 3500 546 3551 lere
564 3500 691 3562 accidunt,
703 3501 870 3562 interrogauit,
883 3502 947 3559 Quid
960 3503 1006 3552 boc
1025 3505 1059 3553 rei
1104 3503 1182 3566 lapide
1194 3511 1326 3552 conscenso
1340 3503 1365 3552 in
1380 3503 1425 3552 lrac
1439 3503 1489 3566 ipsa
1504 3516 1530 3553 re
1546 3503 1612 3553 illum
1623 3505 1898 3571 reprehenderetatque

274 3594 329 3650 est,
342 3591 487 3639 nemorale
518 3588 560 3639 llic
572 3601 629 3639 sero
641 3588 781 3651 subridens,
795 3590 905 3651 clencan,
917 3591 1008 3654 inquil,
1020 3605 1061 3643 me
1104 3590 1260 3652 impudicitia
1278 3589 1441 3652 insimularet,
1463 3590 1599 3653 indignatus
1616 3593 1750 3642 Proconsol
1767 3595 1897 3656 cynicum

879 3665 883 3674 '
1103 3677 1196 3727 detrahi
1215 3678 1303 3740 jussit,
1316 3690 1387 3740 quaem
1401 3683 1441 3726 aul
1456 3677 1559 3726 tualibus
1577 3683 1724 3729 coulusurus
1743 3683 1790 3731 aut
1809 3683 1898 3732 exsilio

309 3767 347 3813 51.
364 3767 442 3826 Atque
454 3765 526 3814 etiam
539 3764 749 3815 Lacedaemonium
762 3765 864 3816 intuitus
876 3779 973 3816 servum
985 3779 1058 3817 suum
1105 3765 1320 3815 naultaturuscral.
1352 3769 1444 3815 verum
1454 3769 1576 3816 Demonax
1592 3766 1652 3816 torte
1662 3767 1828 3818 interveniens
1838 3783 1897 3819 enm

277 3849 357 3912 Διατῖα
370 3851 511 3915 mentem,
521 3853 616 3914 Desine,
628 3852 715 3916 inqcrit,
728 3867 825 3905 serrum
838 3855 908 3904 tuum
921 3854 1058 3904 conditione
1104 3853 1210 3914 rugabat,
1222 3858 1249 3902 nt
1263 3853 1353 3903 bomini
1365 3853 1504 3915 ignosceret,
1518 3853 1558 3915 qui
1573 3867 1617 3915 pro
1632 3855 1723 3904 solenni
1738 3857 1896 3917 cynicorum

276 3937 321 3988 tibl
333 3951 413 4001 parem
427 3939 531 3990 ellicere.
1103 3939 1212 3991 libertate
1229 3941 1342 3990 audacter
1357 3940 1465 3989 dixisset.
1499 3940 1666 4002 llespoudcnte
1679 3943 1763 3992 aulem
1785 3947 1897 3995 Procon-

307 4031 346 4076 52.
365 4029 446 4084 Quum
469 4030 549 4078 Danae
566 4028 676 4090 quodam
696 4029 762 4078 litem
778 4028 875 4079 baberet
889 4042 945 4079 cum
964 4030 1054 4088 tratre,
1103 4029 1165 4088 sule,
1177 4031 1246 4078 llunc
1256 4028 1353 4090 quidem
1366 4027 1409 4077 tibi
1421 4028 1493 4076 istum
1505 4027 1615 4076 condono
1625 4043 1631 4076 ε
1641 4027 1684 4077 sed
1695 4031 1717 4078 si
1727 4031 1836 4092 posticae
1850 4034 1897 4083 tale

276 4113 378 4176 Legibus
401 4113 524 4176 discepto,
539 4115 633 4178 inquit,
656 4128 705 4165 non
729 4116 794 4165 enim
817 4120 947 4167 cananae
970 4116 1056 4166 Acrisii
1103 4115 1162 4179 quid
1176 4115 1394 4178 ausustnerit,epua
1407 4107 1479 4177 pani
1495 4115 1580 4177 diguus
1593 4115 1729 4166 eritllum
1742 4119 1897 4170 Demonax:

276 4200 334 4250 nlla.
1103 4203 1174 4252 lllum
1187 4201 1272 4263 jubeto
1283 4201 1386 4265 dropace
1397 4202 1479 4252 oblini.

305 4293 345 4338 53.
360 4291 392 4342 ln
410 4289 493 4352 primis
511 4301 569 4339 vcro
587 4289 743 4352 impugnabat
754 4304 796 4341 eos
816 4291 859 4354 qui
879 4305 927 4341 uon
946 4304 972 4342 rc
985 4303 1055 4354 vera,
1135 4297 1173 4340 5ο.
1192 4289 1236 4340 Alii
1249 4295 1347 4352 autern,
1363 4291 1403 4353 qul
1417 4303 1432 4339 a
1447 4304 1501 4352 rege
1515 4291 1586 4341 simul
1601 4291 1715 4340 militibus
1737 4293 1764 4342 et
1777 4295 1899 4344 maximn-

274 4375 361 4425 ssdad
378 4377 563 4427 ostentationem
584 4376 819 4442 pbilosoplrarentnr.
852 4383 932 4438 Quare
942 4379 995 4428 uiso
1007 4357 1056 4442 cy'·
1105 4379 1169 4440 geull
1183 4377 1325 4440 propositus
1337 4382 1396 4436 erat,
1412 4377 1528 4440 quaerenti
1543 4389 1591 4440 qua
1602 4377 1696 4426 ratione
1707 4379 1803 4439 optime
1813 4393 1898 4442 smpe-

273 4463 329 4514 niro
348 4463 391 4527 qui
408 4465 505 4527 pallium
525 4466 608 4516 tritdrn
625 4471 650 4517 et
668 4479 748 4529 peram
769 4466 886 4528 babebat,
908 4481 951 4530 pro
972 4467 1057 4516 baculo
1103 4478 1156 4516 racc
1169 4471 1260 4527 posset,
1275 4465 1300 4515 Si
1313 4477 1362 4515 nou
1382 4476 1537 4522 succenseas,
1553 4463 1680 4526 inquitet
1697 4477 1777 4526 pauca
1792 4467 1898 4529 quidrnr

274 4559 332 4598 vero
346 4549 474 4613 pistillum,
486 4563 516 4600 ac
529 4551 701 4602 vociferabatur
709 4553 852 4618 dicebatque
870 4567 897 4606 se
908 4554 1057 4606 Antisthenis
1102 4552 1225 4615 loquaris,
1239 4553 1314 4602 multa
1325 4564 1382 4602 uero
1393 4551 1484 4600 audias.

275 4637 300 4686 ct
311 4637 414 4687 Cratetis
423 4641 448 4689 et
457 4636 571 4700 Diogenis
582 4653 635 4689 esse
646 4638 773 4704 aemulum,
781 4645 816 4692 lie
828 4643 958 4703 mentiaris,
966 4643 1056 4707 inqrait;
1135 4645 1173 4691 57.
1190 4639 1324 4690 sciscitanti
1346 4639 1453 4700 cuidam,
1468 4651 1527 4688 uum
1546 4640 1571 4688 et
1589 4638 1640 4701 ipsc
1663 4639 1783 4700 placentis
1807 4653 1900 4692 recca·

274 4725 302 4773 tu
315 4725 379 4774 enim
396 4726 524 4788 Hyperidis
535 4727 668 4791 discipulus
678 4742 713 4780 es.
1104 4731 1176 4789 retur,
1192 4731 1255 4779 llum
1270 4728 1406 4787 existimas,
1420 4727 1514 4789 inquit,
1527 4738 1585 4788 apes
1600 4725 1670 4775 latuis
1681 4739 1740 4776 suros
1752 4727 1825 4778 turos
1846 4731 1897 4780 sau·

307 4813 346 4861 ct.
363 4812 409 4862 Sed
432 4826 507 4876 quum
530 4815 621 4865 mullos
638 4816 782 4867 athletarum
804 4817 990 4868 uiderctdolose
1011 4831 1055 4880 pu·
1103 4819 1176 4878 gere?

274 4903 388 4959 grantes,
402 4913 430 4949 ac
449 4905 536 4964 prseter
556 4904 693 4954 certaminis
708 4904 785 4968 legem
805 4919 855 4955 uon
876 4906 999 4968 pancratio
1015 4905 1056 4954 sed
1135 4906 1172 4952 58.
1190 4902 1347 4962 conspicatus
1357 4900 1381 4951 in
1396 4901 1487 4962 porticu
1499 4912 1554 4963 qum
1568 4900 1656 4949 recila
1668 4903 1769 4950 uocatur
1783 4905 1899 4957 suturam

275 4998 357 5036 ιιιοιιυ
369 4987 596 5054 decertantes,llon
608 4991 933 5056 immerito,inquit,noslri
942 4992 1058 5056 temporis
1103 4993 1196 5044 abscisa
1208 5006 1279 5042 manu
1295 4995 1417 5054 truncam,
1430 5004 1484 5040 sero
1496 4990 1727 5041 dixitAtlaeuicnses
1741 5003 1813 5042 aenea
1832 4993 1900 5071 ima-

275 5071 377 5124 athletas
389 5077 530 5129 comitantes
541 5078 601 5129 socii
612 5079 694 5131 leones
705 5081 832 5144 appellant.
1103 5081 1157 5143 gine
1166 5079 1316 5143 cyougnurn
1329 5080 1463 5136 honorasse.

307 5163 347 5208 55.
364 5163 487 5215 Urbanum
506 5179 603 5229 quoqne
622 5181 651 5218 ac
664 5169 736 5219 simul
750 5169 849 5219 mordas
866 5168 925 5219 illud
939 5174 975 5218 est
991 5168 1059 5231 quod
1135 5175 1174 5220 59.
1192 5167 1338 5226 Quinetiam
1348 5179 1422 5228 quum
1436 5165 1549 5214 liulinum
1561 5163 1809 5227 cypriumclaudom
1819 5165 1900 5219 illunc

277 5245 413 5297 t'rocunsuli
428 5250 497 5300 dizit.
531 5255 587 5303 Erat
598 5253 663 5304 enim
675 5267 703 5305 cx
716 5255 745 5306 ils
756 5255 844 5319 quibua
854 5255 906 5318 pice
919 5254 993 5305 oblita
1002 5256 1059 5304 sunt
1104 5254 1157 5304 dica
1170 5254 1361 5318 Peripateticum,
1375 5251 1473 5302 vidisset
1484 5251 1525 5301 diu
1537 5249 1758 5314 philosophantium
1778 5251 1900 5306 ambula-
