3959 5925
700 378 750 440 Dli
773 384 923 443 GORGIA
948 386 1152 445 lAEONTlNO.

118 520 237 576 vixisse
267 518 445 593 aliquamdiu
477 517 586 574 'l'isiam
619 516 649 572 in
684 517 903 574 Atheniensium

116 605 215 674 urbe,
233 624 292 661 non
316 606 383 661 licet
415 603 561 672 dubitare,
588 604 697 680 quippe
720 605 770 679 qui
793 605 903 662 Socrati

120 706 303 769 aequeuotus
321 693 408 750 luerit
422 712 455 749 ae
465 691 589 766 Gorgias
612 694 680 768 (19).
696 693 814 750 Accedit
826 694 903 769 quod

121 781 281 849 Isocrates,
299 798 385 856 quern
404 798 550 855 nunquam
564 782 595 836 in
608 779 737 836 Siciliam
753 781 903 853 navigasse

121 880 255 937 constat,
277 888 336 925 non
359 868 454 944 potuit
470 869 528 925 nisi
548 870 578 924 in
593 868 707 924 Graecia
727 867 815 924 Tisite
830 888 903 945 pree·

122 959 219 1031 ceptis
231 955 336 1015 imbui.
380 955 504 1029 Gorgias
516 976 594 1012 novo
606 968 634 1012 et
646 956 775 1013 inaudito
787 956 903 1014 dicendi

122 1062 234 1115 genere
254 1044 473 1122 Atheniensium
492 1044 603 1099 animos
617 1043 691 1100 bene
706 1063 722 1099 a
735 1056 837 1100 natura
858 1046 902 1101 in·

125 1133 271 1189 formatos
281 1132 498 1207 litterarumque
509 1132 630 1208 cupidos
643 1132 683 1187 ita
696 1132 901 1207 permulcebat,

123 1231 159 1275 ut
174 1219 212 1275 ab
226 1218 359 1275 omuibus
371 1218 496 1276 libenter
506 1232 561 1275 taut
573 1220 604 1276 iu
616 1218 805 1276 concionibus
817 1240 902 1296 quarn

124 1308 160 1362 in
177 1306 283 1364 scholis
296 1307 358 1375 rel,
371 1304 421 1363 ubi
433 1307 553 1363 liberior
565 1325 660 1362 sermo
673 1320 731 1377 est,
744 1306 774 1362 iu
787 1308 903 1373 circulis

122 1394 287 1451 audiretur.
331 1393 438 1451 Ornate
457 1406 550 1452 autern
565 1395 597 1449 in
616 1394 695 1449 omni
710 1412 843 1450 sermone
861 1394 903 1451 lo·

121 1500 218 1555 quens
233 1481 404 1539 clarissimis
417 1480 572 1538 verborum
583 1480 744 1561 luminibus
758 1481 901 1552 utebatur.

121 1568 234 1645 Nempe
248 1569 279 1625 in
294 1568 497 1625 concinnitatis
511 1568 723 1624 consectatione
739 1568 901 1643 principem

120 1676 189 1712 eum
212 1656 302 1713 luisse
316 1655 495 1732 accepimus,
512 1656 655 1731 siquidem
677 1655 759 1731 paria
783 1654 903 1730 paribus

121 1743 261 1819 adjuncta
299 1744 427 1819 itemque
452 1744 607 1799 contrariis
642 1743 730 1799 relata
760 1745 904 1800 contraria

122 1833 239 1906 primus
258 1831 386 1900 invenit,
400 1829 450 1887 sed
464 1830 501 1887 iis
514 1848 589 1887 usus
604 1843 645 1886 est
669 1832 904 1905 intemperantius

124 1918 200 1993 (eol.
216 1918 313 1987 Ortum
326 1917 414 1991 igitur
426 1916 509 1973 multi
522 1916 716 1973 adolescentes
728 1916 792 1991 ejus
804 1916 903 1993 dispu-

123 2004 287 2062 tationibus
322 2005 512 2074 interessent,
535 2017 632 2062 exacta
661 2003 697 2060 ab
723 2002 904 2060 auditoribus

124 2092 195 2149 satis
219 2111 324 2166 magna
348 2094 480 2150 mercede
505 2092 649 2171 (centenas
677 2096 752 2149 euim
777 2094 903 2149 minasa

124 2179 253 2253 singulis
281 2180 451 2256 accipiebat)
479 2180 672 2254 amplissimas
703 2180 819 2237 divitias
847 2179 903 2237 sibi

126 2268 253 2341 pararit.
296 2270 333 2322 At
360 2267 411 2322 vix
440 2265 581 2323 credibile
611 2265 737 2337 videtur,
765 2265 815 2322 diu
844 2279 903 2321 turn

127 2352 250 2409 Athenis
271 2353 410 2409 mansisse
434 2352 603 2429 sophistam.
653 2352 723 2407 Nam
750 2365 902 2428 postquam

1628 406 1723 447 Lxxxt

950 520 1106 595 quidquam
1133 518 1218 575 hahet
1244 516 1442 577 dubitationis.
1488 519 1626 577 Poninms
1654 541 1724 577 rcro

949 607 1156 684 philosophum
1181 606 1353 664 Leontinum
1382 608 1434 663 illo
1471 620 1599 683 tempore
1633 627 1724 683 prope
1785 678 1787 681 Ι

947 689 1195 770 septuagenarium
1223 694 1321 753 luisse.
1363 694 1516 769 lleliquam
1543 695 1606 769 ejus
1633 695 1723 750 vitam

948 783 1075 857 exceptis
1090 782 1263 858 quibusdam
1278 784 1406 849 eventis,
1419 802 1543 856 quorum
1562 795 1692 857 tempora
1706 804 1723 839 a

948 870 1094 928 veteribus
1110 884 1205 927 notata
1223 892 1281 927 uon
1298 885 1379 941 sunt,
1397 872 1482 927 uobis
1510 872 1635 945 ignotam
1661 889 1723 926 esse

948 959 1086 1019 dolemus.
1142 960 1218 1016 lllud
1243 972 1352 1017 tanturn
1378 980 1393 1016 e
1419 961 1510 1015 variis
1536 959 1720 1033 antiquorum

948 1048 1120 1123 scriptorum
1159 1048 1373 1104 narrationibus
1413 1048 1546 1113 edicitur,
1583 1045 1721 1117 Gorgiam

949 1149 1045 1209 postea
1058 1135 1142 1191 modo
1151 1124 1291 1191 Graeciam
1305 1154 1472 1211 peragrasse
1483 1134 1569 1189 modo
1580 1133 1608 1188 iu
1622 1132 1723 1189 Sicilia

948 1236 1091 1279 versatum
1107 1241 1180 1281 esse.
1223 1222 1344 1289 Quoties
1365 1235 1459 1277 autem
1477 1221 1596 1277 Athenis
1616 1221 1721 1281 scierit.
1757 1212 1780 1273 f

948 1310 1087 1366 incertum
1103 1322 1156 1365 est.
1199 1309 1289 1385 Ajunt
1306 1328 1370 1365 euru
1386 1309 1512 1384 primum
1534 1306 1643 1363 Thebis
1666 1307 1721 1383 ty-

947 1396 1037 1454 sideni
1060 1396 1271 1473 Pythagoreum
1294 1396 1465 1453 convenisse
1486 1394 1572 1469 idque
1591 1414 1722 1451 narrasse.

948 1486 1072 1559 Arceso,
1086 1504 1173 1560 quum
1188 1484 1328 1541 eGraecia
1341 1485 1371 1540 in
1393 1484 1521 1539 Siciliam
1543 1483 1723 1555 renavigaret

942 1573 1019 1648 ’(αα).
1038 1572 1116 1627 lianc
1140 1584 1233 1627 autern
1259 1590 1317 1627 rem
1346 1570 1435 1627 multo
1460 1582 1527 1643 post
1550 1570 1720 1643 legationem

948 1660 1025 1715 illam
1042 1659 1182 1715 accidisse
1196 1670 1280 1734 atque
1292 1657 1327 1715 ad
1342 1658 1420 1717 aliud
1436 1659 1501 1725 iter,
1513 1658 1647 1734 privatim
1662 1677 1720 1714 nou

947 1746 1061 1822 publice
1075 1747 1191 1815 sactitm,
1205 1747 1450 1822 pertinere,sign0
1466 1760 1532 1802 suut
1543 1746 1617 1801 baud
1631 1766 1722 1821 {rauca

947 1852 1012 1907 quae
1037 1832 1084 1889 hic
1112 1852 1338 1890 commemorare
1364 1853 1421 1889 nou
1452 1834 1561 1889 attinet.
1612 1833 1722 1891 Deinde

948 1921 1018 1977 satis
1049 1921 1165 1995 longum
1201 1921 1339 1995 temporis
1363 1920 1488 1997 spatium
1517 1921 1546 1975 in
1572 1918 1722 1978 Thessalia

948 2008 1106 2081 transegit,
1122 2007 1193 2064 adeo
1206 2020 1237 2062 ut
1251 2006 1382 2064 Thessali
1397 2007 1446 2082 qni
1465 2008 1546 2083 prius
1560 2006 1621 2063 sola
1641 2009 1722 2083 equi-

947 2095 1026 2151 tandi
1046 2097 1151 2172 peritia
1170 2108 1198 2151 et
1221 2095 1369 2171 opulentia
1384 2096 1493 2151 caeteris
1515 2094 1719 2171 praestiterant,

947 2182 1010 2256 ejus
1027 2196 1054 2239 et
1077 2182 1254 2240 humanitate
1276 2195 1304 2238 et
1319 2183 1450 2239 doctrina
1468 2185 1543 2258 capti
1563 2202 1621 2238 nou
1637 2184 1722 2238 modo

948 2270 982 2325 ad
994 2270 1206 2346 philosophiam
1221 2289 1252 2327 se
1264 2270 1435 2340 conferrent,
1447 2270 1495 2326 sed
1507 2270 1593 2325 etiam
1606 2268 1721 2327 dicendi

947 2358 1002 2413 arti
1031 2377 1146 2433 operam
1169 2357 1269 2413 darent
1310 2354 1380 2433 (23).
1403 2356 1436 2411 ln
1457 2354 1607 2411 Thessalia
1625 2374 1721 2413 senem

127 2438 352 2496 Atheniensibus
387 2439 529 2515 persuasit
557 2451 589 2494 ut
616 2440 771 2497 Leontinos
794 2440 904 2496 auxilio
944 2444 1003 2517 jam
1029 2445 1165 2517 Gorgiam
1187 2443 1223 2500 ah
1244 2444 1423 2501 adolescente
1445 2442 1570 2500 lsocrate
1591 2444 1720 2501 auditum

123 2525 264 2599 juvarent
287 2525 443 2601 copiasque
467 2526 498 2581 in
523 2525 651 2582 Siciliam
677 2527 839 2596 mitterent,
859 2547 903 2583 re-

125 2632 242 2671 versum
261 2616 294 2670 iu
311 2613 433 2689 patriam
459 2632 520 2670 esse
538 2613 675 2687 Gorgiam
699 2614 843 2670 Diodorus
864 2625 904 2668 te·

126 2700 267 2758 stificatur
309 2702 379 2775 (ar).
394 2700 462 2758 llaec
481 2700 570 2773 igitur
582 2700 687 2773 legatio
702 2713 777 2756 certa
792 2713 834 2756 est
853 2718 903 2756 nec

123 2857 180 2902 σθεν
199 2855 269 2903 αὐτὸν
288 2857 301 2903 δ
318 2854 403 2902 Ἰάσων
418 2856 553 2911 ἐποιήσατο.
567 2885 596 2894 -
611 2856 660 2916 (ts)
673 2856 709 2903 Cl.
724 2856 783 2903 etat.
805 2855 899 2903 l‘lttedr.
949 2882 954 2891 ·

125 2939 148 2986 μ.
164 2929 220 2975 tbi.
230 2926 320 2987 -ltol
333 2926 400 2974 Plato
421 2925 494 2986 Hipp.
512 2926 567 2986 maj.
588 2938 611 2986 p.
626 2931 669 2974 282
684 2944 690 2974 :
703 2925 798 2988 Γοργίας
816 2942 840 2972 τε
859 2928 903 2985 γὰρ
924 2943 927 2964 ι

124 2997 195 3050 οὗτος
207 2998 221 3043 θ
234 3001 355 3051 Λεοντῖνος
371 2999 480 3057 σοφιστὴς
496 2997 564 3057 δεῦρο
581 2996 674 3055 ἀφίκετο
694 2997 796 3057 δημοσίᾳ
814 2998 902 3043 οἷκοθεν
924 2984 927 3053 l
947 2969 1053 3026 ‘imum

125 3068 273 3128 πρεσδεύων,
288 3071 319 3120 ῶς
329 3068 469 3122 ἱκανώτατος
480 3069 512 3114 ῶν
523 3067 650 3114 Λεοντίνων
664 3067 694 3113 τὰ
708 3068 774 3112 κοινὰ
788 3068 902 3126 πράττειν,

125 3137 166 3182 καί
180 3135 204 3182 ἐν
220 3151 247 3182 τε
263 3140 298 3195 τῷ
315 3134 383 3196 δήμῳ
403 3136 477 3189 ἔδοξεν
495 3137 578 3195 ἄριστα
591 3137 663 3183 εἰπεῖν
677 3137 717 3182 καὶ
728 3136 774 3194 ἰδίᾳ
787 3137 902 3190 ἐπιδείξεις

124 3206 263 3267 ποιούμενος
272 3207 312 3253 κα1
320 3210 395 3254 συνών
405 3212 454 3261 τοῖς
463 3207 521 3261 νέοις
531 3207 638 3268 χρήματα
647 3207 720 3253 πολλὰ
730 3204 853 3265 εἰργάσατο
862 3209 900 3253 καί

126 3277 208 3325 ἐλαδεν
222 3279 249 3325 ἐκ
261 3278 332 3334 τῆσδε
345 3283 385 3332 τῆς
398 3277 495 3332 πόλεως.
509 3277 636 3336 Dionysius
650 3275 807 3323 halicarnass.
821 3274 900 3322 ludic.

126 3345 158 3394 tle
171 3347 226 3406 bys.
238 3359 261 3395 e.
271 3350 295 3406 3,
304 3347 351 3393 rol.
361 3349 383 3394 V
394 3361 417 3407 p.
431 3350 476 3394 158
491 3345 529 3393 ed.
543 3344 637 3392 lleislt.:
648 3345 713 3399 δηλοῖ
724 3344 748 3389 δὲ
764 3347 832 3389 τοῦτο
850 3346 901 3402 Γορ-

125 3413 180 3475 γίας
192 3431 218 3462 τε
231 3416 244 3462 δ
258 3420 392 3473 Λεοντῖνος,
403 3417 426 3462 ἐν
438 3417 531 3469 πολλοῖς
541 3416 603 3462 πάνυ
616 3414 724 3474 φορτικήν
738 3428 763 3458 τε
779 3415 818 3458 καὶ
832 3415 902 3473 direp-

127 3501 201 3544 ογκον
221 3491 294 3532 ποιῶν
312 3487 354 3540 τὴν
376 3485 532 3542 κατασκευήν,
546 3486 585 3530 καὶ
606 3484 633 3530 οὐ
655 3484 733 3547 πόρρω
757 3482 901 3541 διθυρόμδων

128 3555 181 3601 ἔνια
193 3555 356 3616 φθεγγόμενος,
365 3557 406 3602 καὶ
416 3560 462 3603 τῶν
473 3555 562 3602 ἐκείνου
575 3558 751 3601 συνουσιαστῶν
763 3556 785 3600 οἱ
797 3555 847 3611 περὶ
861 3560 902 3600 Λι·

131 3623 231 3684 κύμνιόν
241 3627 313 3672 τεκαὶ
328 3627 420 3673 Πῶλον.
430 3626 524 3685 Ἥψατο
537 3625 560 3671 δὲ
572 3626 612 3671 καὶ
626 3628 672 3670 τῶν
686 3622 791 3681 Ἀθήνησι
802 3624 903 3684 ῥητόρων

128 3696 144 3748 ἡ
164 3694 275 3748 ποιητική
288 3709 312 3740 τε
331 3695 371 3741 καὶ
391 3695 489 3751 τροπικὴ
507 3693 601 3754 φράσις,
613 3695 643 3743 ὡς
665 3692 704 3750 μὲν
719 3690 815 3752 Τίμαιός
833 3708 901 3749 φησι,

128 3763 228 3823 Γοργίου
247 3763 370 3826 ἄρξαντος,
389 3763 459 3821 ἡνίκα
477 3765 581 3820 ’Λθήναζε
600 3762 733 3824 πρεσὸεύων
746 3763 903 3816 κατεπλήξατο

127 3833 182 3887 τοὺς
193 3833 318 3898 ἀκούοντας
327 3835 351 3882 ἐν
362 3840 391 3896 τῇ
401 3833 532 3895 δημηγορίᾳ
546 3835 595 3879 κτλ.
611 3832 681 3879 conl.
697 3832 780 3889 fragm.
794 3839 808 3878 5
822 3836 846 3877 et
862 3830 902 3877 Ci-

128 3915 183 3950 cero
191 3904 260 3950 Orat.
269 3914 322 3964 cap.
332 3902 657 3962 52.-(tt)1tonaudiendus
667 3900 781 3960 igiturest
790 3899 903 3959 interpres

129 3972 285 4029 llennofleuie
296 3973 361 4033 apud
372 3973 522 4021 Matthiaeum
537 3972 567 4019 ad
580 3972 677 4030 Dionys.
686 3972 744 4019 lud.
756 3974 808 4030 hys.
824 3985 846 4031 p.
858 3975 902 4034 ast}

128 4041 246 4101 scribetis,
261 4041 418 4091 Athenienses
429 4056 504 4103 quum
523 4043 654 4090 exereitum
675 4041 796 4089 Leontinis
814 4041 903 4089 auxilio

130 4111 264 4171 misissent,
284 4113 396 4172 Gorgiam
411 4114 510 4162 Athenis
525 4112 657 4161 retinuisse.
671 4115 733 4159 Sunt
751 4115 830 4159 utitem
852 4111 903 4157 hac

127 4179 193 4228 illins
206 4173 280 4229 verbe
294 4197 301 4228 :
316 4182 412 4244 Γοργίας
433 4185 458 4230 δέ
476 4199 510 4236 τις
532 4187 651 4237 Λεοντῖνος
672 4181 791 4240 (Λεοντίνη
809 4179 833 4225 δέ
854 4179 902 4224 ἐστι

127 4251 193 4306 πόλις
204 4257 245 4308 τῆς
254 4252 369 4310 Σικελίας)
384 4255 506 4314 μαθητεύει
518 4257 551 4314 τῷ
565 4253 649 4312 Τισίᾳ,
660 4253 699 4298 καί
714 4252 770 4311 μετὰ
781 4250 808 4296 τὸ
824 4251 902 4308 μαθεῖν

128 4323 265 4384 ὑποστρέφει
275 4323 364 4370 οἶκαδε.
378 4324 488 4382 Είπωμεν
500 4323 524 4370 δὲ
539 4323 579 4369 καί
594 4327 644 4375 πῶς
654 4322 677 4367 ἐν
689 4321 789 4375 Ἀθήναις
798 4319 902 4374 ἤκμασεν
923 4312 927 4396 Ι

127 4395 144 4448 ἡ
158 4391 277 4452 ῥητορική.
291 4393 418 4454 Γενομένου
428 4393 529 4452 πολέμου
543 4391 628 4449 μεταξὺ
640 4388 768 4437 Λεοντίνων
777 4390 816 4434 καὶ
828 4388 902 4433 ἄλλων

129 4461 272 4522 ἐπιχωρίων,
282 4462 409 4519 ἐδεήθησαν
423 4466 446 4510 οἱ
460 4466 577 4510 Λεοντῖνοι
589 4458 723 4520 συμμαχίας
741 4457 768 4504 ἐκ
779 4463 825 4504 τῶν
837 4458 901 4513 hin·

128 4531 210 4579 ναίων.
222 4532 307 4589 Karidai
319 4533 465 4594 βουλεύονται
473 4546 483 4591 ,·
494 4533 545 4579 τίνα
556 4532 643 4589 ὤφελον
658 4530 746 4575 στεῖλαι
759 4528 837 4574 ἱκανόν
847 4530 902 4588 πρὸς

129 4601 226 4662 αὐτούς,
241 4603 282 4650 καλ
299 4603 417 4664 πέμπουσι
436 4604 474 4650 τὸν
491 4602 586 4663 Γοργίαν
601 4602 656 4660 πρὸς
666 4598 809 4655 Ἀθηναίους,
821 4601 853 4650 ῶς
871 4599 903 4644 εί-

128 4671 187 4719 tera
199 4672 227 4719 τδ
240 4670 335 4719 πείθειν.
350 4670 471 4725 Ἐλθόντος
484 4672 508 4718 δὲ
521 4674 562 4717 τοῦ
575 4671 592 4717 Γ
592 4668 670 4730 οργίου
688 4668 719 4720 είς
730 4664 899 4722 11θήνκς,ἑπε-

128 4739 218 4794 δείξατο
228 4740 277 4788 ἐκεῖ
290 4740 366 4801 λόγον,
380 4743 419 4788 καί
438 4741 576 4801 εὐδοκίμησε
595 4739 656 4786 πάνυ
662 4774 670 4796 ,
681 4738 742 4783 ῶστε
761 4737 830 4792 ἡνίκα
848 4735 900 4782 ἐπε-

129 4810 218 4865 δείξατο
226 4810 294 4869 λόγον
303 4812 430 4873 θΓοργίας,
437 4813 515 4872 ἑορτὴν
524 4812 639 4873 ἄπρακτον
650 4807 741 4855 ἐποίουν
749 4808 770 4852 ολ
780 4806 901 4863 Ἀθηναῖοι,

129 4880 169 4925 καὶ
188 4879 308 4939 λαμπάδας
330 4880 383 4935 τοὺς
399 4882 480 4938 λόγους
492 4882 571 4938 ιαὑτοῦ
590 4877 723 4936 ὠνόμασαν.
740 4877 859 4935 Κατεσχον
878 4876 903 4922 δε

128 4949 200 4996 αὐτόν
212 4951 235 4996 ἐν
250 4952 365 5009 Ἀθήναις,
374 4952 416 5007 τὴν
425 4950 559 5012 συμμαχίαν
567 4951 698 5009 πέμψαντες
711 4948 733 4992 ἐν
742 4951 770 5003 τῇ
781 4944 900 5003 Λεσντίνη.

128 5019 190 5066 Κατ’
198 5018 285 5068 ἐκεῖνον
299 5021 324 5069 δὲ
338 5024 419 5083 καιρόν
437 5024 516 5068 πολλοὶ
528 5027 574 5067 τῶν
585 5017 709 5074 Ἀθηναίων
724 5022 770 5063 τῶν
787 5017 823 5062 ἐπὶ
837 5016 900 5074 φιλο-

129 5088 202 5149 σοφίᾳ
213 5090 387 5152 διαπρεψοίντων
399 5090 585 5146 ἐαίσαντεςαδιην
599 5089 640 5142 τὴν
652 5087 795 5148 φιλοσοφίαν,
804 5087 844 5141 τὴν
859 5086 901 5145 ῥη-

127 5161 221 5219 τορικὴν
233 5160 389 5210 ἐπαιδεύοντο.
400 5160 485 5222 Διόπερ
499 5162 553 5222 φασὶ
565 5161 604 5208 καὶΙ
615 5157 729 5205 Πλάτωνα
739 5157 901 5216 dicticinii-rra

254 5271 345 5306 l'llllAlS.
362 5269 433 5304 ίίΙίιΓΓ.
448 5271 471 5304 ll.

947 2551 1009 2588 esse
1019 2532 1148 2607 locuples
1158 2545 1256 2587 auctor
1267 2531 1370 2587 Cicero
1381 2530 1439 2606 (at)
1455 2532 1599 2586 memoriae
1611 2534 1719 2607 prodit.

947 2618 1002 2674 sed
1013 2638 1076 2675 cum
1088 2619 1144 2674 alia
1155 2618 1309 2673 'l'hessaliae
1322 2617 1431 2693 oppida
1441 2616 1512 2671 adiit
1524 2616 1620 2675 rhetor
1633 2618 1722 2674 Leon-

948 2708 1039 2775 tinus,
1056 2720 1115 2762 turn
1131 2705 1290 2773 Larissam,
1303 2703 1354 2761 uhi
1372 2704 1550 2779 Aristippum
1565 2723 1601 2759 eu
1619 2705 1721 2761 Aleua-

947 2794 1046 2850 darum
1077 2794 1183 2849 familia
1205 2805 1299 2849 ortum
1325 2791 1462 2847 crudivit.
1520 2790 1660 2847 praterea
1685 2794 1720 2847 ad

947 2881 1111 2937 irridendos
1123 2870 1278 2937 larissaeos
1293 2878 1537 2935 accommodatum
1548 2893 1590 2934 est
1603 2880 1720 2951 tiorgiae.

1078 2969 1155 3044 quod
1170 2980 1261 3052 exstat
1280 2967 1355 3042 apud
1379 2966 1559 3023 Aristotelem
1584 2969 1642 3048 (ab)
1665 2969 1719 3023 l‘o-

948 3056 1016 3113 litie.
1032 3056 1086 3126 lll‚
1100 3077 1127 3112 α.
1144 3055 1218 3112 Τιιιιι
1232 3057 1390 3111 orationem
1406 3054 1548 3128 Olympiae
1559 3053 1671 3124 habuit,
1686 3075 1720 3111 ex

947 3168 1003 3222 qua
1015 3151 1148 3222 exiguum
1165 3159 1294 3224 superest
1308 3148 1496 3220 fragmentum
1544 3146 1610 3224 (ad).
1629 3147 1719 3204 Aliam

946 3327 982 3373 ἐπὶ
996 3325 1070 3385 τούτῳ
1090 3330 1186 3380 ποιῆσαι
1201 3323 1300 3382 Γοργίαν
1313 3323 1350 3369 τόν
1365 3321 1479 3380 διάλογον,
1490 3324 1514 3369 ἐν
1528 3322 1547 3381 ᾧ
1561 3323 1635 3368 πολλὰ
1647 3338 1718 3368 κατα-

945 3397 1019 3456 τρέχει
1038 3401 1078 3450 τῆς
1095 3395 1221 3455 ῥητορικῆς.
1234 3418 1266 3427 -
1278 3395 1325 3449 tat)
1337 3391 1475 3439 Plutarchus
1487 3391 1516 3437 de
1529 3392 1632 3437 Socratis
1652 3392 1721 3448 genio

946 3477 998 3523 rap.
1019 3466 1054 3518 ts,
1076 3463 1123 3508 tul.
1141 3465 1227 3522 Xpag.
1241 3466 1282 3509 att
1298 3461 1335 3507 ed.
1354 3463 1422 3508 Ηιιίί.
1433 3480 1439 3507 ;
1451 3461 1500 3507 ἐπεὶ
1518 3461 1561 3518 γὰρ
1580 3461 1684 3518 ἐξέπεσον
1697 3462 1720 3504 al

946 3535 1007 3582 κατὰ
1019 3533 1095 3586 πόλεις
1106 3533 1202 3592 ἑταιρίαι
1218 3537 1264 3578 τῶν
1276 3533 1442 3591 Πυθαγορικῶν
1455 3531 1536 3577 στάσει
1553 3532 1719 3590 κρατηθέντων,

946 3611 996 3659 τοῖς
1006 3605 1024 3652 δ’
1035 3603 1069 3650 ἔτι
1081 3607 1222 3649 συνεστῶσιν
1235 3603 1259 3647 ἑν
1271 3601 1424 3659 Μεταποντίῳ
1435 3600 1608 3660 συνεδρεύουσιν
1622 3600 1645 3646 ἐν
1657 3599 1720 3654 οἰκία

946 3677 1024 3735 stirpat
1035 3673 1160 3720 Κυλώνειοι
1172 3672 1308 3730 περιένησαν
1319 3671 1358 3715 καὶ
1370 3672 1495 3728 διέφθειραν
1505 3669 1612 3726 ἐντούτῳ
1624 3668 1719 3724 πάντας,

946 3748 1004 3800 πλὴν
1016 3743 1131 3792 Φιλολάου
1144 3743 1181 3787 καὶ
1194 3741 1305 3796 Λύσιδος,
1319 3741 1375 3784 νέων
1388 3739 1459 3784 ὄντων
1474 3738 1507 3784 ἔτι
1521 3738 1601 3798 ῥώμη,
1611 3739 1650 3783 καὶ
1668 3753 1720 3784 κου-

946 3815 1027 3874 φότητι
1038 3812 1187 3870 διωσαμένων
1199 3812 1225 3856 τό
1240 3814 1297 3866 πῦρ,
1309 3807 1423 3859 Φιλόλαος
1437 3808 1476 3865 μὲν
1490 3809 1521 3860 εἰς
1533 3810 1664 3859 Λευκανοὺς
1676 3824 1719 3866 φυ-

946 3884 1004 3942 γών,
1026 3881 1111 3928 ἐκεῖθεν
1134 3881 1210 3933 ἐσώθη
1232 3879 1288 3938 πρός
1308 3877 1361 3929 τοὺς
1386 3876 1466 3930 ἄλλους
1490 3877 1567 3934 φίλους
1587 3877 1630 3932 ἠδη
1652 3877 1720 3923 πόλιν

947 3953 1119 4014 ἀθροιζομένους
1130 3951 1169 3996 καί
1181 3952 1319 4008 κρατοῦντας
1330 3951 1376 3992 τῶν
1387 3947 1530 3993 Κυλωνείων.
1543 3946 1614 4000 Λύσις
1626 3946 1650 3992 δὲ
1661 3947 1720 3993 ὅπου

947 4026 1048 4082 γέγονεν,
1059 4023 1165 4080 ἠγνοεῖτο
1179 4019 1249 4066 πολὺν
1261 4017 1351 4078 χρόνον·
1364 4019 1422 4072 πλήν
1434 4033 1461 4076 γε
1473 4018 1500 4072 δὴ
1516 4017 1611 4077 Γοργίας
1623 4017 1636 4062 ὁ
1649 4020 1720 4067 ,θεον-

947 4100 1005 4147 τῖνος
1015 4094 1041 4139 ἐκ
1055 4098 1095 4148 τῆς
1106 4091 1213 4142 Ἑλλάδος
1227 4089 1346 4136 ἀναπλέων
1364 4089 1394 4142 εἷς
1407 4087 1520 4144 Σικελίαν,
1535 4087 1658 4145 ἀπήγγειλε
1673 4093 1719 4140 τοῖς

947 4166 997 4222 περὶ
1006 4163 1116 4224 ’Λρκεσον
1132 4161 1230 4222 petato:
1238 4195 1244 4216 ‚
1253 4157 1335 4205 Λύσιδι
1347 4161 1508 4216 συγγεγονέναι
1520 4157 1656 4216 διατρίὅοντι
1668 4159 1719 4217 περὶ

947 4236 1033 4290 didaz.
1046 4261 1077 4273 -
1087 4232 1136 4292 (λθ)
1151 4230 1217 4279 Plato
1231 4231 1324 4277 Aterion.
1335 4227 1386 4274 init.
1399 4247 1404 4273 ι
1418 4229 1508 4274 ΣΩΚΡ.
1522 4226 1555 4274 'a
1573 4228 1663 4284 Μένων,
1675 4229 1719 4286 πρὸ

946 4311 988 4351 τοῦ
1004 4305 1044 4363 μὲν
1062 4301 1171 4351 Θετταλοί
1186 4300 1303 4360 εὐδόκιμοι
1317 4299 1377 4358 ἦσαν
1391 4296 1414 4344 ἐν
1427 4303 1474 4349 τοῖς
1485 4297 1581 4351 Ἕλλησι
1593 4297 1633 4341 καὶ
1653 4295 1717 4341 ἐθαυ-

949 4377 1046 4436 μάζοντο
1060 4375 1093 4434 ἐφ’
1107 4377 1190 4431 ἱππικῇ
1206 4388 1230 4418 τε
1244 4372 1285 4416 καὶ
1298 4371 1403 4428 πλούτῳ,
1417 4372 1456 4414 νύν
1470 4367 1508 4423 δέ,
1521 4369 1551 4419 a:
1574 4367 1625 4422 ἐμοὶ
1642 4365 1717 4420 δοκεῖ,
1741 4401 1743 4408 .

948 4448 986 4492 καὶ
1000 4447 1036 4492 ἐπὶ
1049 4445 1133 4505 σοφίᾳ·
1147 4445 1186 4490 καὶ
1200 4443 1243 4503 οὐχ
1254 4443 1340 4496 ἣκιστα
1352 4442 1373 4486 οἱ
1387 4442 1429 4484 τοῦ
1443 4441 1486 4485 σού
1500 4436 1590 4496 ἑταίρου
1606 4435 1719 4488 Ἀριστίπ-

946 4531 992 4562 που
1005 4516 1095 4561 πολῐται
1107 4518 1255 4573 Λαρισσαῖοι.
1267 4511 1356 4558 Τούτου
1367 4508 1391 4554 δὲ
1401 4509 1456 4566 ἡμῖν
1469 4505 1540 4558 αἷτιός
1551 4505 1599 4550 ἐστι
1614 4503 1718 4564 Γοργίας.
1749 4561 1752 4574 Ι

946 4584 1089 4645 Ἀφικόμενος
1109 4584 1153 4642 γὰρ
1174 4584 1204 4635 εἷς
1221 4583 1262 4636 τήν
1280 4580 1356 4633 πόλιν,
1373 4577 1470 4638 ἐραστὰς
1488 4577 1525 4622 ἐπὶ
1542 4573 1611 4633 σοφίᾳ
1630 4574 1719 4634 είληρεν

945 4655 1070 4706 Ἀλευαδῶν
1087 4669 1111 4699 τε
1131 4653 1183 4705 τοὺς
1203 4651 1320 4710 πρώτους,
1337 4649 1369 4694 dir
1381 4649 1394 4694 ό
1408 4648 1447 4700 σός
1469 4644 1564 4706 ἐραστής
1581 4643 1641 4690 ἐστιν
1660 4643 1718 4704 Ἀρί·

946 4741 1058 4779 στιππος.
1076 4725 1114 4770 καί
1127 4729 1171 4769 τῶν
1187 4723 1261 4768 ἀλλων
1275 4721 1404 4766 Θετταλῶν.
1417 4717 1453 4762 Cl.
1471 4714 1581 4762 l'hiloslr.
1599 4712 1667 4772 epist.
1689 4715 1718 4758 ad

946 4788 998 4844 tui.
1014 4801 1074 4853 aug.
1091 4807 1114 4853 μ,
1127 4797 1217 4840 aio.-
1229 4791 1277 4848 (ιι)
1291 4790 1373 4837 οιτον]
1384 4790 1510 4844 orateur».
1523 4789 1598 4831 aa-
1608 4783 1718 4840 (ratan-

892 4873 898 4889 ¹
946 4866 1044 4914 stotetes
1056 4862 1127 4912 t‘otit.
1141 4863 1187 4918 111,
1200 4869 1213 4908 t
1227 4861 1319 4919 (fragm.
1336 4861 1371 4913 lh)
1384 4873 1390 4902 ι
1402 4855 1497 4917 Γοργίας
1513 4855 1552 4914 μὲν
1570 4852 1632 4900 ούνό
1646 4859 1719 4900 Aaou·

945 4941 1016 4992 τίνος,
1026 4935 1054 4980 τὰ
1066 4933 1105 4992 μὲν
1115 4933 1173 4982 ίσως
1186 4931 1279 4990 ἀπορῶν
1289 4929 1318 4974 τὰ
1330 4928 1349 4974 δ’
1361 4925 1544 4986 εἰρωνευόμενοι,
1554 4923 1606 4982 ἔφη,
1615 4921 1718 4980 καθάπερ

946 5006 1030 5065 ὅλμους
1048 5004 1105 5051 εἶναι
1123 5003 1175 5055 τοὺς
1186 5001 1231 5046 ‘aab
1250 5005 1294 5045 τῶν
1309 4999 1441 5057 ὁλμοποιῶν
1458 4991 1718 5070 πεποιημένους,ὀύτω

947 5079 985 5124 καὶ
1003 5073 1159 5134 Λαρισσαίους
1178 5071 1230 5123 τοὺς
1250 5071 1294 5116 bai
1310 5073 1356 5114 τῶν
1376 5068 1519 5125 δημιουργῶν
1535 5075 1717 5122 πεποιημτνους·

946 5153 1004 5198 εἶναι
1025 5147 1068 5207 γάρ
1087 5160 1148 5196 τινας
1170 5140 1397 5204 λ.αρισσοποιούς.--
1418 5139 1466 5197 (λθ)
1484 5135 1538 5182 l'hl.
1555 5134 1638 5192 stagni.
1653 5137 1672 5180 l.
1688 5156 1718 5165 —-

1535 5249 1547 5312 s
