3959 5925
158 684 165 702 ,
322 565 463 771 νιν,
508 557 872 719 sonan
927 558 1455 718 incuruo,

745 855 1026 883 *-

121 1029 247 1105 Gorgias
260 1027 312 1107 (ι),
321 1026 515 1106 philosophus
524 1040 552 1086 et
564 1028 672 1100 rhetor,
681 1028 804 1106 patriam
814 1028 863 1087 ha·
910 1046 1019 1089 ramus.
1034 1026 1113 1087 Nihil
1133 1040 1271 1104 praeterea
1287 1028 1323 1087 de
1332 1027 1450 1105 Gorgiae
1462 1030 1570 1089 iamilia
1585 1052 1689 1091 monu-

79 1118 148 1176 buit
161 1116 335 1185 Leontinos,
351 1113 459 1172 claram
480 1115 588 1173 Siciliae
607 1111 770 1191 civitatem,
783 1115 862 1175 unde
910 1129 1007 1175 menta
1016 1115 1102 1174 nobis
1120 1116 1279 1193 litteraeque
1293 1117 1496 1195 prodiderunt,
1514 1140 1689 1198 quamquam

79 1201 863 1281 Leontinuscoguominatusest(2).l⁴'allunturenimqui
912 1204 997 1262 facile
1010 1203 1148 1278 adducor,
1164 1218 1196 1263 ut
1209 1205 1305 1263 virum
1321 1199 1551 1266 illustrissimum
1566 1208 1689 1270 honesto

81 1309 151 1347 eum
166 1309 184 1347 a
198 1288 326 1346 Luciano
340 1288 506 1346 insulanum
523 1290 563 1367 (3)
579 1302 714 1348 vocaturn
729 1309 791 1349 esse
808 1311 864 1369 pu·
910 1294 986 1350 inter
1001 1311 1068 1351 suos
1083 1292 1148 1350 loco
1163 1304 1258 1349 ortum
1273 1310 1336 1351 esse
1352 1293 1478 1353 credam.
1501 1294 1540 1355 At
1556 1294 1691 1356 Leontini

81 1389 156 1435 tant.
166 1377 210 1434 Oe
222 1376 312 1433 natali
328 1372 393 1451 ejus
406 1394 483 1433 anno
495 1394 528 1433 ac
541 1374 578 1433 de
591 1388 731 1454 tempore,
745 1398 864 1460 quosu-
910 1399 1031 1437 nummo
1044 1382 1076 1437 in
1091 1378 1155 1455 ejus
1174 1378 1313 1437 honorem
1330 1400 1413 1452 cuso,
1427 1400 1513 1458 quem
1528 1380 1565 1441 ab
1576 1383 1692 1443 Haimio

78 1482 214 1539 premum
228 1462 338 1520 obierit
351 1462 446 1535 diem,
458 1474 572 1521 veteres
592 1463 750 1540 scriptores
764 1465 862 1526 silent.
910 1468 942 1525 in
956 1467 1096 1527 Thesaur.
1112 1466 1185 1525 Brit.
1199 1478 1270 1527 tom.
1286 1465 1314 1523 ll
1326 1486 1354 1544 p.
1368 1467 1405 1543 59
1417 1469 1526 1527 editum
1542 1488 1605 1529 esse
1618 1472 1691 1533 Abr.

82 1552 141 1610 Sed
153 1565 239 1610 natus
250 1563 295 1609 est
303 1550 354 1608 ‚vir
364 1550 416 1627 qui
427 1548 606 1625 longissimae
617 1550 708 1609 aetatis
719 1550 863 1611 beneficio
910 1554 1081 1614 Gronovius
1092 1554 1128 1612 ad
1138 1554 1321 1615 AElian.Var.
1332 1555 1400 1614 hist.
1408 1576 1439 1634 p.
1453 1565 1489 1627 4ο
1500 1558 1692 1643 resert,quam

82 1660 148 1698 cum
163 1638 265 1697 multis
283 1637 370 1696 simul
386 1637 504 1709 floruit,
523 1650 556 1695 nt
579 1658 643 1697 mea
666 1640 722 1697 lert
742 1641 863 1720 opinio,
911 1661 997 1701 carus
1007 1641 1135 1720 sophista
1145 1642 1218 1720 ipsis
1234 1640 1332 1713 suerit,
1343 1642 1543 1706 ostenderunt.
1558 1632 1694 1707 Continet

81 1727 267 1806 Olympiadis
290 1724 383 1786 Lxrtl
405 1744 483 1784 anno
507 1728 605 1804 primo
627 1728 689 1786 sire
706 1741 772 1787 ante
792 1728 862 1789 Chr.
911 1744 1007 1789 antem
1024 1750 1161 1789 nummus
1175 1729 1227 1787 ille
1247 1730 1278 1788 in
1299 1731 1420 1789 adversa
1439 1746 1521 1810 parte
1545 1735 1694 1813 Apollinis

83 1817 154 1890 496.
171 1813 273 1891 ltaque
295 1812 481 1890 Porphyrius
503 1814 580 1891 apud
601 1814 718 1872 Suidam
741 1835 806 1874 eum
827 1816 864 1875 ad
911 1833 1007 1897 capnt,
1021 1820 1053 1877 in
1070 1837 1172 1877 aversa
1187 1836 1312 1894 cygnum
1335 1838 1401 1877 cum
1422 1818 1475 1879 hac
1499 1822 1693 1901 inscriptione

82 1900 286 1979 Olympiadem
296 1897 397 1957 LXXX
411 1899 535 1973 rettulit,
551 1902 719 1959 auctoritate
732 1916 760 1961 et
773 1904 865 1979 gratia
911 1906 1166 1968 l'OPl'lAXAEO.

83 1989 245 2067 sophistam
261 2000 320 2045 tum
333 1984 412 2064 apud
426 1986 543 2044 Graecos
556 1988 685 2063 viguisse
696 1989 761 2047 siue
774 1989 865 2049 dubio
951 1998 976 2053 A
994 1996 1103 2072 quibus
1117 1994 1282 2072 disciplinae
1299 1992 1394 2053 initiis
1408 1996 1554 2073 proiectus
1568 2001 1606 2057 sit
1620 1998 1695 2058 Gor-

84 2080 243 2139 arbitratus
257 2076 310 2154 (4).
327 2074 428 2153 Neque
449 2094 562 2135 errasse
583 2076 700 2135 ridetur
720 2076 865 2137 Eusebius
911 2082 991 2156 gias,
1003 2084 1144 2157 incertum
1157 2092 1210 2139 est.
1235 2078 1354 2151 Verum,
1370 2081 1395 2138 si
1413 2081 1484 2141 fides
1497 2083 1601 2161 Satyro
1617 2088 1695 2164 apud

83 2168 136 2245 qui
162 2168 195 2225 in
215 2164 328 2223 Canon.
346 2163 448 2224 chron.
468 2163 497 2221 ll
510 2186 542 2243 p.
559 2166 616 2222 213
638 2164 776 2241 Gorgiam
799 2186 864 2224 cum
912 2166 1071 2243 Diogenem
1086 2166 1233 2226 Laertium
1250 2166 1293 2245 (9)
1309 2166 1362 2226 lib.
1378 2162 1459 2243 Vlll,
1475 2168 1512 2228 58
1524 2183 1611 2249 atque
1630 2174 1696 2234 aliis

84 2253 251 2311 Democrito
280 2250 437 2324 Abderita,
466 2250 662 2328 Empedocle,
689 2252 865 2330 Hippocrate
912 2252 1123 2331 scriptoribus,
1136 2254 1340 2333 Empedoclem
1355 2268 1384 2313 et
1398 2256 1582 2334 intelligendi
1601 2275 1631 2319 et
1650 2261 1694 2321 di·
1727 2320 1734 2335 ,

85 2340 212 2411 medico,
226 2337 346 2416 llippia,
362 2337 498 2413 Prodico,
512 2337 629 2397 Zenone
650 2352 679 2397 et
692 2339 866 2401 Parmenide
912 2341 997 2400 cendi
1018 2342 1187 2418 magistrum
1201 2341 1315 2402 habuit.
1357 2342 1542 2413 Quinetiam
1563 2337 1697 2409 Socrates

85 2426 256 2505 Olympiade
270 2424 415 2485 LXXXVI
429 2426 592 2484 innotuisse
612 2427 795 2488 testificatur.
911 2430 988 2508 apud
1001 2430 1149 2488 Platonem
1154 2444 1264 2503 ,auctor
1275 2443 1319 2490 est
1330 2431 1471 2507 Gorgiam
1484 2435 1515 2491 in
1528 2435 1696 2497 deliniendo

126 2516 212 2573 Pater
222 2514 381 2574 clarissimi
397 2513 458 2571 viri
479 2532 497 2571 a
515 2514 660 2596 Pausania
674 2513 714 2596 (5)
726 2516 865 2575 Carman-
912 2516 1013 2574 colore
1027 2515 1230 2593 Empedoclem
1246 2536 1309 2577 esse
1321 2531 1462 2577 secutum.
1474 2519 1542 2578 Vult
1553 2522 1632 2581 enim
1647 2545 1698 2582 co-

85 2604 178 2676 tidas‚
192 2602 310 2661 aSnida
325 2601 547 2661 ohnmanridas
569 2604 747 2662 nominatur.
766 2602 866 2663 Frater
912 2603 1005 2661 lorem
1018 2602 1175 2679 figurarum
1185 2623 1249 2663 esse
1262 2604 1425 2679 ellluvium,
1437 2607 1516 2665 risui
1531 2628 1696 2686 congruens

83 2693 202 2769 Gorgiae
216 2692 382 2751 llerodicos
404 2690 536 2750 medicus
561 2691 630 2762 tuit,
653 2704 726 2751 teste
743 2692 883 2751 Platone»
912 2703 999 2768 atque
1020 2691 1159 2750 sensibile
1182 2691 1252 2773 (ιο).
1275 2692 1349 2751 Nolo
1373 2708 1468 2753 tamen
1489 2695 1698 2757 hincconclu-

83 2780 124 2861 (6)
139 2782 171 2838 in
184 2780 296 2855 Gorgia
315 2799 346 2857 p.
360 2780 418 2847 448
432 2778 465 2849 B,
479 2779 613 2838 diversus
628 2798 645 2837 a
662 2778 865 2857 Selymbriano
912 2777 1001 2851 dere,
1017 2796 1082 2835 eum
1098 2778 1130 2835 in
1154 2783 1252 2836 rerum
1277 2774 1522 2858 contemplatione
1546 2784 1637 2844 multa
1659 2785 1696 2843 ab
1765 2816 1774 2829 ·

82 2868 213 2946 ejusdem
239 2867 369 2926 nominis
393 2865 508 2924 rhetore
532 2877 561 2923 et
588 2867 773 2943 gymnasticae
794 2867 865 2925 artis
913 2865 1106 2941 Agrigentino
1135 2865 1311 2945 philosopho
1333 2880 1492 2927 mutuatum
1517 2889 1590 2929 esse.
1639 2872 1697 2931 Nec

81 2957 224 3033 magistro
237 2954 290 3035 (ρ).
303 2954 439 3014 Sororem
460 2952 541 3032 ejus,
561 2954 645 3031 cujus
667 2975 774 3013 nomen
796 2956 864 3014 reti·
913 2967 1054 3032 quantum
1071 2954 1103 3013 in
1120 2952 1327 3014 benedicendi
1343 2954 1465 3014 scientia
1481 2956 1525 3016 illi
1541 2956 1695 3032 debuerit,

81 3057 178 3115 cetur,
194 3042 324 3100 Deierati
342 3041 456 3101 cuidam
481 3041 629 3119 nupsisse,
649 3041 808 3102 Pausanias
824 3044 865 3121 (8)
913 3048 984 3106 satis
998 3059 1120 3106 constat.
1136 3045 1200 3116 Qua
1212 3046 1248 3105 de
1262 3067 1294 3106 rc
1307 3048 1507 3117 Quintilianus
1522 3049 1575 3112 lib.
1594 3051 1650 3125 lll,
1669 3075 1695 3127 t,

79 3144 194 3194 narrat.
223 3130 281 3189 Sed
304 3131 370 3208 quis
399 3130 486 3189 suerit
511 3132 567 3189 iste
590 3131 753 3203 Oeicrates,
779 3133 864 3208 igno·
914 3133 1050 3192 8ιΝαπι
1070 3142 1195 3211 primus,
1210 3136 1334 3222 iuquit,
1345 3150 1408 3211 post
1431 3157 1491 3205 cos,
1516 3159 1584 3214 quor
1600 3156 1699 3216 poetae

914 3235 1101 3306 tradiderunt,
1139 3239 1254 3289 movisse
1301 3236 1399 3308 aliqua
1434 3240 1510 3290 circa
1544 3236 1699 3296 rhetoricen

112 3310 145 3370 (¹)
156 3291 230 3358 (Μ
238 3307 271 3356 Η·
283 3305 454 3388 Μίῖωῆἀθ
464 3307 677 3390 &himinum
684 3308 862 3391 ⁰⁰⁰¹¹3⁸⁸⁰¹⁸²59¹
914 3324 1097 3397 Empedocles
1113 3321 1171 3400 (ιι)
1188 3325 1299 3380 dicitur.
1316 3327 1425 3379 Artium
1444 3335 1538 3378 autem
1551 3331 1699 3400 scriptores

81 3380 148 3430 itata
160 3383 234 3440 tsrs;
245 3377 485 3440 toomrdrspengetn
492 3378 523 3428 dc
533 3379 621 3440 Gorgia
628 3377 723 3428 rhetore
730 3379 866 3429 dissertatio

81 3449 172 3498 laseris
182 3451 312 3510 Συναγωγῇ
325 3452 422 3510 τεχνῶν.
437 3447 580 3510 siutgardioe
595 3452 669 3510 tata;
680 3448 801 3498 Francisci
817 3450 865 3498 Su·

81 3517 188 3568 remittit
200 3515 425 3567 dermcessimdim
442 3531 490 3580 qtta
504 3518 605 3581 Gorgias
620 3518 757 3581 Empedocli
766 3517 866 3580 juliolos
913 3519 965 3569 nias
984 3520 1026 3569 lib.
1041 3521 1085 3578 vl.
1101 3525 1137 3580 17,
1152 3523 1166 3570 4
1183 3519 1346 3584 ιΔηῐιιρὰτους
1359 3519 1542 3577 συνοικήσαντος
1564 3519 1649 3582 ἀδελφῇ
1670 3527 1699 3582 τῇ

82 3589 156 3638 tuerit
172 3588 302 3650 disputatio
312 3588 338 3637 in
347 3587 429 3637 Jabnii
437 3587 570 3639 Annalibus
579 3589 664 3639 Philol.
677 3592 770 3651 issop.
780 3591 865 3640 40-42.
914 3590 1059 3652 Γοργίου-
1067 3590 1101 3652 (9)
1113 3591 1231 3652 Diogenes
1244 3591 1354 3640 Laertius
1365 3590 1405 3639 lib.
1417 3592 1483 3650 vttt,
1495 3593 1540 3639 58:
1551 3591 1607 3650 φησι
1618 3591 1643 3638 δὲ
1653 3592 1699 3640 Σά-

82 3686 113 3696 -
128 3660 165 3719 (2)
181 3659 313 3720 Dionysias
334 3658 552 3708 Halioamassenais
570 3659 601 3708 de
619 3660 688 3720 Lysia
704 3657 761 3720 J'ttd.
783 3659 866 3708 voli
912 3675 980 3721 τυρος
999 3660 1023 3708 ἐν
1041 3665 1090 3716 τοῖς
1109 3660 1182 3722 βίοις,
1197 3661 1233 3709 δτι
1247 3659 1270 3723 [ό
1282 3659 1452 3722 Ἐμπεδοκλῆς]
1470 3661 1510 3708 καί
1530 3661 1605 3723 ἰατρὸς
1618 3659 1699 3720 ἦνκαὶ

81 3744 106 3793 p.
122 3731 170 3779 458
184 3729 222 3778 od.
235 3727 319 3779 ltetst.
335 3747 341 3777 :
355 3728 423 3785 δηλοῖ
434 3729 459 3777 δὲ
476 3732 546 3777 τοῦτο
559 3727 657 3793 Γοργίας
668 3745 694 3778 τε
713 3729 727 3777 ό
744 3731 865 3784 Λεοντῖνος
914 3730 992 3791 ρήτωρ
1006 3730 1107 3792 ἄριστος.
1124 3731 1221 3792 Γοργίαν
1236 3735 1292 3790 γοῦν
1306 3729 1346 3778 τὸν
1363 3732 1488 3778 Λεοντῖνον
1505 3729 1578 3778 αὐτοῦ
1591 3730 1698 3791 γενέσθαι

81 3801 135 3850 ιιτλ,
144 3803 251 3849 Pausatt.
263 3797 306 3847 lib.
315 3794 360 3857 tt,
375 3803 414 3859 tt,
426 3801 440 3847 7
450 3817 457 3848 ι
468 3800 509 3847 aul
522 3799 562 3848 τόν
570 3801 692 3848 Λεοντῖνον
702 3799 800 3862 Γοργίαν
811 3800 867 3848 ideis
914 3801 1028 3862 μαδητην,
1039 3800 1110 3862 ἄνδρα
1125 3801 1268 3862 ὑπερέχοντα
1288 3801 1313 3848 ἐν
1335 3800 1444 3862 ῥητορικῇ
1457 3799 1497 3848 καὶ
1513 3801 1596 3863 τίχνην
1617 3801 1701 3850 ἀπολε-

81 3872 145 3918 ἐοτιν
157 3871 208 3918 ιιιλ.
223 3869 261 3919 ct.
275 3867 327 3918 cir„
339 3871 377 3918 Ite
386 3870 448 3918 orat.
460 3869 502 3919 lib.
517 3871 563 3931 ΠΙ,
576 3874 655 3919 32-
667 3870 700 3933 (3)
711 3871 771 3919 Nam
790 3882 867 3932 quum
912 3869 1020 3919 λοιεὸτοι.
1034 3870 1115 3919 schol.
1128 3869 1158 3918 ad
1176 3870 1269 3920 Platon.
1285 3873 1358 3932 Gorg.
1372 3884 1396 3932 p.
1409 3873 1455 3920 ios
1467 3873 1488 3918 D
1499 3889 1506 3920 ι
1519 3875 1589 3920 τοῦτο
1604 3872 1668 3920 εἶπεν
1683 3873 1698 3930 ἡ

80 3940 141 3989 olim
154 3938 220 4000 apud
238 3939 457 3990 burianumllhel.
470 3941 584 4002 praesepi.
601 3953 623 3989 ο.
640 3947 655 3990 9
674 3941 793 4002 legeretur
806 3940 868 3989 ίωλσ
914 3940 991 3989 διὰτὸ
1007 3939 1034 3988 lit
1049 3945 1089 3998 τῆς
1107 3939 1259 4002 Ἀναξαγόρου
1278 3940 1344 3998 δόξης
1359 3942 1392 3997 είς
1405 3939 1532 4004 παροιμίαν
1546 3941 1618 3990 ἐλθεῖν
1641 3943 1700 4004 (ᾐδει

79 4010 260 4074 παραδείγματα
268 4010 401 4073 παρατιθεὶς
413 4015 462 4059 τῶν
470 4010 556 4072 λόγων,
567 4011 595 4060 οὐ
605 4011 674 4074 ῥᾴδια
683 4013 817 4075 μιμεῖσθαι,
827 4010 868 4060 ola
914 4011 1020 4059 δὲταῦτα
1033 4009 1059 4058 lit
1068 4010 1181 4073 Γοργίου,
1192 4011 1206 4059 δ
1219 4011 1244 4060 δὲ
1263 4011 1286 4067 ἐξ
1303 4010 1487 4074 Ἐμπεδοκλέους
1502 4015 1544 4060 τοῦ
1559 4012 1700 4062 διδασκάλου

79 4083 112 4130 τὰ
126 4087 168 4138 τῆς
179 4082 280 4136 παλαιάς
289 4081 399 4142 ίργασίας
407 4081 481 4142 loris,
491 4081 608 4142 Ἡγησίου
619 4084 659 4131 καὶ
674 4086 720 4130 τῶν
734 4082 791 4144 ἀμφὶ
806 4080 867 4145 Κρό-
914 4081 999 4129 αὐτοῖι·
1012 4080 1079 4137 οὗτος
1093 4081 1118 4129 δὲ
1132 4080 1256 4143 φιλόσοφος
1272 4083 1305 4130 διν
1321 4083 1359 4138 τὰς
1373 4085 1420 4130 τῶν
1432 4079 1564 4144 φιλοσόφων
1577 4081 1643 4139 δόξας
1657 4085 1698 4131 καὶ

79 4168 142 4209 τητα
155 4150 197 4198 itai
218 4151 354 4212 Νησιώτην,
372 4150 465 4211 primos
484 4151 594 4202 Grtetius
612 4153 738 4210 Νησιώτην
754 4153 866 4215 Gorgiam
915 4149 1031 4207 ἠπίστατο
1043 4152 1082 4198 ναὶ
1092 4151 1307 4214 ίδίδασιιεν),ὴδιδι
1315 4152 1358 4210 τὴν
1369 4156 1417 4200 τῶν
1426 4149 1547 4214 δνομότων
1557 4151 1700 4215 παρίσωσιν,

79 4221 131 4270 diei
146 4222 217 4269 ratus
232 4232 277 4269 sna
289 4220 437 4270 auctoritate
448 4220 508 4269 alios
520 4221 544 4269 iu
558 4233 662 4270 errorem
676 4220 781 4271 induxit.
792 4225 823 4271 at
833 4221 867 4270 ibi
916 4221 936 4269 ὦ
950 4221 1001 4282 φίλε
1013 4222 1090 4270 Πῶλε.
1107 4220 1173 4270 Alter
1185 4227 1265 4271 autern
1277 4221 1397 4284 interpres
1411 4222 1462 4270 liaeo
1475 4221 1598 4270 annotarit
1615 4239 1621 4270 ι
1638 4222 1700 4271 Ἀνο-

78 4291 200 4352 ’Νγησίου
212 4292 253 4339 νισλ
266 4294 314 4339 τῶν
325 4289 383 4354 άμρί
394 4291 490 4354 Κριτίαν
500 4289 559 4354 [τόν]
569 4292 694 4348 Νησιώτην
703 4291 866 4354 reponendum
916 4291 1031 4354 ξαγδρειος
1043 4291 1087 4355 γὰρ
1099 4291 1127 4350 ’ἠν
1140 4296 1169 4354 τῇ
1182 4292 1314 4356 προαιρέσει
1326 4293 1339 4340 ό
1350 4293 1447 4352 Πῶλος,
1458 4292 1562 4354 καθάπερ
1576 4293 1589 4340 ό
1604 4293 1700 4354 Γοργίας

80 4374 136 4411 esse
152 4356 257 4410 sotrum
277 4361 361 4422 postea
377 4359 559 4410 animadtertit.
572 4391 603 4402 -
618 4360 652 4424 (t)
667 4363 697 4411 tt
718 4360 804 4412 suidas
818 4375 867 4411 non
915 4361 1143 4420 Ἐμπεδόκλειος-
1160 4363 1210 4423 (10)
1231 4362 1299 4411 Plato
1319 4363 1384 4411 Men.
1406 4377 1430 4424 ρ.
1450 4366 1480 4412 io
1497 4364 1517 4411 D
1532 4377 1538 4409 ε
1554 4364 1603 4412 att.
1619 4363 1700 4412 Βούλει

78 4431 206 4481 intellecto
228 4431 355 4494 Porphyrii
372 4431 512 4491 testimonio
525 4433 639 4494 Gorgiam
663 4433 742 4482 mullo
760 4434 828 4496 priua
843 4433 868 4484 ln
916 4431 956 4481 οὖν
970 4449 1009 4481 σοι
1029 4433 1090 4482 κατὰ
1103 4431 1203 4497 Γοργίαν
1218 4433 1420 4496 &semisupinus
1436 4433 1464 4482 itt
1478 4433 1507 4482 σὺ
1526 4434 1627 4494 μάλιστα
1643 4433 1700 4483 δινο-

80 4503 162 4550 locem
173 4501 265 4550 editum
276 4503 301 4550 et
312 4505 451 4563 tusoeptum
463 4514 515 4552 ease
523 4501 646 4552 consedit
658 4503 869 4566 Porphyrinmque
915 4503 1053 4565 λοοοήσοις;
1063 4507 1139 4554 ΜΕΝ.
1151 4506 1279 4567 Βούλομαι.
1289 4507 1344 4561 Πῶς
1353 4507 1398 4569 γὰρ
1410 4506 1451 4564 οῡς
1464 4506 1513 4552 m.
1524 4505 1616 4553 οὐκοῦν
1625 4505 1701 4565 λέγετε

80 4571 173 4631 injuria
187 4571 316 4640 vituperat.
331 4597 358 4607 ·—
371 4573 406 4634 (5)
420 4573 550 4623 Pausanias
563 4573 605 4623 lib.
617 4575 662 4636 Vl,
676 4578 714 4635 tt,
728 4580 743 4625 8
755 4589 762 4622 :
775 4573 842 4631 οὗτος
855 4577 869 4624 ό
916 4574 1032 4638 ἀπορροάς
1045 4581 1163 4632 stantior
1175 4577 1248 4625 ὄντων
1260 4577 1320 4625 ποτά
1332 4576 1508 4639 Ἐμπεδοιιλάας
1521 4577 1596 4624 ΜΕΝ.
1611 4573 1701 4638 Σφόδρα

80 4642 184 4704 Γοργίας
206 4643 294 4705 πατρὸς
313 4642 355 4704 μίν
375 4642 404 4704 ἦν
424 4643 638 4708 Χαρμαντίδου-
650 4643 685 4706 (δ)
707 4644 775 4694 Plelo
796 4647 868 4707 Gorg.
916 4660 951 4707 γε.
964 4647 1073 4694 sonet
1086 4646 1185 4710 πόρους,
1199 4649 1230 4703 είς
1243 4647 1335 4703 οὓςναί
1347 4646 1417 4694 δι’ὧν
1429 4647 1453 4694 σί
1466 4643 1580 4708 ἀπορροαὶ
1592 4646 1700 4708 πορεύον-

79 4725 108 4774 μ.
126 4715 173 4761 448
183 4713 203 4761 ll
213 4729 220 4761 ε
230 4711 294 4762 ΧΔΙ.
315 4713 411 4776 Ἐρωτῶ
421 4714 464 4773 δή)
474 4716 495 4763 εἰ
510 4715 620 4778 ίτόγχανε
629 4713 726 4777 Γοργίας
735 4715 870 4778 ἐπιστήμων
916 4732 969 4777 ται,
984 4718 1060 4765 ΜΕΝ.
1073 4718 1140 4767 Πάνυ
1160 4735 1196 4779 γε.
1212 4719 1261 4766 ΣΩ.
1278 4719 1323 4766 Kal
1342 4721 1388 4765 τῶν
1408 4713 1531 4779 duodicim
1547 4716 1588 4771 τὰς
1605 4717 1645 4778 μὲν
1659 4719 1701 4775 ds·

79 4784 117 4832 ι’νν
133 4787 176 4840 τῆς
194 4781 291 4845 τέχνης,
302 4781 379 4847 ἧσπερ
395 4784 410 4832 ό
424 4784 519 4846 άδιλρδς
542 4786 616 4834 αὐτοῦ
628 4786 764 4849 Ἡρόδικος,
776 4787 829 4836 τίνα
841 4788 870 4836 δυ
918 4786 1011 4850 μάττειν
1022 4787 1090 4844 ἐνίοις
1102 4793 1149 4836 τῶν
1161 4787 1250 4850 πόρων,
1262 4787 1303 4841 τάς
1314 4786 1339 4834 δὲ
1356 4785 1488 4844 ίλάπουςὴ
1504 4785 1608 4849 μείζους)
1626 4790 1700 4837 ΝΕΝ.

78 4853 155 4902 αὐτὸν
173 4852 324 4915 ὠνομάζομεν
342 4853 454 4916 aaaron
465 4854 511 4919 οὐχ
523 4855 580 4919 ὅπερ
597 4855 699 4918 δνεῖνονς
711 4859 788 4906 ΠΩΔ.
803 4859 870 4907 Πάνυ
916 4856 984 4905 Ἐστι
996 4863 1078 4908 ταῦτα.
1092 4860 1141 4907 EO.
1153 4857 1245 4906 Οδνιοῦν
1254 4856 1296 4905 καί
1306 4855 1360 4918 ὄψιν
1372 4857 1450 4911 νεαλεῖς
1464 4870 1500 4912 τις
1511 4857 1587 4904 ΜΕΝ.
1599 4857 1699 4917 Ἔγωγε.

78 4937 119 4985 γε.
131 4923 197 4970 xat.
208 4919 298 4985 Ἰατρδν
310 4922 357 4986 δρα
369 4922 497 4985 φάσεοπες
509 4924 580 4974 αὐτὸν
592 4923 650 4974 εἶναι
663 4927 739 4983 καλῶς
751 4927 779 4974 ἂν
792 4927 870 4988 ίλέγο·
917 4928 965 4974 m.
978 4925 1021 4974 'Er
1033 4927 1122 4975 τούτων
1131 4927 1159 4984 δὴ
1169 4927 1230 4984 ξύνες
1240 4925 1253 4974 ὅ
1264 4941 1301 4973 τοι
1310 4925 1386 4986 λέγω,
1396 4925 1437 4986 ίρη
1449 4923 1571 4987 Πίνδαρος.
1579 4925 1647 4975 Ἔστι
1658 4927 1702 4987 γάρ

79 5007 135 5057 μεν.
144 5019 178 5033 -
187 4991 223 5053 (7)
235 4993 316 5042 Stltol.
329 4993 359 5042 ad
373 4994 433 5044 rtet.
445 4997 518 5057 Gorg.
529 4994 546 5043 l.
558 5008 581 5046 ο.
597 4995 682 5053 ιοότος
697 4998 741 5060 οὑχ
752 4999 765 5046 ό
778 4999 871 5061 Σηλυμ·
917 4995 978 5060 χρόα
990 4995 1096 5060 ἀπορροὴ
1109 4997 1237 5059 σχημάτων
1251 4995 1304 5058 δψει
1319 4994 1450 5058 σύμμετρος
1463 4996 1503 5043 ital
1518 4995 1633 5052 αίσδητός.
1646 4997 1702 5045 Pltt·

80 5063 177 5127 ὅριανός
189 5062 254 5111 lorti
267 5063 404 5127 Ἡρόδικος,
415 5065 488 5114 alst
500 5069 634 5126 Λεοντῖνος,
647 5067 745 5130 Γοργίου
757 5069 866 5132 &deific
917 5068 1059 5116 tarclrusDe
1068 5067 1129 5127 piac.
1137 5066 1195 5127 phil.
1207 5065 1247 5115 lib.
1259 5068 1282 5124 l,
1291 5071 1319 5116 ts
1328 5083 1335 5114 ι
1344 5066 1503 5128 Ἐμπεδοκλῆς
1513 5063 1605 5129 [χροιὰν
1614 5063 1698 5128 totu]

79 5133 148 5185 Vide
169 5131 337 5184 nemoroso
355 5134 417 5185 Plat.
430 5135 527 5187 Pltatdt.
541 5151 567 5201 p.
588 5140 633 5188 227
648 5139 766 5200 8.-(8)
781 5141 869 5188 Pauta-
918 5136 1432 5201 εδτοῖς,πόροιςτηςόψιωςίναρμόττον.-
1447 5137 1700 5200 (11)5ενῖιιεΕιιιρίι.

866 5245 965 5286 um
