3959 5925
501 426 668 499 EJUSQUE
689 426 903 488 DlSCIPULlS
924 428 973 488 ΕΤ
994 428 1304 491 successoribus
1660 451 1694 494 xl

112 558 234 635 pindarus
252 558 333 635 (63),
350 558 472 617 Proclus
491 558 568 635 (dt),
590 545 739 619 Hierocles
765 560 823 637 (66)
838 560 875 618 de
918 560 1022 620 Gaaaeo
1046 562 1079 619 in
1102 561 1304 639 Theophrasto
1327 583 1357 639 p.
1381 566 1415 621 ι6
1441 583 1524 621 novae
1547 567 1695 625 sententiae

112 644 150 701 ria
169 644 311 721 majorum
326 645 460 721 vestigiis
475 647 543 703 trita
567 645 747 704 dellexerunt
768 648 873 726 partim

111 746 228 807 negantes
256 732 400 791 humanas
427 734 539 791 animas
565 734 596 792 in
624 732 778 792 brutorum
811 736 875 792 ani-

110 819 212 876 malium
227 838 353 897 corpora
368 822 491 879 transire
505 840 591 895 posse
605 821 760 899 ipsumque
777 822 874 881 Plato-

109 924 163 964 nem
185 906 221 964 ab
247 926 283 965 eo
304 908 439 983 dogmate
466 908 651 967 abhorruisse
671 910 874 969 contendentes

110 992 180 1069 (qua
191 994 336 1054 flieroelis
362 996 503 1053 sententia
518 995 612 1072 luit),
635 998 739 1074 partim
762 1016 815 1075 per
829 1001 873 1055 in-

109 1081 261 1138 versionem
297 1100 385 1157 quarn
416 1081 512 1140 Graeci
537 1083 696 1164 ἀλληγορίαν
728 1084 874 1161 appellant

106 1162 227 1225 Platonis
240 1166 332 1224 rerba
350 1168 584 1247 interpretantes.
606 1170 788 1247 Porphyrius
802 1170 874 1246 quid

105 1255 225 1312 statuerit
235 1274 295 1311 uon
310 1255 380 1314 satis
392 1269 519 1329 constat,
531 1258 586 1315 etsi
602 1257 684 1315 facile
698 1256 827 1315 adducor
842 1272 873 1316 ut

103 1339 226 1399 hernesio
252 1343 288 1401 de
318 1340 380 1400 Nat.
401 1344 479 1403 hom.
507 1365 532 1402 e.
556 1366 573 1401 a
593 1365 624 1423 p.
645 1346 681 1401 θα
707 1344 754 1404 ed.
779 1345 872 1405 Oxon.

102 1427 148 1506 (ρι
161 1430 214 1486 115
229 1429 279 1488 ed.
299 1429 443 1507 Matthaei)
465 1450 530 1489 eum
555 1434 740 1510 antiquorum
761 1453 871 1510 praece·

99 1529 173 1593 ptum
187 1518 314 1576 tenuisse
323 1518 431 1576 dicenti
443 1520 541 1596 potius
553 1521 666 1577 credam
680 1540 767 1596 quam
778 1520 872 1579 AEneae

96 1724 136 1773 οὑν
150 1726 236 1781 πάντες
250 1726 355 1783 Ἕλληνες
374 1730 397 1776 al
411 1728 454 1786 τὴν
468 1728 545 1789 ψυχὴν
568 1728 679 1778 ἀθάνατον
699 1730 873 1793 ἀποφηνάμενοι

93 1798 135 1853 την
150 1798 361 1858 μετινσωμύτωσιν
381 1798 562 1859 δογματίζουσι·
580 1800 723 1862 διαφέρονται
737 1803 762 1850 δὲ
778 1802 874 1865 περὶτὰ

90 1868 141 1923 είδη
155 1872 204 1915 τῶν
218 1868 316 1929 ψυχῶν·
330 1870 352 1917 nl
375 1867 418 1929 μὲν
430 1868 474 1931 γὰρ
485 1868 509 1917 ἓν
527 1869 586 1925 εἶδος
607 1870 635 1919 τό
650 1872 743 1932 λογικόν
762 1872 819 1931 εἶναι
835 1872 874 1920 λέ·

88 1950 172 1995 γουσι,
189 1938 259 1983 τοῦτο
271 1936 347 1984 δὲκαὶ
362 1936 395 1990 είς
407 1936 466 1997 φυτὰ
477 1936 517 1983 καί
528 1938 561 1991 είς
572 1938 602 1985 τὰ
612 1942 659 1985 τῶν
671 1938 763 1998 ἀλόγων
774 1940 875 2002 σώματα

88 2004 251 2066 μιταύαίνειν,
267 2007 290 2052 οἱ
303 2004 345 2064 μὲν
361 2004 421 2051 κατά
441 2021 503 2060 τινας
517 2006 587 2069 ψητόις
602 2008 691 2070 χρόνων
703 2009 835 2071 περιόδους,
847 2011 869 2057 ul

86 2076 111 2122 δὲ
124 2078 155 2129 ώς
171 2076 267 2137 ἀτυχεν·
282 2074 349 2122 ἀλλοι
363 2075 387 2121 δὲ
399 2073 445 2135 οὐχ
464 2076 489 2123 ἓν
506 2076 566 2131 εἶδος
579 2080 676 2141 ψυχῶν,
693 2078 751 2127 ἀλλὰ
767 2079 818 2137 δύο,
830 2080 869 2126 λο·

85 2144 151 2206 γιιιόν
162 2160 189 2193 τε
201 2146 245 2193 καί
255 2145 343 2205 ἄλογον
353 2160 359 2171 ·
371 2144 430 2199 τινὲς
442 2145 467 2192 δὲ
476 2146 564 2205 πολλά,
577 2152 682 2197 τοσαῦτα
691 2149 737 2197 όσα
749 2154 795 2196 τών
807 2147 872 2211 ζώων

85 2216 114 2261 τα
126 2214 187 2271 είδη.
199 2212 314 2285 Μάλιστα
327 2214 352 2261 δὲ
369 2214 391 2261 οί
407 2212 454 2261 ἀπό
475 2215 601 2271 Πλάτωνος
610 2215 661 2280 περὶ
675 2218 703 2265 τὸ
713 2216 789 2279 δόγμα
804 2222 872 2267 tainu

85 2285 259 2346 διηνέχθησαν·
274 2284 381 2338 εἰπόντος
399 2284 444 2343 γὰρ
461 2284 586 2340 Πλάτωνος
607 2287 653 2343 τὰς
668 2286 709 2348 μὲν
726 2287 821 2349 inpertit<
833 2289 872 2337 καί

85 2354 191 2415 ὀργίλους
207 2356 251 2403 καὶ
266 2353 413 2415 ἀρπακτικόις
429 2355 507 2416 ψυχὰς
523 2355 600 2404 λύκων
614 2358 654 2405 καὶ
664 2358 762 2407 λεόντων
774 2357 874 2420 σώματα

86 2426 318 2487 μεταμφιέννυσθαι,
331 2423 374 2479 τὰς
385 2424 410 2472 bl
432 2426 484 2487 περί
503 2426 545 2483 τήν
563 2426 692 2477 ἀκολασίαν
711 2429 874 2489 ἡοχολημίνας

84 2496 144 2543 ὄνων
153 2497 199 2545 καὶ
212 2500 261 2543 τῶν
273 2494 388 2542 τοιούτων
395 2493 565 2559 ἀγαλιιμθάνειν
576 2498 690 2560 σώματα,
700 2502 722 2547 ol
737 2500 777 2559 μὲν
789 2498 874 2561 κυρίως

85 2565 197 2622 ἥκουσαν
208 2566 264 2620 τοὺς
274 2565 361 2619 λύκους
371 2566 411 2613 καί
425 2565 480 2620 τοὺς
496 2565 590 2622 λίοντας
602 2568 642 2615 καί
652 2566 706 2623 τοὺς
721 2568 800 2626 όνους,
811 2571 832 2617 οί
849 2568 874 2617 dl

84 2642 205 2697 τροπικῶς
223 2636 295 2684 αὑτόν
310 2634 426 2697 εἰρηκέναι
441 2634 584 2696 διέγνωσαν,
596 2636 626 2685 τό
639 2638 684 2694 ἠθη
695 2638 732 2686 διὰ
747 2642 794 2686 τών
808 2638 873 2701 ζῴων

84 2705 287 2767 παρεμοαίνοντα.
302 2702 399 2765 Κρόνιος
415 2701 457 2763 μὲν
471 2701 513 2765 γὰρ
527 2705 552 2752 lu
563 2708 598 2765 τῷ
610 2707 661 2768 περὶ
682 2706 871 2767 παλιγγενεσίας,

84 2776 149 2824 οὕτω
170 2776 196 2824 δὲ
212 2778 282 2823 καλοῖ
301 2774 344 2831 τὴν
369 2774 597 2835 μετενοωμιότωσιν,
611 2776 705 2835 λογικός
724 2777 802 2831 πόσας
816 2778 873 2825 εἶναι

84 2846 212 2904 βούλεται·
229 2844 318 2907 δμοίως
334 2844 360 2891 δὲ
371 2844 411 2891 καὶ
428 2842 573 2906 θεόδωροςό
588 2846 738 2899 Πλατωνικός
755 2846 779 2893 ἐν
792 2850 827 2907 τῷ
838 2846 873 2893 ότι

82 2915 179 2977 ἡψυχὴ
196 2913 275 2964 πάντα
286 2913 317 2962 τὰ
331 2912 382 2971 είδη
392 2912 456 2961 tort·
472 2913 512 2961 καὶ
523 2914 652 2978 Πορρύριος
666 2916 761 2978 δμοίως.
773 2914 872 2978 'laphit-

80 3002 125 3046 χος
141 2987 172 3033 δὲ
186 2987 228 3042 τὴν
242 2983 347 3033 ἐναντίαν
357 2983 445 3038 τούτοις
460 2984 570 3047 δραμών,
580 2987 633 3033 κατ’
649 2985 707 3041 είδος
722 2987 788 3048 ζῴων
797 2988 873 3049 ψυχῆς

80 3056 155 3110 εἶδος
167 3055 230 3102 εἶναι
240 3055 304 3114 λέγει
311 3087 318 3114 ,
326 3053 409 3114 ἤγουν,
418 3053 470 3112 είδη
481 3054 592 3117 διάφορα·
604 3057 731 3117 γέγραπται
741 3059 796 3116 γοὺν
809 3056 873 3117 αὑτῷ

80 3123 240 3186 possessam
253 3123 388 3184 ἑκίγραρον,
400 3123 436 3172 ότι
449 3125 493 3172 οὑκ
502 3124 544 3173 ἀπ’
551 3124 679 3188 ἀνθρώπων
689 3127 720 3181 είς
730 3129 779 3186 ζῷα
790 3125 873 3185 ἀλογα,

6 3227 7 3236 ι
79 3193 142 3243 οὐδὲ
159 3193 211 3241 ἀπὸ
230 3192 298 3254 ζῴων
312 3191 399 3252 ἀλόγων
412 3194 445 3248 είς
461 3193 597 3257 ἀνθρώπους
611 3197 635 3242 αί
654 3195 874 3257 μιτινσωματώσεις

6 3255 7 3310 l
79 3263 212 3323 γίνονται,
229 3260 288 3309 ἀλλὰ
302 3263 340 3309 καί
350 3262 396 3311 ἀπδ
405 3262 473 3324 ζῴων
480 3265 513 3318 τίς
528 3267 586 3325 ζῷα,
595 3265 635 3312 καὶ
645 3265 692 3314 ἀπό
701 3263 829 3326 ἀνθρώπων
842 3266 874 3320 είς

6 3335 7 3374 ί
80 3330 242 3394 ἀνθρώπως·
256 3331 298 3380 καί
307 3347 347 3394 μοι
355 3333 418 3381 δοκεῖ
431 3335 517 3395 μᾶλλον
526 3333 606 3396 οὑτος,
617 3335 685 3382 ἕνεκα
694 3333 787 3393 τούτου,
797 3335 874 3388 καλῶς

6 3451 7 3470 γ
82 3401 282 3462 κατεστοχιίσθαι
293 3401 405 3465 μὴμόνον
416 3410 457 3463 τῆς
465 3401 588 3459 Πλάτωνας
598 3407 703 3466 γνώμης,
713 3403 771 3452 ἀλλὰ
784 3405 874 3462 καὶτῆς

6 3485 7 3504 ³
83 3469 336 3529 ἀληθείαςαὺτῆςκτλ
351 3472 875 3534 SimiliterAEneasGazaeusin'rheophrasto

6 3585 7 3616 ;
85 3554 113 3600 p.
126 3548 158 3590 16
173 3541 211 3590 οδ.
221 3543 316 3592 aaran:
326 3546 357 3593 ot
370 3545 411 3606 μὲν
420 3545 515 3594 παλαιοί
524 3546 674 3607 μυσταγωγοὶ
684 3549 731 3592 τῶν
743 3545 874 3607 λεγομένων

6 3619 7 3624 ’
87 3611 248 3670 μετεκίνησαν
263 3612 345 3674 οὐδέν,
357 3612 383 3662 εὑ
394 3614 481 3668 εἰδότες
497 3613 534 3662 ότι
544 3619 591 3662 τῶν
601 3613 735 3675 Αἰγυπτίων
749 3615 762 3660 ό
775 3612 874 3662 theron

88 3682 204 3740 (Ἀθηῒὴς
210 3681 338 3744 γενόμενος,
344 3684 384 3731 καί
393 3686 448 3746 παρ’
459 3683 553 3734 ἐκείνων
563 3683 777 3744 διατοθρυλλημένος
785 3683 814 3730 τὰ
825 3682 876 3730 ὦτα

89 3751 123 3804 ὥς
135 3753 153 3808 ἡ
167 3755 215 3800 τῶν
225 3751 352 3814 ἀνθρώπων
370 3754 436 3817 ψυχὴ
446 3753 522 3804 πάντα
531 3756 580 3815 ζῷα
595 3753 727 3813 μεταδαίντι
736 3753 875 3815 ,πανταχοῦ

90 3824 140 3866 τῶν
149 3821 227 3882 λόγων
235 3821 364 3884 διασπείρει
372 3825 400 3872 τὸ
413 3823 497 3884 δόγμα.
510 3823 627 3877 Πλωτῐνος
636 3827 692 3884 γοῦν
703 3822 742 3869 καί
750 3821 876 3883 Ἁρποκρα-

91 3887 151 3936 τίων
162 3890 289 3952 ἀμιθεικαὶ
300 3892 388 3949 Βοηθός
397 3892 452 3952 (leg.
462 3891 549 3948 Βόηθος
559 3891 654 3952 utapud
662 3893 875 3954 Strabonemxlv,

93 3961 142 4006 674
155 3959 220 4020 quad
236 3959 339 4008 restituit
352 3959 501 4021 Melneltlus)
517 3961 555 4008 καὶ
566 3962 696 4021 Νουμήνιος
706 3961 746 4009 τόν
758 3965 800 4008 τού
811 3962 875 4009 Πλεί-

94 4028 549 4091 τωνοςίκτίνονπαραλαθόιτες,ίκτίνον
557 4028 704 4090 ἀποδιδόασι,
712 4030 752 4077 καὶ
760 4029 877 4078 τόνλύκον

93 4096 182 4156 λύκον,
195 4100 231 4147 καί
243 4099 283 4147 τθν
293 4097 347 4146 ὄνον
358 4097 427 4155 όνον,
441 4099 481 4146 καὶ
496 4097 510 4145 δ
524 4096 621 4154 πίθηκος
639 4097 718 4154 αὺτοῖς
731 4099 774 4147 οὑκ
790 4099 846 4147 ἀλλο
861 4103 876 4158 ἢ

93 4170 222 4230 τοῦτο,καί
232 4171 245 4218 ό
254 4169 338 4224 κύκνος
351 4169 392 4217 ούκ
404 4169 473 4225 ἄλλος
487 4170 501 4228 ὴ
511 4169 595 4225 κύκνος
603 4169 728 4231 νομίζεται·
737 4171 777 4218 καὶ
784 4172 828 4234 πρὸ
836 4176 877 4220 τοῦ

94 4236 208 4298 σύγκοιτος
217 4240 376 4301 ἐμπίπλασθαι
386 4240 427 4297 rh
441 4238 532 4302 ψυχήν,
541 4239 638 4290 δυνατόν
650 4239 708 4288 είναι
726 4241 820 4301 λέγουσι
838 4242 878 4290 καί

92 4313 146 4364 τοῖς
157 4309 249 4369 ἀλόγοις
265 4309 433 4366 ἐξοικίζεσθαι·
447 4311 467 4372 ᾧ
478 4315 533 4372 γοῦν
547 4312 676 4374 ώμοιώθη,
689 4313 750 4364 κατὰ
759 4317 828 4361 τοῦτο
842 4315 878 4374 ρι’·

93 4393 175 4439 ρεται,
187 4381 242 4438 ἄλλη
258 4381 315 4430 ἀλλο
326 4384 386 4442 ζῷον
399 4382 515 4430 ὑποδῦσα.
527 4382 701 4444 Ἐπιγενόμινοι
711 4383 736 4430 δὲ
752 4385 878 4448 Πορφύριος

94 4451 137 4496 καὶ
148 4449 296 4514 Ἰύμῦιχος,
310 4453 351 4500 καὶ
367 4452 421 4506 τοθς
432 4451 477 4513 πρό
490 4451 566 4500 αὑτῶν
585 4451 656 4516 σοφίᾳ
675 4457 877 4516 περιφρονοῦντες,

94 4520 135 4566 καί
148 4522 294 4585 ἐριθριώντες
304 4523 345 4570 τόν
354 4521 480 4576 Πλάτωνος
491 4519 543 4570 όνον
553 4524 594 4571 καὶ
608 4523 677 4572 λύκον
686 4525 726 4571 καὶ
735 4526 879 4586 ίκτῐνον,καλ

95 4593 285 4650 κατανοήσαντες
294 4594 326 4647 ώς
343 4591 401 4648 ἀλλη
415 4591 456 4652 μὲν
466 4591 559 4652 λογικῆς
573 4593 648 4656 ψυχῆς
659 4595 675 4651 ἡ
687 4593 771 4651 οὑσία,
788 4594 846 4652 ἀλλη
856 4594 880 4642 δὲ

96 4660 200 4723 ἀλόγου,
210 4664 251 4712 καὶ
263 4663 299 4712 ότι
312 4663 340 4712 ού
356 4663 546 4723 μετανίστανται,
557 4664 606 4712 ἀλλ’
621 4664 733 4720 ὡσαύτως
745 4666 838 4726 ἔχουσιν
856 4667 880 4712 αί

95 4731 177 4780 οὑσίαι
187 4733 232 4782 olan
246 4735 274 4782 τό
285 4737 379 4796 πρῶτον
390 4732 515 4794 προῆλθον·
526 4732 554 4781 οὑ
565 4734 610 4795 γὰρ
623 4739 651 4797 τῇ
668 4736 732 4796 ψυχῇ
748 4735 775 4782 τό
789 4735 881 4796 λογικόν

97 4801 243 4862 αυμύεδηκός
268 4807 300 4860 ώς
321 4807 481 4864 μεταχωρεῖν,
501 4801 548 4850 ἀλλ’
568 4803 648 4860 ούσίας
668 4805 766 4868 διαφορὰ
783 4805 881 4867 βεθαίως

98 4871 222 4932 ἱδρυμένοι·
237 4875 277 4924 καί
291 4875 351 4930 ὅλως
369 4873 483 4923 ἀδύνατον
494 4873 533 4921 τόν
545 4873 613 4933 λόγον
633 4877 665 4930 είς
678 4874 773 4934 ἀλογίαν
791 4876 882 4936 μετατί·

101 4941 192 5007 tutat,
206 4947 325 5007 elphaal
339 4946 368 4994 τὸ
383 4944 470 5000 ἄλογον
483 4943 595 5004 φήσουσιν
609 4944 746 5007 ὑφαρπάζειν
761 4950 802 4994 τοὺ
812 4945 883 5006 λόγου

102 5012 141 5068 τὴν
153 5015 233 5074 φύσιν·
244 5023 319 5066 ταῦτα
337 5015 384 5077 ὀψέ
397 5026 458 5060 ποτε
469 5010 665 5076 διαλογιοοίρινοι,
683 5015 883 5078 ὑπερπηδήσαντες

103 5083 130 5130 τό
144 5085 214 5151 α’λογα
233 5095 281 5139 τῶν
301 5091 373 5151 ζῴων
389 5079 558 5145 μεταδαλόντις
571 5084 614 5132 οὑκ
631 5085 663 5141 ιίς
680 5085 732 5132 δνον
748 5081 817 5144 φασίν
834 5083 884 5134 ἀλλ’

917 650 1183 726 propugnatoribus
1194 652 1416 723 annumeranti,
1427 651 1494 709 licet
1505 652 1599 710 δόμοιο
1612 654 1695 711 sirni-

917 732 958 792 lia
971 734 1076 815 habeat
1100 737 1278 811 Augustinus
1292 735 1327 794 de
1345 737 1427 797 civit.
1446 738 1499 796 Dei
1516 737 1553 817 Χ,
1569 742 1606 797 30
1620 741 1692 814 (66).

918 822 973 880 Sed
988 837 1135 899 utcunque
1144 837 1201 896 est,
1213 824 1322 882 fallitur
1336 824 1575 901 wyttenbachius
1581 826 1617 884 ad
1628 827 1694 884 Pla·

917 912 994 969 tonis
1007 911 1181 969 Phaedonem
1196 932 1224 989 p.
1244 913 1278 968 θι
1296 910 1344 971 ed.
1360 911 1458 990 Steph.
1478 912 1553 971 hanc
1566 932 1694 990 sequen-

916 998 987 1056 tiurn
1003 999 1174 1057 saeculorum
1188 1000 1356 1076 opinionem
1368 1001 1396 1058 ei
1411 1000 1543 1059 tribuens
1558 1006 1608 1077 qui
1624 1000 1695 1059 lller·

917 1088 1017 1147 curius
1027 1087 1135 1145 dicitur
1145 1088 1223 1163 apud
1233 1087 1378 1145 Stobaeum
1390 1087 1453 1147 Ecl.
1465 1088 1552 1165 Phys.
1568 1108 1597 1165 p.
1620 1108 1694 1145 rooo

918 1172 1003 1249 (tom.
1015 1172 1038 1245 l,
1055 1194 1083 1251 p.
1101 1184 1159 1248 [γαρ
1172 1174 1219 1231 ed.
1235 1174 1348 1252 Gaisl).
1365 1174 1449 1232 Hunc
1463 1176 1540 1233 euim
1555 1177 1607 1253 qui
1624 1175 1695 1233 salso

915 1260 962 1318 dei
978 1262 1095 1319 nomine
1109 1260 1242 1337 superbit
1255 1263 1417 1321 animorum
1429 1264 1654 1321 immortalitatis
1667 1278 1695 1322 et

916 1348 1225 1424 migrationisqualem
1240 1362 1352 1406 veteres
1365 1350 1534 1408 describunt
1546 1351 1692 1409 vindicem
1786 1392 1801 1408 .

916 1435 1006 1493 luisse
1020 1437 1084 1513 ipsa
1097 1435 1161 1512 ejus
1168 1438 1256 1493 verba
1270 1435 1385 1494 abunde
1401 1437 1526 1513 probant
1542 1440 1612 1513 (67).
1624 1439 1695 1507 Qnae

915 1535 1011 1581 autem
1027 1536 1188 1600 sequuntur
1201 1522 1302 1580 eodem
1318 1523 1451 1581 lemmate
1471 1526 1612 1582 instructa
1629 1546 1694 1584 eum

919 1731 960 1801 γδν
976 1733 1058 1793 φύσιν,
1079 1731 1137 1779 ἀλλὰ
1156 1731 1260 1788 τὴντῶν
1277 1732 1394 1790 σωμάτων
1413 1731 1514 1792 μορφήν,
1538 1731 1697 1794 peraptum-

918 1804 985 1862 σθαι,
1000 1802 1081 1863 ὥσπερ
1091 1798 1134 1848 οὗν
1142 1800 1180 1847 ἐπὶ
1188 1804 1229 1857 τῆς
1239 1804 1325 1857 σκηνῆς
1338 1803 1360 1847 οί
1372 1804 1414 1857 τῆς
1421 1800 1550 1863 τραγῳδίας
1561 1801 1696 1862 ὑποκριταί,

919 1870 941 1919 nl
953 1875 993 1919 νῦν
1011 1870 1052 1932 μὲν
1065 1868 1105 1917 τόν
1120 1869 1279 1930 Ἀλκμαίωνα,
1291 1873 1332 1917 νὺν
1345 1868 1371 1916 δὲ
1383 1869 1424 1917 τόν
1440 1869 1551 1931 Ὀρέστην
1563 1869 1697 1931 ὑποκρίνον-

918 1956 955 1989 ται
965 1942 1016 1989 κτλ.
1029 1969 1060 1981 -
1071 1941 1121 1999 (ta)
1137 1937 1323 1999 olympiodorus
1334 1936 1387 1985 eod.
1401 1939 1445 1997 111,
1458 1950 1482 1999 p.
1497 1940 1525 1986 27
1545 1938 1608 1999 apud
1624 1941 1697 2001 wyt-

919 2008 1072 2057 tenbachium
1088 2008 1106 2056 1.
1121 2020 1143 2055 e.
1160 2033 1191 2041 -
1203 2008 1253 2067 (ολ)
1267 2006 1365 2055 Procius
1376 2005 1407 2054 ad
1425 2005 1479 2055 hmo
1490 2007 1597 2055 Platonis
1611 2007 1635 2055 ln
1655 2008 1698 2058 ni-

919 2091 982 2127 moeu
1001 2078 1073 2127 verba
1097 2079 1128 2133 τίς
1147 2077 1226 2140 θηρίου
1251 2076 1301 2138 βίον
1323 2075 1455 2139 ἀνθρωπίνη
1481 2076 1546 2139 ψυχν)
1569 2077 1697 2139 ἀφικνεῖται

919 2162 943 2212 ρ.
956 2154 1004 2199 319
1018 2149 1060 2211 (p.
1076 2153 1119 2198 301
1135 2146 1173 2198 ed.
1196 2146 1325 2209 solinunt)
1339 2148 1439 2195 adnotat
1457 2160 1464 2195 ι
1479 2148 1500 2196 εί
1512 2147 1533 2195 δ’
1551 2146 1591 2196 οὑν
1609 2149 1650 2197 καὶ
1662 2149 1698 2196 ὅτι

918 2218 1068 2272 Πλατωνικός
1082 2217 1173 2279 δλόγος
1188 2220 1322 2277 ὑπομνῆσαι
1334 2217 1395 2279 χρή,
1411 2218 1567 2281 παραθετίον,
1586 2218 1621 2265 ότι
1637 2219 1698 2267 τείν

918 2287 1030 2350 Πολιτείᾳ
1048 2289 1090 2346 τὴν
1102 2288 1180 2350 ψυχὴν
1193 2291 1235 2335 τοῦ
1247 2288 1361 2351 Θερσίτου
1377 2288 1475 2344 πίθηκον
1489 2287 1606 2337 ίνδύοσθαί
1615 2304 1698 2349 φησιν,

919 2356 967 2405 ἀλλ’
987 2356 1015 2405 ού
1029 2360 1101 2419 σῶμα
1118 2357 1253 2417 πιθὴκειον,
1274 2358 1314 2405 καὶ
1334 2358 1358 2406 ίν
1372 2356 1471 2420 Φαίδρῳ
1481 2358 1584 2406 κατιέναι
1601 2359 1632 2413 είς
1647 2357 1698 2421 βίον

919 2428 1022 2489 θήρειον,
1036 2426 1086 2475 ἀλλ’
1104 2426 1157 2488 οὑχί
1173 2428 1206 2483 είς
1220 2432 1291 2489 σῶμα
1309 2428 1436 2489 θήρειον’ό
1457 2428 1502 2488 γὰρ
1519 2428 1568 2490 βίος
1588 2428 1646 2490 μετὰ
1659 2434 1699 2487 τῆς

918 2494 1007 2551 οἰκείας
1023 2497 1072 2545 ἐστὶ
1085 2498 1176 2558 ψυχῆς·
1196 2498 1237 2545 καί
1251 2497 1275 2545 ίν
1286 2498 1376 2552 τούτοις
1396 2497 1545 2559 μεταθάλλειν
1563 2499 1594 2552 είς
1610 2498 1699 2560 θήρειον

918 2565 987 2627 φύσιν
997 2568 1028 2624 wi
1049 2566 1093 2628 γὰρ
1115 2566 1203 2627 θηρειος
1220 2567 1286 2627 φύσις
1303 2566 1346 2615 οὑκ
1362 2567 1411 2615 ἔστι
1427 2568 1456 2615 τό
1471 2567 1579 2628 σώματί
1596 2568 1698 2631 θήρειον,

918 2635 994 2693 ἀλλ’ἢ
1015 2637 1062 2694 ζωὴ
1078 2641 1120 2683 τοὺ
1141 2636 1229 2699 θηρίου.
1243 2664 1275 2677 -
1286 2635 1336 2697 (66)
1359 2639 1394 2685 De
1409 2636 1518 2685 Hierocle
1533 2636 1587 2684 ride
1608 2636 1696 2685 Plutus.

918 2707 1102 2765 ermerago.
1123 2706 1168 2753 ιοΙ.
1187 2709 1195 2754 Ι
1213 2719 1265 2767 pag.
1279 2710 1324 2754 469
1337 2718 1388 2767 aeq.
1401 2730 1433 2741 -
1443 2704 1494 2770 (σθ)
1508 2705 1656 2766 Augustinus
1667 2705 1697 2753 de

918 2776 984 2824 sirit.
993 2776 1031 2823 dei
1044 2777 1076 2835 Χ,
1086 2780 1135 2824 3οι
1152 2794 1165 2817 α
1177 2775 1302 2824 Platonem
1313 2776 1405 2824 animas
1419 2775 1545 2822 hominum
1566 2775 1622 2831 post
1633 2788 1695 2839 mor·

918 2848 967 2894 tem
981 2844 1072 2893 τονολνί
1084 2844 1198 2905 usquead
1211 2856 1311 2905 corpora
1325 2844 1454 2892 bestiarum
1463 2842 1602 2904 scripsisse,
1618 2842 1697 2891 sertia·

918 2915 1008 2964 simiam
1017 2916 1063 2964 eal.
1078 2916 1147 2964 ilaue
1159 2914 1302 2964 senteutiam
1319 2913 1445 2976 Porphyrii
1457 2911 1541 2962 θοοίοι
1553 2912 1631 2962 aaron
1643 2912 1698 2962 l‘lo·

918 2987 983 3034 tinus
1002 3000 1008 3032 ε
1027 2985 1158 3045 Ροτρλιγιίο
1171 2988 1250 3032 tamen
1269 2984 1322 3045 jure
1341 2982 1470 3046 displicuit.
1493 3002 1505 3026 ν
1525 2984 1562 3031 cr.
1589 2985 1644 3043 xtt,
1659 2989 1697 3031 το.

918 3055 996 3114 xxlt,
1012 3059 1050 3104 27.
1067 3053 1113 3102 Sed
1129 3067 1142 3103 e
1157 3053 1262 3102 Platonis
1276 3058 1357 3103 mente
1371 3052 1542 3108 videturlooui
1559 3051 1623 3115 apud
1646 3054 1701 3100 Sto·

918 3125 998 3174 btenm
1011 3124 1061 3173 Bel.
1072 3124 1145 3185 Phys.
1158 3137 1209 3187 pag.
1226 3129 1285 3173 tosa
1295 3125 1359 3183 (νοΙ.
1370 3125 1383 3180 l
1396 3136 1420 3186 p.
1435 3127 1480 3172 463
1493 3122 1532 3172 ed.
1542 3121 1661 3172 Gaislord.
1673 3122 1697 3184 ):

919 3195 952 3244 ών
974 3195 1016 3256 μὲν
1033 3193 1077 3257 γάρ
1098 3195 1121 3242 ἐν
1137 3198 1166 3256 τῇ
1188 3193 1305 3254 μεταδολῇ
1324 3193 1472 3253 καὶνγενέοει
1490 3193 1517 3240 τὸ
1535 3191 1700 3253 ἐπιθυμητικόν

919 3267 1025 3323 ἐξανθοὺν
1035 3265 1154 3325 ἐπικρατεῖ
1167 3264 1206 3311 καὶ
1222 3263 1370 3323 δυναστεύει,
1385 3265 1475 3317 τούτοις
1485 3263 1517 3317 είς
1526 3262 1588 3318 νωθῆ
1604 3262 1643 3308 καὶ
1654 3261 1701 3308 ed·

919 3352 982 3400 ματα
991 3335 1054 3397 (det.
1065 3336 1104 3382 καλ
1115 3334 1255 3394 ροιίνωθῆς
1267 3332 1331 3395 vulg.
1345 3333 1397 3381 ίσον
1406 3333 1457 3381 ate
1470 3331 1524 3390 καί,
1537 3329 1602 3391 quod
1613 3330 1699 3378 oente-

921 3421 963 3456 τιτι
973 3405 1083 3454 mutabat
1094 3405 1118 3452 in
1132 3406 1164 3460 εἰς
1178 3403 1264 3462 ὀνώδη,
1278 3404 1314 3453 ct.
1331 3402 1431 3452 Photius
1440 3405 1465 3451 et
1481 3401 1567 3450 suidas
1577 3401 1602 3448 in
1612 3412 1636 3446 v.
1654 3403 1700 3457 Κη-

919 3477 1045 3540 φισόδωρος
1055 3491 1063 3536 ;
1073 3474 1114 3522 sed
1127 3474 1325 3536 Harpocrationis
1338 3473 1410 3522 etiarn
1425 3471 1480 3524 libri
1496 3471 1602 3531 plerique
1612 3469 1699 3530 νωθής)

921 3547 960 3594 καὶ
973 3545 1038 3607 βίους
1050 3543 1154 3605 θαλερούς
1167 3544 1208 3591 καὶ
1224 3542 1367 3606 ἀκαθάρτους
1382 3541 1429 3589 ὑπὸ
1450 3537 1582 3601 φιληδονίας
1602 3538 1642 3586 καί
1660 3553 1700 3597 γα·

920 3615 1069 3679 στριμαργίας
1088 3615 1144 3675 φησί
1154 3603 1260 3676 γενόσθθι
1271 3615 1313 3670 τὴν
1323 3612 1461 3672 μεταδολήν.
1474 3634 1504 3644 -
1518 3608 1567 3670 (67)
1577 3606 1664 3669 Ἐρμῆς
1673 3608 1700 3656 ἐκ

920 3693 966 3736 τῶν
990 3687 1048 3748 πρός
1065 3686 1114 3734 Tar
1136 3685 1200 3745 apud
1222 3683 1346 3731 stohenm
1367 3681 1447 3742 Eulog.
1473 3680 1545 3738 Phys.
1566 3689 1618 3738 pag.
1640 3682 1700 3727 ίθθθ

921 3757 989 3816 (lom.
1004 3757 1016 3804 1
1031 3767 1083 3815 pag.
1094 3757 1139 3804 429
1149 3753 1188 3802 ed.
1201 3752 1277 3802 ctist.
1287 3753 1295 3812 )
1307 3751 1373 3801 :ota
1382 3751 1487 3808 ἤκουσας
1496 3748 1520 3796 ίν
1530 3752 1577 3802 τοῖς
1586 3752 1700 3809 γενικοῑς,

920 3827 956 3875 δτι
971 3825 1018 3874 ἀπό
1035 3828 1088 3885 μαἰς
1099 3824 1193 3885 ψυχῆς,
1210 3827 1252 3880 τῆς
1260 3825 1302 3870 τοῦ
1314 3820 1416 3880 παντός,
1428 3823 1503 3868 πᾶσαι
1514 3820 1539 3866 αί
1556 3817 1630 3880 ψυχαί
1642 3820 1699 3868 elau

921 3896 1004 3956 αὑται,
1014 3895 1072 3942 αίάν
1083 3897 1117 3956 τῷ
1126 3893 1196 3941 παντὶ
1211 3892 1295 3954 κόσμῳ
1304 3889 1581 3952 κυλινδούμεναι,.ώσπερ
1596 3889 1700 3936 ἀπονενε·

921 3967 1037 4030 μημέναις
1051 3965 1142 4013 τούτων
1155 3962 1232 4011 τοίνυν
1250 3967 1298 4010 τῶν
1313 3962 1395 4024 ψυχῶν
1412 3960 1496 4008 πολλαί
1514 3960 1539 4006 at
1561 3957 1700 4017 μεταδολαί,

920 4043 967 4086 τῶν
979 4036 1021 4099 μἐν
1031 4037 1063 4090 είς
1074 4035 1102 4084 τό
1118 4034 1293 4097 εὐτυχέστερον,
1304 4037 1351 4084 τῶν
1362 4032 1388 4081 δί
1402 4032 1477 4088 είςτδ
1494 4029 1604 4079 ἐναντίον,
1614 4030 1644 4077 Al
1661 4028 1695 4088 μθ·

921 4110 966 4173 γὰρ
978 4108 1115 4171 ίρπετώδεις
1132 4105 1202 4154 οὑοαι
1216 4106 1247 4160 εἰς
1265 4104 1347 4166 ἔνυδρα
1360 4101 1558 4162 μεταδάλλουσιν,
1577 4101 1601 4146 αί
1613 4099 1638 4146 δὲ
1649 4097 1699 4144 tw·

922 4181 971 4242 δραι
985 4179 1017 4232 είς
1029 4180 1143 4242 χερσαῖα,
1153 4178 1179 4224 ul
1189 4175 1214 4223 δὲ
1224 4177 1332 4236 χερσαῖοι
1344 4174 1376 4228 είς
1391 4170 1499 4228 πετεινά,
1514 4172 1539 4218 αί
1551 4168 1576 4216 δὲ
1587 4167 1660 4228 ιἰέριαι
1670 4181 1699 4214 ου

923 4249 1071 4311 ἀνθρώπους,
1082 4249 1107 4295 αί
1122 4246 1147 4294 δὲ
1159 4245 1301 4305 ἀνθρώπιναι
1320 4243 1394 4306 ἀρχὴν
1414 4239 1542 4293 ἀθανασίας
1562 4237 1656 4299 ἔχουσιν
1670 4236 1698 4313 ρῖ,

923 4319 1033 4380 δαίμονας
1050 4317 1237 4379 μεταδάλλουσαι
1244 4315 1254 4374 ,’
1264 4313 1305 4362 εἷθ’
1317 4315 1392 4367 οὑτως
1401 4313 1433 4368 είς
1447 4311 1486 4358 τόν
1496 4313 1544 4356 τών
1556 4308 1613 4354 θεῶν
1622 4319 1701 4366 χορον·

922 4388 988 4450 χοροί
998 4388 1023 4436 δὲ
1032 4387 1073 4436 δύο
1083 4387 1179 4444 θεών,δ
1195 4384 1236 4446 μλν
1256 4389 1303 4432 τῶν
1316 4383 1487 4443 πλανωμένων,
1499 4379 1512 4424 ὅ
1527 4378 1552 4424 δὲ
1563 4379 1609 4423 1511
1626 4374 1702 4454 &sslff'

923 4464 978 4506 νῶν.
991 4457 1039 4504 Καί
1053 4457 1112 4513 αύτη
1125 4457 1226 4517 ψυχῆςή
1236 4453 1367 4509 τελειοτάτη
1375 4452 1438 4504 δόξα.
1451 4445 1525 4507 Ψυχὴ
1536 4443 1561 4492 δὲ
1571 4443 1602 4497 εἷς
1614 4441 1700 4503 ἂνθρω-

924 4543 982 4582 πους
994 4526 1106 4583 ἐλθοῦσα,
1126 4524 1166 4571 ἐὰν
1178 4524 1241 4581 κακν)
1253 4522 1335 4585 μείνη,
1345 4520 1430 4572 ούποιι
1443 4515 1544 4570 τεύξεται
1558 4511 1702 4594 ἀθανασιας(

924 4597 1067 4650 παλίσσυτος
1078 4594 1102 4643 δὲ
1115 4594 1157 4651 τόν
1169 4593 1222 4641 δδόν
1242 4591 1383 4654 ὑποστρέψαι
1396 4588 1437 4645 τήν
1454 4585 1492 4633 ἐπὶ
1503 4583 1534 4631 τὰ
1546 4583 1639 4664 ἑρπετα.
1655 4582 1701 4662 ilat

926 4667 983 4721 αὑτη
991 4664 1107 4721 καταδίκη
1116 4667 1192 4725 ψυχῆς
1200 4667 1283 4720 κακῆς.
1296 4660 1375 4709 Κακία
1383 4659 1408 4706 δὲ
1417 4659 1493 4718 ψυχῆς
1502 4668 1576 4710 κακῆς
1586 4653 1701 4733 &Wlffl-

925 4737 1000 4798 Ψυχὴ
1007 4737 1052 4798 γὰρ
1060 4734 1129 4795 μηδὲν
1141 4735 1268 4793 ἐπιγνοῦσα
1279 4737 1326 4779 τῶν
1335 4730 1417 4787 όντων,
1425 4725 1484 4788 μηδὲ
1493 4725 1535 4782 τὴν
1540 4725 1629 4775 τούτων
1636 4737 1703 4784 φυσιν
1732 4742 1735 4747 ⁴

926 4805 983 4866 μηδὲ
997 4805 1024 4853 τό
1035 4803 1132 4864 ἀγαθόν,
1141 4802 1305 4864 τυφλώττουσα
1320 4799 1344 4847 δὲ
1356 4797 1483 4846 ἐκτινάσσει
1499 4799 1548 4851 τοῖς
1561 4798 1704 4856 σωματικοίς

925 4875 1019 4934 πάθεσι,
1025 4876 1064 4922 καὶ
1071 4873 1240 4933 ἡκααοδαίμων
1248 4869 1386 4930 ἀγνοήσασα
1391 4867 1474 4924 ἑαυτὴν
1482 4864 1584 4914 δουλεύει
1596 4864 1704 4925 σώμασιν

926 4947 1059 5001 ἀλλοκότοις
1067 4945 1107 4992 καί
1115 4946 1248 5004 μοχθηροῖς,
1255 4941 1334 5010 ὥσπερ
1341 4937 1433 5001 φορτίον
1443 4935 1594 5000 βαστάζουσα
1601 4935 1628 4983 τό
1634 4937 1705 4994 σῶμα

927 5019 966 5065 κατ’
976 5015 1052 5064 οὐκέτ’
1061 5016 1167 5076 ἄρχουσα
1180 5011 1229 5060 ἀλλ’
1241 5010 1367 5073 ἀρχομένη.
1381 5010 1443 5057 Cum
1460 5007 1499 5058 his
1512 5020 1561 5056 nou
1571 5006 1705 5065 congruunt

927 5085 1064 5148 saquenna,
1076 5081 1210 5132 etaiadtlito
1218 5081 1379 5130 {emanaturas
1387 5077 1704 5138 atros.sequuuturautem

101 5151 169 5218 θιώόη
181 5159 304 5226 ἀνθρωπον
321 5159 381 5220 (leg.
398 5162 457 5199 cum
474 5150 599 5210 Wylteuh.
610 5155 692 5216 ζῴων,
706 5155 829 5215 μιτίόαλον
841 5155 884 5203 αύ-
929 5156 981 5205 ίιτου
995 5177 1002 5204 ι
1019 5155 1084 5217 ψυχὴ
1093 5153 1117 5202 δὲ
1130 5151 1262 5214 ἀνθρωπίνη
1273 5155 1341 5200 πᾶσα
1356 5149 1397 5214 μὲν
1411 5148 1454 5211 οὑ,
1466 5147 1512 5207 ἡδ’
1529 5145 1641 5204 εὑσεδιίς,
1651 5145 1703 5193 δαι-

97 5229 130 5286 ti:
143 5233 185 5284 mlx
196 5235 228 5292 εἰς
241 5231 300 5284 όνου
316 5228 411 5291 φύσιν,
426 5217 475 5266 ἀλλ’
489 5219 520 5275 rte
537 5224 612 5283 ὀνώδη
628 5225 780 5288 ιίνθρωπον)Ι
794 5226 822 5274 οὺ
840 5225 885 5288 γάρ
930 5223 1000 5286 μανία
1009 5225 1042 5280 τίς
1053 5225 1102 5272 ίατι
1116 5222 1157 5271 καὶ
1172 5221 1232 5272 θεία.
1243 5222 1289 5272 ίίαί
1302 5225 1318 5279 ἡ
1330 5220 1427 5279 τοιαύτη
1443 5221 1482 5269 καί
1495 5219 1553 5283 μετὰ
1564 5220 1591 5267 τδ
1606 5216 1706 5265 ἀπαλλα-
