3959 5925
230 424 284 475 tte
850 411 1201 473 PYTHAGOREOBUM

226 546 300 606 aeid
320 545 399 611 τόπος
421 544 500 603 πόλιν
516 543 592 611 αύτός
613 546 638 602 έν
653 543 748 625 ἑτέρῳ,
761 543 806 603 καὶ
825 549 901 603 τοῦτο
917 544 1009 625 μέχρις
1026 566 1031 642 γ
1052 542 1099 601 καλ
1112 540 1275 621 ἀδιαίρετον,
1287 543 1370 622 πέρας
1383 542 1431 617 μέν
1444 548 1495 605 ἐντι
1508 549 1545 603 τῶ
1559 551 1753 625 προγεγονότας,
1765 551 1837 631 ἀρχὰ

229 632 329 713 dissipo>
342 633 527 712 συμόασεῑται.
543 632 657 711 ’evat-sxa
672 632 865 712 τοιγαρῶνθτθι
881 630 927 710 μέν
939 631 1008 691 ἄλλα
1027 652 1030 719 γ
1053 629 1081 689 δὲ
1098 634 1136 689 τῶ
1161 630 1307 707 μελλοντος·
1332 627 1421 709 ὥσπερ
1443 631 1488 690 καὶ
1507 644 1634 712 γραμμῑὶς
1655 635 1754 702 εύθείας
1773 640 1838 696 κλα.

226 723 253 779 έν
264 722 337 802 τόπῳ
352 714 429 799 ἧμιν,
442 720 486 781 τὸν
500 722 528 779 δὲ
540 719 617 781 τόπον
633 722 660 779 ἐν
672 722 777 798 μηδενί,
791 722 849 779 ἀλλ’
861 720 929 779 οὕτω
940 742 1008 778 ποτ·
1053 718 1156 787 σθείσας
1170 718 1200 777 τὸ
1212 719 1331 796 σαμιῖον,
1343 720 1403 799 περὶ
1418 718 1577 799 θᾶκλοίσις,
1590 721 1662 802 αἰρχᾶ
1674 722 1722 802 μὲν
1737 724 1839 803 γίνεται

226 808 259 869 τό
274 810 353 887 ὄντα,
370 808 459 890 ὥσπερ
473 810 518 869 καὶ
532 808 566 867 τὰ
580 810 682 888 πέρατα
697 808 759 891 πρὸς
773 807 806 868 τό
817 808 1008 889 περατούμενα·
1052 816 1099 874 τᾶς
1114 806 1201 887 ἐτέρας
1215 809 1357 885 γραμμᾶς,
1369 807 1452 889 πέρας
1463 809 1490 868 δὲ
1503 820 1551 877 τᾶς
1565 810 1665 891 ἑτέροις.
1677 810 1795 891 Συνεχὴς
1812 812 1839 872 δὲ

226 898 304 978 όγθιρ
315 903 354 959 τῶ
367 898 466 967 παντὸς
483 898 576 978 κόσμω
589 898 602 935 ¹³
616 896 693 966 τόπος
711 896 791 978 πέρας
815 898 936 958 ἁπάντων
956 901 1008 955 τῶν
1052 898 1066 953 ὁ
1081 894 1172 975 χρόνος
1185 894 1231 952 καὶ
1246 898 1274 954 ού
1290 896 1477 975 διωρισμένος,
1497 894 1587 978 ὥσπερ
1601 900 1710 979 ἀριθμὸς
1729 901 1775 958 καὶ
1790 900 1839 975 λό-

226 986 307 1047 όντων
321 985 387 1047 ἐστέ.
1052 1004 1098 1059 γος
1121 981 1166 1041 καὶ
1184 981 1307 1063 ἁρμονία·
1320 987 1359 1042 τῶ
1379 982 1427 1061 μέν
1443 983 1495 1065 γὰρ
1516 985 1588 1063 λόγω
1601 986 1646 1043 ταὶ
1659 987 1791 1047 συλλαόαὶ
1806 991 1839 1048 τὰ

268 1076 457 1153 (Simplicius
479 1077 515 1135 ad
532 1079 652 1137 Aristot.
670 1076 768 1152 Categ.
791 1076 810 1133 f.
830 1076 883 1133 135
899 1094 936 1133 ex
951 1076 1010 1133 Ar·
1055 1069 1145 1149 μόρια·
1169 1075 1255 1129 ταῦτα
1281 1070 1309 1129 ii
1329 1072 1500 1152 διωρισμένοι·
1517 1074 1563 1133 καλ
1577 1082 1626 1140 τᾶς
1650 1073 1776 1155 ἃρμονίαι
1798 1076 1839 1134 τοὶ

226 1162 319 1241 chytae
333 1165 410 1223 libro
424 1165 485 1244 περὶ
500 1170 546 1224 τόύ
566 1165 676 1233 παντός.
690 1165 800 1242 Scripsi
814 1162 848 1224 ἑ*
865 1166 1008 1243 τοιγαρῶν,
1052 1157 1159 1238 φθόγγοι
1173 1157 1218 1217 καὶ
1229 1160 1267 1216 τό)
1283 1162 1387 1239 ἀριθμῶ
1402 1161 1448 1219 ταὶ
1469 1161 1588 1238 μονάδες.
1608 1164 1630 1223 Γ
1633 1161 1727 1243 ραμμόι
1744 1164 1771 1221 δέ
1792 1166 1838 1223 καὶ

226 1251 298 1311 libri
315 1257 463 1331 τοιγαροῦν.
479 1254 543 1299 --b
557 1253 665 1330 κόσμοι,
676 1252 761 1311 codd.
777 1252 904 1328 κόσμου.)
923 1272 926 1277 ’
1052 1247 1149 1326 χωρίον
1163 1245 1209 1305 καὶ
1220 1245 1298 1314 τόπος
1312 1253 1420 1326 συνεχῆ·
1439 1248 1473 1306 τὰ
1484 1248 1535 1327 γθρ
1556 1248 1636 1329 μόρια
1652 1250 1750 1309 τούτων
1763 1250 1839 1310 κοινὰ

265 1361 290 1400 s.
306 1338 341 1400 ⁰0
356 1338 403 1417 μέν
415 1340 480 1407 θεῖος
490 1338 643 1418 Ἰόμόλιχος
658 1342 683 1398 έν
693 1343 730 1421 τῷ
743 1338 838 1418 πρώτῳ
849 1342 900 1397 τῶν
916 1340 951 1407 εἰς
962 1338 1009 1406 τὰς
1053 1334 1182 1412 τμύματα
1192 1334 1272 1395 ποιέει
1283 1334 1459 1414 διαιρούμενα·
1475 1336 1598 1413 τέμνεται
1606 1336 1657 1417 γὰρ
1667 1339 1779 1418 γραμμὰ
1791 1339 1837 1417 μὲν

226 1427 384 1508 κατηγορίας
398 1425 594 1506 ὑπομνημάτων
606 1426 650 1486 τὸν
666 1426 935 1507 Ἀρχύτανύρίζεσθαί
944 1450 1009 1507 φησι
1053 1424 1123 1483 κατὰ
1134 1423 1265 1503 στιγμιέν,
1280 1424 1402 1484 ἐπίπεδον
1419 1424 1448 1484 δὲ
1461 1426 1531 1487 κατὰ
1542 1424 1680 1507 γραμμόν,
1694 1426 1799 1506 στερεὸν
1809 1427 1836 1485 δέ

225 1515 269 1575 τόν
283 1515 375 1597 χρόνον
388 1520 422 1583 ὡς
436 1517 492 1576 ἐστὶ
503 1542 516 1571 α
528 1514 642 1581 κινοέσιός
656 1537 694 1582 τις
706 1513 839 1595 ἅριθμόςῆ
851 1514 895 1573 καλ
905 1515 1009 1575 καθόλου
1052 1511 1122 1571 κατὰ
1137 1511 1271 1573 ἐπίπεδον.
1282 1508 1363 1573 Ἔντι
1377 1502 1437 1573 davd
1451 1514 1543 1595 χρόνος
1554 1514 1679 1594 συνεχής·
1695 1516 1724 1572 ού
1741 1514 1792 1593 γὰρ
1807 1506 1837 1587 ἧς

226 1604 360 1681 teimau&
373 1612 421 1673 τᾶς
435 1606 473 1662 τῶ
487 1602 586 1669 παντὸς
601 1601 700 1683 ρόσιρς.
716 1630 729 1655 ν
1053 1622 1125 1658 ποκα
1136 1599 1225 1679 φύσις,
1234 1598 1319 1659 όπόκα
1332 1599 1425 1680 χρόνος
1442 1604 1489 1661 οὐκ
1499 1594 1540 1675 ἧς,
1557 1602 1616 1661 οὐδὲ
1630 1602 1741 1674 κίνασις,
1753 1603 1837 1662 sessa

266 1692 453 1774 (Simplicius
473 1692 508 1751 ad
523 1694 645 1751 Aristot.
660 1691 749 1769 Phys.
765 1689 785 1747 f.
809 1690 863 1748 186
876 1690 906 1750 b.
922 1689 1010 1749 Simi·
1040 1690 1083 1761 „ad
1095 1692 1141 1747 νῦν
1151 1691 1179 1747 ού
1192 1693 1287 1768 παρῆς·
1298 1692 1357 1749 ἀλλ’
1369 1690 1411 1749 aiei
1423 1682 1455 1762 ἧς
1466 1691 1511 1749 καὶ
1521 1693 1637 1751 όσσεῖται
1650 1690 1695 1749 καὶ
1708 1690 1838 1750 ούδέποκα

225 1782 293 1841 liter
314 1784 350 1841 nd
363 1782 452 1859 Phys·
478 1765 570 1841 [163
591 1797 629 1836 a:
646 1780 669 1837 oi
686 1776 714 1835 δέ
728 1776 775 1848 eds
792 1784 906 1856 σφαῖραν
929 1777 1008 1837 αὐτόν
1052 1776 1180 1856 ἐπιλείψει
1192 1776 1221 1835 τὸ
1233 1782 1290 1850 νῦν,
1306 1779 1372 1837 ἄλλο
1385 1779 1432 1838 καὶ
1441 1777 1508 1837 ἄλλο
1520 1779 1665 1857 γινόμενον,
1676 1778 1721 1836 καὶ
1734 1781 1837 1860 ἀριθμῷ

225 1869 353 1951 (χρόνον)
368 1876 414 1928 τοῦ
426 1871 536 1949 ούρανοῦ
552 1866 667 1947 (φασιν),
682 1868 718 1932 ὡς
730 1863 790 1931 τοθς
813 1864 1010 1945 Πυθαγορικούς
1054 1861 1101 1940 μέν
1116 1862 1219 1944 ἅτερον,
1234 1864 1299 1924 εἴδει
1313 1864 1341 1923 δέ
1352 1864 1459 1925 τωυτόν.
1480 1866 1604 1947 Διαφέρει
1622 1864 1650 1925 δὲ
1660 1864 1773 1946 γραμμὰ
1786 1870 1838 1924 τῶν

225 1959 357 2035 ἱστοροῦσι
371 1954 456 2033 λέγειν
469 1957 493 2013 οἱ
513 1955 728 2035 παρακούσαντες
745 1953 808 2019 ἴσως
821 1956 868 2009 τοῦ
882 1952 1009 2032 Ἀρχύτου
1054 1950 1141 2010 ἄλλων
1158 1953 1300 2032 συνεχέων,
1312 1952 1352 2012 ότι
1367 1962 1415 2022 τᾶς
1430 1955 1477 2029 μὲν
1486 1964 1612 2033 γραμμᾶς
1629 1952 1675 2012 καὶ
1690 1958 1728 2012 τῶ
1741 1956 1834 2033 χωρίω

226 2044 344 2123 λέγοντος
355 2042 468 2104 καθόλου
483 2042 527 2102 τόν
542 2029 636 2123 χρόνον
660 2041 795 2118 διάστημα
813 2046 861 2113 τῆς
879 2046 928 2100 τοῦ
941 2066 1010 2100 παν·
1053 2038 1099 2099 καὶ
1112 2039 1278 2100 τῶτόπωτόι
1293 2040 1374 2121 μέρεα
1389 2040 1532 2120 θρέστακε,
1547 2044 1586 2099 τῶ
1601 2041 1628 2100 δὲ
1643 2040 1731 2121 χρόνω
1741 2041 1775 2100 τὰ
1789 2043 1838 2119 μὲν

129 2196 134 2205 ,
225 2131 267 2199 τὸς
285 2131 396 2211 φύσεως.
415 2130 498 2189 Adde
511 2131 634 2189 eundem
649 2131 682 2188 in
696 2130 794 2205 Categ.
812 2128 831 2189 f.
849 2150 904 2207 129
915 2149 943 2206 a,
957 2129 1009 2188 ubi
1053 2126 1182 2205 γινόμενα
1197 2128 1332 2209 ἔφθαρται,
1342 2127 1375 2185 τό
1388 2127 1415 2187 δέ
1430 2128 1593 2206 γεναοόμενα
1607 2127 1778 2209 φθαρήσεται,
1871 2192 1876 2202 ⁴

227 2234 322 2278 tamen
340 2217 455 2286 κινόσιός
468 2242 537 2286 τινος
560 2216 668 2298 αἰριθμός
688 2218 795 2294 legitur
818 2238 873 2295 pro
894 2216 1009 2286 κινόσιός
1093 2215 1282 2295 (Simplicius
1309 2219 1340 2275 in
1376 2218 1543 2276 Aristotelis
1566 2217 1655 2295 Phys.
1680 2218 1701 2277 i.
1731 2220 1787 2277 186
1808 2240 1837 2277 a.

224 2312 292 2387 τις.)
634 2362 639 2373 ,
1052 2306 1184 2364 Eundem
1209 2306 1341 2383 Archytae
1367 2307 1465 2364 locum
1487 2308 1520 2364 in
1535 2306 1649 2365 Comm.
1674 2305 1712 2363 ad
1735 2306 1835 2384 Categ.

265 2416 289 2456 s.
303 2395 329 2453 T
330 2395 344 2453 ὸ
367 2395 395 2451 di
408 2392 479 2453 πύκα
493 2391 539 2452 καλ
552 2396 565 2451 ό
578 2388 675 2472 χρόνος
686 2390 796 2451 καθόλου
812 2390 859 2467 μὲν
873 2390 937 2449 ἴδιον
953 2392 1009 2468 ἔχει
1053 2395 1072 2456 f.
1101 2393 1189 2452 130b
1206 2394 1302 2469 essert,
1322 2398 1362 2453 ita
1375 2407 1472 2452 tamen
1487 2407 1518 2451 ut
1534 2414 1589 2472 pro
1607 2394 1719 2453 doricis
1731 2414 1837 2455 vocum

224 2482 255 2542 τὸ
267 2482 363 2562 ἀμερὲς
376 2481 421 2541 καὶ
435 2481 465 2539 τὸ
481 2478 667 2539 ἀνυπόστατον·
684 2479 713 2536 τὸ
731 2478 781 2558 γὰρ
797 2485 841 2537 νῦν
856 2478 951 2557 ἀμερές
968 2480 1008 2537 ἐὸν
1053 2482 1156 2539 formis
1171 2483 1274 2540 atticas
1290 2484 1337 2539 vel
1353 2502 1523 2541 communes
1544 2482 1711 2541 substituat.
1730 2482 1837 2561 Sequi-

224 2572 270 2632 καὶ
286 2574 425 2650 λεγόμενον
438 2570 493 2650 ἅμα
515 2570 560 2628 καὶ
572 2570 708 2647 νοεύμενον
724 2570 891 2649 παρελήλυθε
904 2569 949 2627 καὶ
961 2573 1009 2629 οὐκ
1052 2581 1100 2626 tur
1123 2568 1282 2647 Archytas,
1312 2570 1360 2627 vei
1381 2570 1550 2648 quicunque
1572 2570 1662 2646 hujus
1681 2571 1835 2646 fragmenti

225 2659 279 2719 ἔντι
299 2660 463 2740 παραμένον·
488 2656 622 2736 γινόμενον
641 2656 692 2737 γὰρ
713 2661 829 2736 συνεχῶς
851 2658 934 2715 τωυτὸ
960 2657 1007 2734 μὲν
1052 2669 1154 2714 auctor
1170 2669 1224 2727 est,
1241 2657 1273 2715 iu
1288 2660 1428 2735 temporis
1450 2671 1555 2715 natura
1576 2658 1744 2716 definienda
1765 2662 1835 2719 itri-

225 2747 354 2808 ούθέποκα
377 2747 507 2807 σόισδεται
531 2748 591 2805 κατ’
617 2744 740 2826 ἀριθμόν,
770 2745 838 2803 κατὰ
861 2746 949 2823 μέντοι
978 2768 1007 2820 γε
1052 2745 1184 2803 stoteIem
1194 2744 1283 2821 Phys.
1299 2765 1378 2805 ausc.
1393 2745 1444 2806 iib.
1457 2745 1495 2809 lv
1512 2765 1575 2824 cap.
1596 2755 1720 2818 10-14,
1730 2767 1760 2825 p.
1778 2768 1834 2823 217

224 2834 255 2893 τὸ
283 2824 358 2901 εἶδος.
412 2832 447 2894 Ὁ
468 2832 519 2913 γὰρ
537 2831 649 2899 ἐνεστὼς
667 2838 713 2891 νῦν
729 2832 822 2913 χρόνος
836 2832 915 2891 καὶὸ
941 2832 1008 2907 μέλ·
1052 2830 1238 2900 Ι).-απ4α
1257 2833 1303 2894 ed.
1331 2833 1452 2894 Βούλιοι.
1469 2834 1545 2892 hanc
1563 2835 1714 2893 materiam
1737 2840 1835 2914 copio-

224 2924 277 2982 λων
301 2925 348 2981 οὐκ
362 2922 416 2981 ἕντι
437 2920 520 2987 ωθτός
538 2924 576 3000 τῷ
590 2920 769 2999 προγεγονότι·
784 2923 798 2978 ό
814 2917 925 3002 μὲνγὰρ
945 2922 1008 2981 ἀπο-
1053 2915 1169 2981 sissime
1184 2926 1376 2997 tractantem.)

224 3008 314 3091 γέγονε
336 3009 381 3068 καλ
396 3010 443 3066 ούκ
457 3007 496 3066 ἔτι
518 3007 579 3064 ἐντί·
600 3007 654 3065 ddi
671 3006 727 3083 όμα
739 3007 879 3084 νοούμενος
894 3006 939 3064 καὶ
955 3012 1008 3068 ε’νε-
1093 3029 1115 3070 e.
1138 3011 1174 3067 Oi
1184 3010 1210 3066 δέ
1226 3010 1286 3088 περὶ
1304 3008 1414 3078 Εὔδοξον
1431 3009 1476 3069 καὶ
1489 3009 1618 3090 Ἀρχύταν
1632 3011 1677 3070 τόν
1691 3010 1769 3089 λόγον
1781 3015 1833 3069 τῶν

225 3095 330 3162 στακιὶις
349 3093 505 3175 παρῴχηκε.
568 3093 621 3153 Καὶ
646 3094 727 3160 οὕτως
758 3096 798 3153 ἀεὶ
827 3096 952 3156 συνάπτει
977 3097 1008 3156 τό
1053 3097 1209 3174 συμφωνιῶν
1226 3097 1252 3152 ἐν
1268 3099 1386 3175 ἀριθμοῖς
1400 3095 1484 3176 ᾤοντο
1497 3087 1576 3172 εἶναι,
1593 3099 1780 3175 ὁμολογοῦντες
1791 3100 1837 3158 καὶ

224 3181 276 3247 νῦν,
288 3177 401 3253 συνεχῶς
413 3173 478 3232 ἄλλο
490 3173 536 3232 καὶ
548 3173 612 3231 ἄλλο
623 3174 758 3250 γινόμενον
769 3174 814 3232 καὶ
830 3177 1007 3254 φθειρόμενον,
1054 3185 1139 3241 αὐτῶν
1151 3185 1177 3240 ἐν
1190 3183 1322 3252 κινήσεσιν
1339 3176 1405 3241 εἶναι
1419 3184 1477 3250 τούς
1488 3184 1589 3262 λόγους·
1603 3185 1649 3243 καὶ
1660 3186 1708 3255 τήν
1726 3187 1774 3260 μὲν
1785 3211 1835 3245 τα-

225 3259 294 3323 mii
307 3263 397 3340 tti'mi
407 3285 437 3340 Y!
451 3261 481 3321 'td
495 3253 665 3329 ἔῖδθςτωυτό.
679 3265 739 3322 Πᾶν
752 3265 802 3343 γὰρ
815 3265 845 3322 τὸ
856 3269 900 3322 νῦν
913 3265 1008 3345 ἀμερές
1054 3277 1131 3347 χεῖαν
1148 3269 1250 3340 κίνησιν
1270 3271 1353 3338 ὀξεῖαν
1374 3263 1440 3329 εἶναι
1448 3318 1455 3342 ,
1474 3271 1520 3329 ἅτε
1538 3271 1706 3342 τολήττουσαν
1730 3275 1837 3354 συνεχές

225 3458 352 3521 sustinuit,
369 3458 476 3518 spatium
493 3457 567 3506 etiam
587 3457 666 3518 ipsum
687 3470 772 3507 rursus
786 3457 811 3506 in
822 3457 898 3507 attero
919 3459 951 3508 sit
968 3473 1010 3510 ne·
1028 3460 1031 3519 i
1052 3463 1155 3525 cretum,
1168 3463 1222 3512 tinis
1233 3463 1330 3526 quidem
1343 3464 1471 3527 preteriti,
1483 3464 1579 3514 initium
1591 3466 1673 3515 autem
1688 3466 1765 3516 tuturi
1776 3472 1837 3516 tem·

224 3560 290 3598 cesse
304 3549 350 3610 est,
362 3545 435 3609 idque
450 3545 476 3594 in
496 3545 643 3594 immensum
665 3544 802 3607 pertinebit.
818 3547 919 3596 Necesse
937 3547 1009 3610 igitur
1028 3564 1031 3624 γ
1051 3549 1117 3612 poris
1132 3551 1183 3609 est;
1196 3550 1401 3612 quemadmodum
1417 3551 1490 3601 etiam
1508 3553 1581 3603 rectae
1596 3552 1666 3603 iiueae
1682 3553 1754 3604 tiemo
1772 3569 1837 3617 pune

224 3637 269 3697 est,
290 3637 368 3685 cetera
387 3633 484 3696 quidem
499 3633 523 3682 in
545 3632 632 3695 spatio,
654 3633 760 3694 spatium
780 3645 838 3683 vero
859 3634 925 3683 nuile
944 3635 968 3684 in
982 3648 1009 3686 re
1028 3625 1031 3713 i
1052 3641 1128 3699 ctum,
1141 3641 1205 3690 cirea
1223 3642 1288 3704 quod
1305 3642 1409 3693 deflexio
1422 3643 1470 3704 sit,
1483 3643 1584 3693 atterius
1595 3643 1693 3706 quidem
1706 3645 1776 3694 iinee
1790 3646 1836 3694 ini·

224 3736 286 3784 esse.
303 3722 346 3772 seu
357 3721 458 3790 undem
475 3720 565 3770 lubere
581 3719 699 3769 rationem
712 3720 743 3769 ed
757 3733 806 3783 res.
817 3734 890 3784 quam
905 3723 964 3773 ines
976 3723 1009 3772 ad
1028 3717 1031 3789 Ι
1052 3729 1320 3792 sternutamentum
1331 3712 1835 3794 suiectusantemtempusperpeuum

224 3812 299 3872 finita,
314 3809 429 3872 quoniam
443 3808 722 3870 universitatisspatium
735 3809 846 3858 omnium
860 3811 1007 3860 aeruminis
1051 3829 1131 3879 neque
1148 3817 1282 3880 definitum,
1307 3823 1335 3868 ut
1355 3832 1471 3869 numerus
1488 3820 1514 3868 et
1533 3819 1635 3868 verbum
1658 3823 1683 3869 ες
1702 3819 1835 3880 harmonia,

224 3898 270 3948 est.
1009 3955 1013 3962 .
1052 3903 1172 3964 siquidem
1185 3905 1254 3953 verbi
1273 3909 1352 3965 partes
1374 3903 1472 3966 syllabae
1486 3905 1558 3961 suut.
1572 3917 1627 3966 quoe
1643 3905 1701 3953 suut
1720 3903 1835 3964 definitae,

193 4028 195 4032 .
254 3989 278 4034 [ι.
291 3981 1007 4044 λαωυῑίυἰιυε,ιιοιυοόίνὶιιυε,ἰιιριὶιιιοοοιιιπιιιιιιιίοιιιιυ
1051 3991 1109 4040 item
1122 3991 1255 4065 hermoniae
1268 3999 1346 4053 partes
1359 3991 1410 4040 soni
1426 3992 1556 4042 etnumeri
1571 3991 1696 4041 monades.
1712 3991 1759 4041 sed
1774 3992 1835 4040 tinea

224 4073 248 4124 1ss
264 4072 394 4135 θθῖθῧθῐῑῧ
405 4071 576 4132 Αῑθθθῑθωθθ
585 4071 683 4133 temi1¹1⁸
696 4071 729 4120 5¹³
738 4069 845 4132 definiit,
862 4073 888 4120 [θ
902 4083 954 4120 0⁵⁵⁰
966 4069 1006 4118 θῑ·
1052 4080 1076 4128 et
1096 4079 1177 4141 ngurae
1188 4092 1243 4127 area
1262 4083 1287 4129 et
1299 4079 1404 4139 spatium
1418 4079 1531 4129 contiuua
1542 4082 1612 4140 suut;
1629 4092 1735 4141 namque
1749 4079 1834 4128 hamur

223 4158 504 4224 cetmotusqeendam
519 4171 658 4209 numerum
674 4157 806 4208 ueletiam
820 4160 1006 4208 omnteocreo·
1054 4179 1135 4216 ferum
1155 4171 1234 4227 panes
1254 4167 1399 4216 consumam
1416 4167 1558 4216 (eommunia
1574 4172 1698 4228 segmenta
1718 4167 1833 4229 emerunt,

223 4248 444 4298 ceremonensem
457 4256 548 4295 restim
560 4244 740 4295 θθέθθθθῖῑθθθ·
880 4285 881 4293 ι
1051 4257 1166 4320 qnoniam
1185 4256 1250 4306 tinea
1265 4261 1372 4320 puncto,
1395 4257 1493 4320 piauum
1513 4257 1585 4316 tinea,
1606 4257 1710 4306 solidum
1731 4256 1836 4319 denique

255 4343 277 4386 ⁵·
288 4335 351 4386 Ῑθθθ
365 4339 446 4383 distem
456 4332 563 4397 quando
576 4337 601 4382 (θ
612 4335 709 4395 έθῐθθθ3
720 4333 818 4382 θῐθθῑθθ
830 4332 952 4396 Ρῐθθθθῑθ
967 4332 1009 4382 ¹¹³·
1051 4345 1123 4407 piano
1134 4349 1239 4395 secatur.
1253 4348 1298 4395 Est
1309 4346 1381 4409 igitur
1399 4350 1497 4408 tempus
1511 4351 1667 4408 perpetuum
1681 4346 1834 4408 nequeenim

224 4424 266 4475 θλθθ
278 4427 390 4472 flaturam
409 4424 461 4472 tuin
477 4420 627 4471 individuam
642 4423 694 4469 iutn
714 4433 762 4470 tion
779 4421 965 4483 subsistentem
986 4423 1008 4472 i·
1028 4446 1031 4472 ι
1051 4445 1158 4495 unquam
1173 4433 1311 4483 [uitremm
1322 4437 1399 4495 orius,
1414 4445 1490 4495 quum
1504 4435 1601 4495 [empus
1613 4446 1662 4482 non
1677 4438 1836 4495 essggnpque

224 4520 294 4581 psum
308 4518 372 4568 enim
384 4529 465 4578 nunc,
479 4526 555 4578 quum
571 4512 723 4563 individuum
732 4511 772 4574 sit,
786 4513 857 4562 simui
876 4513 969 4564 dictum
983 4520 1008 4567 et
1027 4479 1031 4560 θ
1051 4524 1139 4583 metus,
1156 4533 1232 4581 quum
1244 4521 1324 4582 ipsum
1337 4532 1409 4570 nunc
1425 4533 1474 4570 non
1493 4520 1598 4583 adesset,
1617 4521 1659 4570 sed
1677 4533 1772 4582 semper
1790 4519 1836 4568 init

223 4606 354 4669 cogitatum
371 4603 486 4667 praeteriit
506 4614 585 4665 neque
596 4601 721 4661 consistit;
735 4602 824 4664 quippe
837 4605 951 4664 perpetuo
962 4617 1006 4652 ua·
1028 4632 1031 4676 i
1050 4611 1125 4670 atque
1136 4607 1182 4658 erit
1195 4621 1273 4670 neque
1289 4621 1399 4670 uuquam
1418 4607 1514 4658 deficiet
1527 4608 1575 4658 noc
1587 4621 1666 4668 nuuc,
1680 4609 1752 4657 etiam
1762 4610 1836 4670 atque

225 4707 295 4746 scens
306 4706 431 4757 nunquam
452 4691 551 4755 quidem
566 4703 681 4750 numero,
696 4689 738 4739 sed
756 4692 837 4739 tamen
851 4691 930 4752 specie
942 4691 1007 4741 idem
1027 4677 1031 4762 i
1051 4695 1122 4744 eliam
1134 4699 1247 4746 naturam
1256 4696 1368 4758 induens,
1380 4698 1404 4746 et
1415 4710 1517 4746 numero
1531 4697 1628 4760 quidem
1638 4697 1767 4758 variatum,
1779 4709 1833 4759 spe·

226 4787 314 4834 manet.
328 4782 423 4833 Etenim
441 4784 537 4844 tempus
549 4791 613 4830 nuuc
624 4791 729 4841 praesens
740 4783 766 4830 et
780 4779 888 4829 futurum
907 4793 956 4830 non
966 4787 1005 4830 est
1027 4769 1030 4841 i
1050 4784 1088 4833 cie
1099 4788 1178 4833 eutem
1193 4783 1257 4833 idem
1273 4796 1382 4834 maneus.
1409 4786 1523 4835 ceterum
1541 4798 1570 4834 eo
1581 4783 1662 4834 dissert
1674 4784 1737 4833 tinea
1748 4797 1763 4833 a
1776 4783 1833 4832 reti·

224 4875 287 4925 idem
297 4874 362 4937 quod
374 4874 535 4937 praeteritum
548 4872 667 4936 siquidem
682 4871 728 4922 hoe
739 4870 798 4922 abiit
811 4884 889 4934 neque
902 4872 1006 4934 amplius
1027 4846 1030 4871 Ι
1050 4871 1107 4934 quis
1119 4871 1192 4922 rebus
1200 4871 1334 4932 coutinuis,
1343 4870 1409 4934 quod
1422 4875 1472 4920 tam
1484 4872 1637 4934 tineaequam
1650 4884 1714 4921 areae
1723 4875 1749 4921 et
1760 4870 1833 4934 spatii

223 4966 269 5026 est,
279 4964 339 5013 iilud
361 4963 433 5020 simul
452 4963 584 5024 cogitatum
607 4963 633 5011 et
645 4973 751 5022 presens
772 4963 886 5010 exactum
903 4961 947 5010 eat.
968 4963 1006 5010 lta
1050 4964 1129 5023 partes
1142 4966 1247 5024 exstem,
1263 4963 1289 5012 at
1299 4963 1363 5012 sicut
1375 4963 1490 5025 preteriti
1502 4961 1618 5024 temporis
1633 4961 1758 5011 hominum
1771 4961 1834 5010 eeu

223 5062 317 5112 semper
330 5052 405 5102 instat
415 5052 495 5114 ipsum
508 5063 588 5114 κιιιιο,
600 5049 749 5100 continenter
763 5049 836 5098 etiam
849 5049 921 5110 atque
934 5047 1005 5098 eiiam
1049 5049 1215 5110 exoleverunt,
1229 5050 1263 5098 ita
1277 5050 1353 5100 tuturi
1368 5050 1513 5100 exolescent.

223 5142 334 5190 naturam
349 5140 450 5191 indueus
466 5140 569 5202 ideoque
584 5140 740 5202 exstinctum,
754 5139 924 5202 specietameu
941 5137 1004 5189 idem
1081 5143 1105 5187 e.
1121 5140 1154 5187 at
1170 5137 1287 5187 Eudoxus
1304 5140 1329 5187 et
1350 5137 1469 5199 Archytas
1489 5137 1604 5188 rationem
1625 5139 1788 5187 concentuum
1809 5137 1832 5185 in

225 5241 330 5278 manens.
350 5233 428 5279 omne
440 5229 502 5278 enim
515 5229 578 5278 istud
593 5239 671 5292 παιιο,
686 5232 714 5277 ιιι
724 5227 877 5277 individuum
889 5229 913 5277 et
927 5226 1003 5275 india·
1048 5225 1157 5276 numeris
1169 5237 1222 5275 esse
1239 5227 1518 5288 positamccusueruet,
1539 5225 1701 5277 concedentes
1717 5227 1790 5276 etiam
1809 5224 1832 5274 ia
