3959 5925
567 348 737 422 EJUSQUE
759 348 979 409 DISCIPULIS
1001 351 1051 410 ΕΤ
1077 351 1412 438 SUCCESSORlBUS.
1720 382 1780 424 xxv

176 484 232 542 lib.
249 481 278 539 ll
290 501 354 559 cap.
372 482 402 557 8,
418 480 502 557 cujus
521 480 611 538 verba
630 481 719 539 latine
733 480 846 539 reddita
859 481 901 539 sic
916 502 963 540 so-
1011 484 1089 542 enim
1118 483 1296 557 laboramus,
1312 488 1459 563 quomodo
1486 488 1653 548 Aristoteles
1680 490 1788 572 llippo-
1835 477 1842 491 ’

180 583 251 631 nant
266 591 273 627 :
291 596 303 621 u
322 567 520 645 Hippodamus
533 582 645 639 autem,
663 568 860 647 Euryphontis
871 571 959 645 lilius,
1008 569 1123 628 damum
1135 646 1137 652 Α
1148 572 1294 659 refutarit.
1320 573 1435 651 Quippe
1460 594 1545 657 nemo
1567 576 1698 655 ignorat,
1722 600 1786 640 eum

177 658 321 725 Milesius,
335 657 387 733 qui
408 668 437 712 et
458 654 576 714 urbium
598 656 772 715 divisionem
792 662 963 736 repperiret
1008 656 1152 715 interdum
1184 660 1487 738 reprehendendorum
1526 676 1657 733 veterum
1699 670 1786 744 paulo

181 747 325 805 Piraeeum
350 745 382 801 in
407 754 504 820 partes
526 743 698 822 descripsit,
724 745 772 802 vir
797 746 828 803 in
850 746 963 823 reliqua
1008 745 1188 819 cupidiorem
1212 748 1316 819 fuisse,
1331 768 1384 807 nec
1410 768 1524 827 semper
1537 751 1606 809 satis
1628 752 1706 811 bona
1731 756 1787 814 fide
1863 814 1866 821 ,

181 835 242 893 vita
266 844 386 911 propter
402 829 590 889 ambitionem
612 852 710 890 rerum
734 852 961 911 supervacanea·
1007 835 1139 893 retulisse
1152 854 1252 893 eorum
1271 836 1426 894 sententias
1440 856 1514 913 quos
1535 838 1709 914 redarguere
1729 856 1786 901 sta·

184 942 249 980 rum
262 919 430 992 studiosior,
445 921 516 979 adeo
530 932 562 977 ut
579 921 727 978 nonnullis
748 914 903 979 curiosius
913 923 960 981 vi·
1006 922 1192 999 tuissetl7l1).
1207 922 1298 1000 Cujus
1310 925 1353 982 rei
1368 944 1458 983 unum
1471 925 1590 983 afferam
1607 912 1783 1007 exemplum.

184 1031 252 1070 vere
264 1010 410 1068 rideretur
426 1008 512 1065 simul
528 1008 700 1086 capillorum
713 1021 740 1065 et
756 1009 922 1086 prolixitate
933 1006 975 1067 et'
1008 1011 1057 1068 dit
1074 1011 1244 1069 Aristoteles
1266 1014 1412 1070 civitatem
1427 1016 1462 1070 ab
1478 1013 1662 1092 Hippodamo
1685 1018 1785 1078 distri·

182 1111 286 1159 ornatu
307 1108 475 1167 sumtuoso,
500 1096 585 1154 simul
613 1098 702 1155 vestis
726 1097 797 1155 vilis
825 1097 959 1175 quidem,
1006 1097 1105 1156 butam
1119 1119 1182 1158 esse
1197 1100 1229 1157 in
1242 1112 1302 1158 tres
1314 1094 1471 1178 partes‚in
1485 1102 1610 1162 artifices
1616 1146 1626 1173 ,
1644 1108 1785 1181 agricolas

180 1187 230 1245 sed
256 1183 383 1263 duplicis
399 1183 476 1243 mole
496 1204 555 1242 non
576 1184 669 1242 solum
692 1182 817 1242 hiberno
832 1198 960 1262 tempore
1006 1199 1035 1243 et
1052 1186 1171 1245 milites.
1187 1188 1225 1243 At
1245 1187 1297 1244 ille
1312 1188 1456 1246 civitatem
1479 1202 1538 1247 tres
1565 1190 1598 1248 in
1618 1204 1713 1268 partes
1737 1195 1784 1252 de·

178 1293 280 1331 verum
294 1272 382 1330 etiam
393 1272 510 1347 aesrivo,
523 1291 613 1348 quum
628 1271 740 1348 alioqui
750 1272 860 1349 peritus
872 1274 961 1331 totius
1007 1274 1179 1351 scripserat,
1194 1294 1316 1351 quarum
1333 1277 1457 1352 primam
1482 1276 1587 1335 fecerat
1608 1296 1708 1337 eorum
1734 1284 1785 1358 qui
1870 1349 1873 1353 ν

177 1366 290 1421 naturae
316 1360 479 1438 speculator
504 1378 567 1419 esse
592 1359 693 1431 vellet,
718 1360 830 1437 primus
858 1379 957 1418 eorum
1006 1361 1131 1419 consilio
1165 1361 1373 1439 rempublicam
1408 1360 1604 1438 gubernarent
1629 1385 1637 1424 :
1658 1368 1784 1438 ¹alteram

178 1452 231 1528 qui
246 1448 453 1526 rempublicam
467 1468 526 1506 non
546 1444 797 1518 administratum,
810 1466 960 1523 aggressus
1006 1469 1106 1508 eorum
1119 1450 1171 1527 qui
1191 1468 1252 1507 eam
1271 1450 1359 1508 armis
1381 1449 1568 1508 defenderent
1592 1474 1599 1508 ε
1617 1455 1729 1512 tertiam
1748 1475 1785 1513 ex

179 1552 224 1597 est
238 1538 350 1615 aliquid
363 1538 399 1623 de
417 1537 527 1615 optima
549 1534 699 1613 republica
714 1535 822 1595 dicere.
836 1535 960 1613 Compo·
1005 1537 1043 1595 iis
1055 1538 1243 1595 constituerat
1253 1537 1305 1614 qui
1319 1550 1395 1595 artes
1406 1539 1583 1596 necessarias
1597 1555 1781 1614 exercerent,

182 1625 271 1685 nebat
294 1638 386 1683 autem
414 1626 562 1683 civitatem
590 1624 621 1682 in
646 1636 702 1681 tres
720 1636 817 1701 partes
837 1623 958 1682 divisam
1005 1638 1091 1701 atque
1106 1624 1137 1682 in
1149 1624 1225 1683 hanc
1238 1638 1412 1701 postremam
1426 1638 1454 1682 et
1469 1626 1587 1703 opifices
1601 1639 1630 1683 et
1644 1629 1784 1702 agricolas

181 1726 318 1791 quantum
333 1713 368 1770 ad
380 1713 708 1771 incolarum·numerum
724 1730 761 1769 ex
771 1710 869 1769 decem
890 1713 958 1769 mil·
1005 1717 1033 1770 el
1046 1725 1220 1772 mercatores
1239 1712 1397 1770 incluserat
1409 1704 1477 1789 (75).
1490 1712 1630 1771 Caeterum
1652 1715 1688 1772 ad
1707 1716 1786 1775 hunc

180 1800 258 1859 libus
272 1800 423 1858 hominum
447 1821 453 1857 :
474 1819 562 1858 unam
587 1799 664 1857 enim
686 1811 796 1876 partem
818 1798 956 1870 artifices,
1005 1801 1101 1860 virum
1116 1801 1264 1876 sapientia
1282 1798 1378 1858 studio
1392 1798 1521 1857 deditum
1538 1805 1573 1856 dc
1590 1805 1698 1879 Virtute
1712 1806 1783 1863 scri·

179 1888 265 1947 aliam
291 1889 447 1963 agricolas,
472 1890 586 1947 tertiam
613 1900 842 1965 propugnatores
863 1900 892 1944 et
913 1906 959 1945 ar·
1005 1892 1064 1967 psit
1077 1888 1197 1946 Theano
1209 1887 1280 1967 (76).
1296 1887 1393 1956 Quum
1405 1900 1499 1945 autem
1514 1887 1601 1945 simul
1613 1888 1784 1951 architectus

179 1989 270 2035 matos
295 1995 358 2035 esse
377 1975 505 2035 volebat.
522 1974 586 2033 Jam
614 1994 684 2032 vero
712 1994 813 2049 agrum
843 1974 874 2031 in
901 1987 959 2034 tres
1005 1989 1079 2034 esset
1091 1975 1413 2054 Hippodamussuaque
1433 1975 1540 2033 inarte
1553 1977 1722 2050 excelleret,
1735 1999 1784 2057 pe-

176 2079 273 2143 partes
285 2064 454 2136 distribuit,
467 2063 744 2142 sacram,publicam
758 2076 786 2120 et
796 2063 957 2139 privatam:
1004 2065 1124 2122 culiaris
1140 2062 1258 2140 quidam
1274 2062 1464 2121 aedificiorum
1476 2063 1579 2123 modus
1590 2064 1661 2123 olim
1673 2065 1784 2145 Hippo·

177 2152 315 2229 equibus
326 2172 408 2210 sacra
424 2164 499 2211 esset
511 2150 668 2221 illa‚unde
682 2151 825 2209 sacrificia
847 2151 905 2210 diis
923 2153 959 2211 de
1005 2151 1118 2209 damius
1152 2151 1295 2209 vocitatus
1330 2163 1373 2209 est
1402 2147 1471 2227 (77').
1503 2151 1613 2210 Praeter
1638 2152 1783 2213 Stobaeum

178 2259 258 2298 more
273 2241 391 2311 fierent,
404 2238 523 2318 publica
536 2252 629 2298 autem
639 2240 717 2299 unde
727 2254 959 2317 propugnatores
1005 2240 1144 2297 hrscnius
1166 2238 1296 2315 quaedam
1323 2237 1499 2316 llippodami
1529 2240 1688 2316 fragmenta
1713 2241 1783 2301 Vio-

177 2330 325 2398 virerent,
349 2329 463 2406 privata
487 2326 614 2402 denique
641 2326 844 2401 agricolarum.
865 2326 958 2385 Porro
1004 2328 1079 2385 lario
1096 2328 1219 2386 inseruit
1240 2339 1309 2386 teste
1329 2326 1472 2385 bandinio
1487 2327 1520 2385 in
1538 2325 1675 2404 Catalogo
1698 2330 1782 2390 codd.

178 2416 272 2490 legum
292 2416 378 2473 etiam
401 2427 459 2472 tres
479 2413 617 2471 duntaxat
633 2414 745 2490 species
759 2431 821 2471 esse
833 2411 958 2473 arbitra-
1004 2415 1073 2475 blss.
1096 2435 1140 2491 gr.
1162 2414 1238 2475 bibl.
1264 2414 1400 2473 laurent.
1423 2416 1482 2474 rol.
1504 2413 1518 2471 l
1543 2432 1574 2493 p.
1595 2417 1663 2491 549,
1679 2418 1730 2494 qui
1746 2417 1782 2475 ab

169 2507 264 2565 -batur
283 2524 290 2565 :
309 2524 375 2563 nam
399 2502 506 2581 quibus
532 2504 568 2561 de
594 2502 682 2561 rebus
704 2501 816 2579 judicia
839 2505 957 2576 fierent,
1004 2503 1059 2561 boc
1074 2504 1215 2581 scriptore
1229 2504 1302 2561 duos
1321 2501 1520 2581 Hippodamus
1541 2508 1696 2561 memorari
1719 2506 1785 2562 ani-

177 2613 226 2652 eas
248 2612 370 2652 numero
392 2605 453 2650 tres
466 2611 547 2667 esse,
562 2590 716 2669 injuriam,
733 2590 885 2662 damnum,
900 2598 957 2649 cae·
1005 2591 1169 2650 madvertit.
1190 2590 1296 2649 Verum
1320 2590 1417 2668 primo
1440 2608 1500 2646 non
1523 2581 1656 2648 multum¹
1677 2591 1708 2649 in
1733 2594 1783 2649 tali

177 2681 252 2742 dem.
266 2680 420 2739 Sanciebat
433 2682 518 2738 etiam
533 2680 596 2755 lege
618 2698 706 2737 unum
729 2677 862 2754 judicum
889 2700 957 2738 con·
1004 2698 1090 2737 causa
1103 2677 1229 2737 Arsenio
1241 2677 1414 2747 tribuimus,
1430 2676 1535 2735 deinde
1549 2678 1581 2735 in
1592 2677 1671 2735 edito
1679 2677 1784 2737 Walzii
1883 2724 1887 2734 .

177 2790 306 2845 sessum,
326 2788 439 2827 summa
460 2768 613 2846 praeditum
638 2778 793 2845 potestate,
812 2766 848 2823 ad
870 2786 955 2843 quem
1005 2766 1138 2843 exemplo
1151 2766 1215 2842 ejus
1230 2766 1272 2823 rei
1287 2784 1340 2823 nec
1353 2765 1422 2821 vola
1444 2783 1498 2822 nec
1511 2763 1665 2840 vestigium
1680 2778 1780 2823 exstat.
1823 2836 1826 2840 ν

178 2858 283 2916 referri
298 2869 442 2935 oporteret
455 2876 503 2915 eas
518 2876 564 2915 res
578 2874 677 2914 omnes
692 2875 755 2931 quae
777 2858 872 2913 minus
884 2854 958 2914 bene
1004 2854 1047 2911 De
1062 2853 1230 2929 fragmentis
1247 2872 1318 2910 vero
1338 2852 1399 2911 illis
1418 2872 1483 2930 quae
1496 2850 1627 2910 Stohaeus
1647 2871 1664 2909 e
1686 2852 1784 2930 philo-

178 2944 317 3022 judicatae
338 2945 524 3020 viderentur,
538 2964 662 3022 eumque
689 2963 853 3002 consessum
872 2965 888 3002 e
907 2944 955 3004 de-
1004 2940 1090 3018 sophi
1100 2940 1135 2999 de
1145 2939 1279 2999 felicitate
1292 2959 1325 2999 ac
1336 2939 1372 2999 de
1383 2939 1534 3019 republica
1546 2938 1633 2999 libris
1643 2942 1781 3013 serravit,

182 3033 265 3090 lectis
278 3031 446 3108 quibusdam
460 3031 580 3091 senibus
594 3029 796 3091 constituebat.
811 3015 954 3090 Caeterurh
1004 3028 1075 3104 quid
1090 3029 1210 3113 sentiam
1221 3029 1295 3086 nihil
1304 3031 1406 3086 attinet
1417 3027 1523 3088 dicere.
1534 3024 1635 3106 ltaque
1644 3047 1679 3098 ea
1690 3047 1784 3106 neque

180 3121 212 3177 in
228 3121 299 3178 foris
309 3120 421 3197 judicia
433 3141 493 3179 non
503 3120 650 3196 suffragiis
660 3117 786 3178 ferendis
797 3122 957 3179 exercenda
1004 3117 1168 3175 summatim
1180 3112 1230 3173 hic
1240 3115 1419 3194 perscribam
1436 3134 1531 3194 neque
1546 3135 1612 3174 cum
1626 3116 1693 3175 aliis
1705 3136 1783 3174 com·

176 3228 236 3268 esse
250 3209 449 3282 existimabat,
465 3210 515 3268 sed
528 3207 634 3267 debere
652 3227 888 3288 unumquemque
904 3208 957 3285 ju·
1004 3204 1124 3283 parabo.

174 3296 267 3355 dicem
278 3297 413 3356 tabellam
424 3297 545 3372 afferre,
558 3297 589 3354 in
602 3317 660 3375 qua
671 3295 811 3355 scriberet
820 3339 828 3366 ,
838 3299 862 3353 si
871 3296 958 3373 plane
1044 3295 1239 3370 Euryphamus
1256 3292 1485 3370 Metapontinus,
1500 3311 1536 3350 ex
1548 3290 1633 3367 cujus
1648 3290 1726 3350 libro
1748 3291 1784 3349 de

176 3385 398 3458 condemnaret;
414 3385 439 3442 si
462 3404 532 3442 vero
561 3384 682 3442 omnino
703 3382 885 3454 absolveret,
905 3403 955 3441 ra·
1004 3383 1064 3439 vita
1087 3382 1245 3459 praeclarus
1269 3381 1350 3438 locus
1370 3382 1403 3436 in
1426 3377 1533 3438 Stebaei
1557 3378 1714 3454 florilegio
1735 3399 1784 3436 oc·

176 3493 259 3532 cuam
286 3474 463 3550 relinqueret
470 3495 479 3544 ;
496 3472 543 3530 sin
561 3472 667 3547 partim
683 3471 832 3531 damnaret
853 3474 956 3549 partim
1003 3471 1109 3542 currit,
1136 3470 1213 3528 idern
1235 3480 1279 3527 est
1304 3486 1390 3545 quem
1418 3467 1520 3524 miram
1553 3465 1671 3542 Lysidis
1698 3465 1783 3524 fidem

177 3559 356 3632 absolveret,
372 3559 403 3618 id
417 3561 514 3637 ipsum
535 3571 633 3636 aperte
647 3558 816 3635 explicaret.
833 3556 957 3616 Putabat
1736 3556 1738 3559 ’

176 3649 255 3706 enirn
276 3669 352 3707 nunc
375 3667 434 3705 non
457 3645 532 3705 bene
552 3646 667 3722 legibus
692 3647 731 3702 ita
756 3657 953 3723 comparatum
1033 3659 1659 3736 (74)cgfflufg‚v„,1002‚15b‚1‚09‚143510m
1683 3661 1784 3721 15ng

176 3755 255 3810 esse,
269 3751 301 3796 ut
321 3737 373 3814 qui
394 3736 451 3794 hoc
472 3734 519 3793 rel
542 3735 617 3793 illud
636 3733 803 3812 judicarent
826 3733 957 3809 pejerare
1002 3751 1055 3798 cap.
1069 3743 1105 3786 18.
1118 3736 1211 3786 Victor.
1224 3739 1280 3786 var.
1289 3734 1346 3783 lect.
1356 3732 1397 3782 lib.
1406 3732 1532 3782 xxxvm
1542 3731 1719 3792 causemur.
1728 3731 1784 3782 Pic-

175 3838 358 3900 cogerentur.
370 3824 475 3900 Legem
489 3837 582 3882 autem
598 3823 667 3881 tulit
680 3821 716 3880 de
731 3821 768 3880 iis
780 3821 832 3898 qui
847 3821 957 3897 aliquid
1002 3808 1232 3936 fflfflffssffi·
1241 3804 1272 3926 {3⁶
1284 3800 1785 3935 ἕηνθνξννξὲξξ·Ρᾶνῗ*ὲνέῧννὲονν’νῑνῇῗέ
1818 3886 1831 3911 .·

175 3913 248 3970 utile
262 3912 375 3971 civitati
388 3913 581 3989 reperissent,
598 3922 630 3968 ut
641 3908 804 3967 honoribus
818 3927 958 3965 ornaren-
1002 3947 1174 3998 νννννννννννννννννν
1202 3946 1324 4008 marburgi
1342 3946 1450 3993 ¹⁸4¹.-
1458 3945 1509 4005 (75)
1528 3945 1625 4005 mm·
1641 3950 1664 3992 ν.
1678 3945 1745 4005 w,
1764 3942 1785 3991 ὃ,

176 4013 226 4058 tur
249 4000 394 4078 liberique
420 4019 521 4058 eorum
547 3999 599 4076 qui
629 3998 660 4055 in
687 3995 766 4054 bello
789 3994 959 4053 cecidissent
1003 3984 1449 4081 ἢὼνὲνμάραὲτμῑςδωπὼοωὰν
1463 4013 1591 4075 σύμπασαν
1607 4012 1784 4063 πολιτείαν-,ναὶ

175 4087 294 4166 publice
319 4087 564 4164 alerentur,'qula
588 4085 718 4144 nondum
734 4083 795 4142 haee
815 4083 863 4140 lex
882 4081 958 4160 apud
1004 4091 1059 4153 μίαν
1075 4092 1116 4150 μὲν
1129 4091 1193 4151 εἰμεν
1209 4095 1293 4153 μοῖραν
1312 4092 1359 4136 τῶν
1370 4087 1462 4149 διανοίᾳ
1476 4084 1640 4147 suspector
1654 4084 1684 4132 τὰ
1703 4082 1783 4144 κοινά,

175 4175 251 4235 alios
274 4188 349 4234 esset
369 4176 486 4234 condita
502 4196 509 4232 ε
526 4193 604 4232 nunc
627 4187 720 4232 autem
743 4183 772 4229 et
792 4169 912 4227 Athenis
930 4182 958 4226 et
1003 4160 1209 4248 &ww-&5¹52
1225 4158 1333 4248 δγνάμξῑι
1347 4156 1426 4242 ψίῖαν
1437 4156 1462 4204 ll
1474 4160 1521 4204 ras
1535 4155 1679 4239 tramam
1693 4154 1785 4238 ”el-1⁰*

177 4264 210 4321 in
233 4264 300 4321 aliis
321 4261 486 4322 civitatibus
506 4262 604 4339 posita
627 4273 679 4320 est.
701 4259 846 4316 Praeterea
866 4256 959 4332 magi·
1004 4232 1289 4365 glffil'ldffllffl'
1308 4232 1433 4348 Oppppo
1447 4227 1472 4276 δὲ
1488 4225 1784 4359 τνὸὸῗένννῇτνωβζνζὲζξνονς

176 4364 283 4410 stratus
300 4371 401 4410 omnes
415 4371 432 4409 a
445 4350 556 4429 populo
571 4348 660 4424 deligi
684 4347 793 4421 voluit,
816 4344 958 4422 populum
1005 4320 1235 4435 mvfflqfflss'ssost
1251 4317 1345 4421 2¹3⁹&
1357 4313 1521 4433 ΜἪζναὶ
1535 4369 1692 4430 pamm„
1704 4365 1784 4426 sepio

178 4439 285 4497 faciens
302 4453 360 4498 tres
376 4439 441 4497 illas
464 4437 592 4496 civitatis
617 4447 731 4514 partes3
750 4434 888 4511 quivero
909 4431 959 4488 de·
1004 4445 1053 4492 too
1066 4443 1185 4506 γεωπὸνον
1200 4445 1240 4491 καὶ
1257 4443 1309 4506 περὶ
1326 4442 1370 4490 τὰν
1382 4435 1538 4501 κατεργασίαν
1556 4439 1598 4492 τᾶς
1616 4434 1694 4498 χώρας
1713 4451 1783 4483 κατα·

118 4594 124 4606 .
177 4527 245 4584 lecti
260 4539 372 4598 essent,
386 4538 508 4584 eostum
524 4521 642 4601 publica
656 4522 846 4597 negotiatum
861 4518 959 4596 hospi·
1003 4514 1169 4602 mollietur,
1187 4513 1215 4596 tl
1236 4511 1261 4561 ll
1276 4509 1512 4590 exeuntium«
1529 4507 1569 4555 ἀἱ
1588 4503 1784 4590 hrtmxuvdpere

178 4627 239 4672 tum
262 4627 290 4672 et
314 4613 492 4692 pupillorum
515 4631 562 4670 res
577 4629 690 4670 curare.
704 4608 848 4686 Pleraque
869 4608 958 4683 igitur
1004 4603 1051 4641 '⁰²⁸
1062 4602 1097 4633 τω
1104 4585 1162 4705 νβνιων
1168 4598 1302 4700 wilm?
1314 4575 1783 4704 ἐκξᾝξῖμωζζνένὲἓνξᾚῗέέῖζζ

177 4714 206 4760 et
221 4713 380 4759 memoratu
400 4701 568 4779 dignissima
592 4700 740 4768 instituta,
753 4693 861 4774 qulbus
885 4693 959 4771 llip·
1003 4654 1381 4786 ξέἶξίνζὰῖἐξζνέςτῗὲνας
1394 4663 1475 4774 ὶνᾞ
1490 4716 1566 4767 ugk,
1838 4693 1844 4706 ·

93 4847 97 4855 ,
179 4789 321 4867 podamus
337 4789 548 4867 rempublicam
563 4786 749 4866 temperavit,
768 4785 830 4841 haec
847 4795 924 4842 sunt.
941 4805 955 4846 ,ι
1035 4789 1394 4860 (κ)ειιῑᾱω.θεανώ.-(π)
1405 4783 1782 4838 astruereronuornuvu

180 4877 318 4955 sumitur
331 4878 409 4956 apud
424 4876 582 4953 Stagiriten
597 4876 628 4934 in
641 4875 742 4933 eodem
753 4871 847 4950 capite
860 4870 960 4956 dispu·
1003 4880 1056 4930 θῦν·
1070 4869 1106 4917 xl
1118 4881 1125 4915 ²
1138 4869 1154 4925 ἡ
1168 4866 1194 4914 δὲ
1204 4861 1323 4912 edituos
1333 4861 1448 4917 otricum
1462 4858 1563 4915 διάθεσις
1576 4857 1648 4916 attur
1662 4856 1703 4918 μὶν
1717 4855 1782 4917 vout-

177 4965 249 5023 tatio
263 4967 476 5024 accommodata
490 4965 542 5022 illa
558 4964 676 5042 quidem
697 4963 733 5021 ad
757 4959 956 5036 exagitandam
1003 4937 1118 5056 lm‘lml
1131 4934 1297 5054 leumiim
1307 4925 1784 5061 ἴξννᾟξνᾶῗλνξννᾭρρῗνξζέᾜτνονῇ

176 5073 240 5113 eam
268 5053 437 5135 reipublicae
469 5055 590 5113 formam
619 5072 685 5129 quae
712 5043 958 5128 ab·llipp0damo
1003 5009 1231 5137 ἑκζὰνᾚνῖννζὰν
1240 5020 1369 5134 mla:
1389 5070 1532 5132 ννννννννννν,
1545 5017 1655 5131 ἓνεῖννννν
1669 5031 1729 5116 mg&
1743 5061 1797 5113 ννν.

175 5144 323 5222 descripta
345 5155 406 5202 erat
415 5188 423 5217 ,
437 5143 488 5203 sed
512 5141 549 5200 ab
568 5141 624 5200 hoc
647 5139 714 5198 loco
738 5138 843 5197 aliena.
860 5134 959 5213 Neque
1005 5147 1101 5212 ἀρχαῖον
1115 5144 1205 5210 χρόνον·
1222 5144 1341 5200 δυσέξοδος
1355 5141 1400 5204 γὰρ
1414 5139 1491 5198 ἐκείνη
1506 5145 1553 5195 τοῖς
1564 5139 1659 5195 ξενικοῖς
1674 5137 1714 5184 aet
1728 5134 1782 5226 tuo·
