3959 5925
168 382 225 434 268
712 372 945 434 attrituotttttt
965 373 1218 436 FRAGMENTA.

167 524 200 562 ac
214 505 327 581 figuris,
343 502 411 581 quia
423 502 460 560 ab
474 502 592 560 ineunte
605 501 797 563 adolescentia
812 504 843 562 id
853 525 945 563 unum
991 518 1055 564 taus
1066 549 1074 578 ,
1086 507 1257 565 sententiam
1282 525 1363 566 suam
1392 507 1570 584 optimorum
1596 507 1772 586 scriptorum

167 606 265 668 egerat
274 591 418 669 Cynicus,
433 603 466 647 ut
486 589 601 666 Gorgiae
613 609 700 667 quam
716 592 889 650 simillimus
903 594 947 650 vi·
992 592 1212 670 Xenophontis,
1234 594 1382 665 Platonis,
1407 592 1588 654 Antisthenis
1605 596 1773 654 auctoritate

170 682 288 740 deretur
301 679 371 758 (9ο).
385 677 515 754 Namque
525 679 556 735 in
574 676 702 753 dialogis
717 697 799 755 eum,
813 679 947 756 inprimis
991 693 1020 737 et
1033 681 1166 760 exemplo
1181 680 1346 740 coufirmat.
1364 681 1412 739 Ait
1434 681 1532 738 enim:
1551 705 1564 732 ι
1583 682 1612 738 οὗ
1637 679 1689 756 μὴν
1705 681 1774 740 ἀλλὰ

105 765 112 776 ’
168 769 198 826 in
218 768 296 826 libro
308 767 345 824 de
358 765 485 823 Veritate
506 779 593 842 atque
618 766 649 823 in
664 765 945 841 admonitionibus,
992 765 1038 824 καὶ
1064 766 1189 846 Ξενορῶν
1210 765 1390 849 φαίνεταικαὶ
1412 765 1571 840 Ἀντισθένης
1589 767 1634 826 καί
1660 768 1773 826 Πλότων

168 855 296 914 oratorio
319 851 436 910 dicendi
459 871 564 926 genere
584 870 669 910 usum
690 873 753 911 esse
776 853 947 912 testificatur
991 855 1225 932 προσχρησάμενος
1243 857 1379 934 πολλαχοῦ
1401 861 1454 920 τοῖς
1483 852 1582 930 μύθοις.
1606 879 1620 904 ι
1643 855 1774 930 Phryni-

167 944 312 1018 Diogenes
326 939 471 998 Laertius.
488 938 586 1017 Neque
602 953 698 998 tamen
713 942 876 999 verisimile
885 955 946 1014 est,
993 941 1065 1000 chus
1082 941 1161 1022 (τοι)
1178 943 1304 1020 denique
1320 943 1525 1018 grammaticus
1550 942 1618 1019 puri
1642 954 1671 1000 et
1693 944 1775 1002 attici

108 1048 112 1056 ’
168 1029 368 1088 antisthenem
387 1026 423 1086 ad
445 1027 539 1086 solum
553 1027 694 1103 Gorgiam
719 1029 891 1088 imitandum
919 1050 948 1088 se
997 1031 1142 1088 sermonis
1157 1049 1288 1087 normam
1303 1050 1335 1088 ac
1349 1029 1477 1105 regulam
1497 1028 1665 1106 optimaque
1679 1049 1775 1088 exem-

168 1117 340 1188 oontulisse,
364 1114 414 1174 sed
426 1117 536 1193 optima
559 1115 739 1192 quaeque'ab
770 1117 837 1175 aliis
860 1118 948 1174 etiam
994 1117 1058 1192 pla,
1083 1131 1187 1195 praeter
1213 1116 1363 1174 Platonem
1386 1131 1414 1175 et
1447 1116 1686 1194 Demosthenem,
1714 1131 1776 1176 tum
1871 1163 1872 1166 ι

168 1219 330 1264 mutuatum
347 1223 455 1261 novum
472 1222 528 1280 pro
544 1222 598 1260 suo
610 1205 729 1278 ingenio
742 1206 886 1263 sermonis
901 1225 949 1279 ge·
994 1201 1113 1261 Critiam
1129 1203 1297 1262 Callaeschri
1311 1203 1417 1275 filium,
1435 1216 1494 1262 tum
1509 1203 1584 1261 duos
1595 1205 1777 1268 Antisthenis

170 1315 224 1354 nus
239 1293 388 1352 effinxisse
406 1292 601 1366 suspicamur.
627 1291 702 1348 ilinc
727 1292 862 1368 frequens
885 1292 949 1368 ejus
994 1289 1086 1350 libros
1103 1291 1138 1350 de
1153 1290 1231 1368 Cyro
1250 1310 1283 1350 ac
1301 1290 1337 1349 de
1354 1291 1485 1367 Odyssea
1498 1304 1593 1352 vocat.
1618 1291 1724 1350 Verum
1745 1295 1778 1350 in

169 1381 247 1458 apud
267 1379 403 1438 rhetores.
411 1392 439 1437 et
453 1378 658 1454 grammaticos
681 1378 790 1436 mentio
811 1379 948 1455 quicum
996 1378 1048 1437 hac
1068 1391 1148 1437 tanta
1174 1379 1316 1453 elegantia
1340 1378 1501 1456 peculiares
1523 1377 1662 1454 quasdam
1688 1399 1778 1439 voees

169 1486 242 1545 pure
265 1481 294 1525 et
313 1467 460 1542 eleganter
486 1466 639 1543 scripsisse
662 1464 807 1540 judicant.
835 1465 950 1523 Aristo·
996 1467 1148 1544 usurpavit
1163 1465 1364 1536 Antisthenes,
1379 1485 1451 1543 quas
1466 1465 1620 1540 diligenter
1634 1485 1777 1540 gramma·

170 1557 239 1614 teles
254 1557 312 1634 (93)
330 1555 461 1613 inlibris
481 1554 636 1612 rhetoricis
650 1553 845 1612 translationis
856 1572 950 1610 exem·
996 1554 1046 1612 tici
1056 1553 1261 1632 explicuerunt
1278 1552 1376 1633 (τοο),
1389 1567 1421 1610 ιιι
1435 1552 1480 1610 vel
1498 1552 1568 1611 hinc
1582 1553 1779 1628 colligendum

170 1644 249 1721 plum
266 1662 304 1701 ex
324 1643 494 1702 Antisthene
507 1641 628 1719 profert.
645 1639 724 1698 ldem
746 1642 801 1715 (94)
818 1639 850 1697 in
865 1641 950 1698 tertio
995 1641 1048 1712 sit,
1071 1641 1187 1718 qualem
1219 1652 1418 1718 quantumque
1440 1642 1611 1717 scriptorem
1635 1640 1779 1718 Cynicum

170 1733 206 1789 de
227 1730 388 1808 flepublica
408 1729 558 1786 volumine
580 1746 729 1804 exponens
758 1727 789 1783 in
814 1726 948 1797 civitate,
995 1728 1237 1788 existimaverint.
1862 1726 1866 1730 ’

170 1839 233 1895 quae
247 1818 284 1876 ab
298 1815 489 1895 optimatibus
500 1828 643 1890 regatur,
659 1813 749 1872 nullis
769 1832 820 1871 eos
836 1812 951 1889 legibus
1039 1815 1086 1872 Ad
1100 1814 1274 1890 eloquentiae
1290 1814 1402 1872 lumina
1425 1812 1533 1890 quibus
1555 1833 1671 1872 omnem
1690 1828 1779 1873 mate·

171 1909 279 1978 teneri,
292 1905 471 1982 Cynicorum
488 1903 633 1980 principis
650 1904 687 1959 de
708 1900 843 1959 leonibus
864 1915 893 1959 et
908 1902 949 1959 le·
997 1903 1069 1961 riam
1091 1914 1246 1961 ornaverat
1266 1900 1448 1960 Antisthenes
1474 1900 1628 1961 accedebat
1649 1903 1778 1980 ipsarum

170 1992 292 2071 poribus
302 1990 549 2050 narratiunculam
564 2003 778 2048 commemorat.
791 1990 952 2065 Dionysius
997 2010 1105 2062 rerum,
1120 1989 1271 2067 inquibus
1286 1988 1477 2048 versabantur
1490 1989 1556 2065 ejus
1566 1991 1776 2062 commentarii,

170 2080 433 2139 halicarnassensis
458 2077 517 2158 (95)
539 2077 743 2136 sublimiorem
769 2075 952 2153 Thucydidis
998 2079 1128 2154 gravitas
1148 2091 1177 2137 et
1191 2077 1334 2154 majestas.
1350 2075 1451 2153 ltaque
1476 2075 1554 2134 Zeno
1574 2074 1688 2134 Stoicus
1708 2095 1775 2134 eum

173 2170 336 2227 orationem
351 2186 416 2226 cum
429 2167 517 2224 attico
529 2166 611 2237 stilo,
626 2166 720 2241 qualis
734 2168 766 2222 in
781 2175 952 2222 caeterorum
994 2170 1099 2223 'contra
1109 2165 1331 2224 obtrectatorem
1341 2164 1488 2236 defendit,
1501 2183 1595 2241 neque
1604 2184 1666 2240 quae
1678 2163 1777 2224 minus
1821 2220 1829 2230 ,

174 2259 226 2334 qui
241 2257 311 2315 belli
333 2255 573 2332 Peloponnesiaci
587 2266 715 2331 tempore
729 2251 866 2310 vixerunt
879 2253 953 2310 scri·
998 2253 1087 2325 bene,
1103 2254 1154 2312 sed
1174 2273 1238 2329 quae
1252 2252 1327 2310 bene
1346 2252 1453 2310 dixerit
1467 2251 1592 2329 spectari
1606 2252 1669 2309 vult
1686 2252 1777 2328 (103).

170 2359 289 2422 ptorum
307 2343 393 2401 libris
409 2343 479 2416 fuit,
496 2360 667 2418 comparans
693 2340 865 2398 nominatim
884 2341 954 2398 citat
998 2339 1202 2418 Theopompus
1221 2358 1294 2397 vero
1310 2337 1401 2396 Chius
1421 2337 1500 2417 (toi)
1525 2339 1603 2397 hunc
1627 2339 1722 2396 solum
1743 2357 1781 2398 ex

96 2431 100 2445 '
173 2430 370 2499 Andocidem,
398 2427 626 2505 Antiphontem,
651 2427 787 2503 Lysiam,
813 2425 952 2499 Critiam,
999 2427 1136 2486 omnibus
1150 2426 1306 2484 Socraticis
1328 2425 1364 2484 ad
1384 2426 1488 2484 coelum
1503 2424 1640 2484 laudibus
1660 2426 1779 2502 extulit,

172 2517 413 2596 Xenophontem,
430 2515 641 2574 Antisthenem.
662 2515 825 2573 Demetrius
839 2515 952 2574 Phale-
999 2512 1161 2572 attribuens
1182 2514 1209 2570 ei
1226 2525 1413 2590 temperatam
1428 2514 1571 2570 suavitate
1593 2513 1779 2588 gravitatem,

172 2626 239 2664 reus
257 2606 316 2683 (96)
332 2605 484 2680 gravitatis
503 2603 678 2661 effectricem
695 2622 795 2660 vocem
815 2604 953 2677 gravissi·
999 2620 1057 2676 qua
1079 2600 1237 2678 quemlibet
1261 2599 1296 2658 ad
1311 2619 1392 2659 suam
1419 2601 1588 2659 sententiam
1602 2601 1779 2674 traduceret,

100 2711 108 2716 '
175 2713 249 2753 mam
275 2693 306 2750 in
327 2692 386 2750 fine
403 2691 527 2769 positam
540 2709 604 2748 esse
622 2689 747 2760 docens,
768 2691 839 2766 quia
852 2690 956 2747 mediae
999 2687 1108 2764 hasque
1119 2690 1240 2746 virtutes
1252 2689 1337 2745 etiarn
1354 2689 1386 2744 in
1406 2687 1521 2764 scriptis
1534 2685 1598 2764 ejus
1613 2708 1781 2766 comparere

174 2780 369 2840 enuntiationi
383 2782 491 2836 inserta
513 2776 680 2848 hebetetur,
706 2776 885 2835 Antisthenis
909 2776 979 2834 di·
1001 2774 1143 2851 Diogenes
1165 2776 1295 2834 Laertius
1312 2788 1442 2833 testatur.
1464 2775 1543 2844 Quin
1566 2777 1652 2834 etiam
1677 2775 1775 2835 Theo·

175 2884 251 2928 ctum
265 2866 410 2943 quoddam
424 2866 522 2934 refert.
535 2864 683 2941 Epictetus
695 2865 755 2941 (97)
771 2865 980 2923 Platonicum
976 2806 980 2896 l
977 2885 1126 2978 pompus
1138 2864 1210 2923 adeo
1222 2864 1364 2942 Cynicum
1381 2863 1476 2922 admn
1478 2877 1541 2922 atus
1550 2877 1604 2936 est,
1616 2876 1648 2923 ut
1661 2877 1744 2922 caeter
1745 2883 1780 2922 os

174 2970 204 3016 et
216 2954 457 3031 tenophooreum
472 2971 616 3011 sermonis
630 2971 721 3027 genus
735 2972 800 3010 cum
811 2938 979 3010 norisne-¹
1003 2966 1129 3027 agrestes
1144 2973 1203 3031 prae
1224 2951 1277 3010 illo
1297 2951 1573 3031 putar·evide1·.etur
1596 2952 1678 3012 Serio
1700 2953 1777 3011 enim

176 3063 230 3102 neo
250 3041 456 3099 contendens:
480 3041 652 3149 θαυμαστῶς)
678 3040 792 3116 inquit,
822 3039 980 3117 ἄνθρωπε,
978 3028 1173 3099 Platonem
1165 3062 1196 3099 tn
1211 3041 1361 3099 nonnullis
1376 3040 1501 3115 dialogis
1517 3041 1695 3100 Antisthenis
1714 3041 1782 3099 scri·

176 3128 362 3209 γρσίρεις,κσ“ι
383 3125 416 3185 σίν
439 3126 600 3201 μεγσίλως’
578 3150 614 3193 εις
628 3147 672 3182 τον
689 3126 856 3200 Ξενορῶντσς
869 3148 980 3222 yepes·¹
1003 3147 1053 3186 nta
1067 3129 1240 3206 comptlasse
1256 3127 1403 3185 contendit
1422 3128 1516 3203 (105).
1540 3127 1625 3196 Quod
1646 3129 1781 3204 quamvis

177 3223 278 3296 scripu,
292 3214 323 3273 σίν
335 3218 372 3281 εἰς
390 3213 434 3271 τὸν
448 3211 640 3284 Πλάτωνος,
615 3236 647 3269 συ
663 3214 699 3277 εἰς
710 3212 753 3269 τὸν
770 3199 980 3281 Ἀντισθένους
978 3241 981 3280 t
1002 3236 1087 3274 nemo
1101 3238 1133 3273 οι
1135 3217 1217 3286 edat
1238 3230 1333 3273 tamen
1347 3228 1455 3291 quanta
1472 3214 1548 3290 apud
1563 3214 1679 3273 Graecos
1696 3216 1782 3273 Anti-

175 3305 317 3365 Srmthter
327 3302 435 3361 Fronto
445 3299 522 3379 (98)
536 3300 680 3358 «Diodori
694 3301 957 3359 tuetAlexrnrver
1003 3303 1112 3361 sthenrs
1123 3304 1278 3361 auctoritas
1292 3303 1395 3378 luerit
1412 3302 1522 3359 indicio
1540 3314 1592 3360 est.
1609 3302 1687 3358 idem
1699 3302 1780 3377 judi·

176 3394 213 3452 ba
233 3390 333 3450 verbis
352 3390 483 3448 Platonis
500 3402 529 3447 et
545 3388 747 3466 Xenophontis
765 3402 794 3447 et
807 3389 958 3448 Antisthe·
979 3449 982 3466 Ι
1003 3391 1125 3448 candum
1142 3390 1178 3447 de
1191 3389 1331 3465 Diogenis
1345 3388 1453 3446 Laertii
1467 3388 1551 3462 loco,
1566 3388 1618 3446 ubi
1632 3387 1781 3447 rEscbines

178 3484 224 3541 nis
238 3480 410 3558 anteponis?
424 3504 436 3530 ν
456 3491 485 3535 et
498 3478 647 3553 Longinus
657 3475 717 3555 (99)
731 3478 782 3554 qui
796 3478 958 3536 AEschinom
1004 3477 1164 3534 Socraticus
1178 3476 1260 3534 lectis
1275 3476 1451 3553 quibusdam
1468 3474 1647 3533 Antisthenis
1656 3475 1785 3533 volumi-

177 3570 298 3648 adjiffl:
321 3594 334 3619 a
348 3568 386 3646 τῷ
400 3564 448 3640 μὲν
467 3565 518 3643 γὰρ
535 3564 658 3625 Πλάτωνι
672 3566 717 3622 καὶ
737 3567 775 3644 τῷ
795 3568 957 3645 Ξενορῶντι,
1004 3563 1088 3620 nibus
1098 3562 1221 3619 alienam
1231 3562 1404 3640 sapientiam
1415 3560 1472 3620 sibi
1488 3580 1637 3637 arrogasse
1649 3560 1784 3637 perhibe·

177 3656 290 3735 Αἰσχίνη
323 3678 353 3712 τε
384 3654 429 3710 καὶ
457 3651 610 3711 Ἀντισθένει
634 3654 760 3729 περιττῶς
796 3654 955 3725 διαπεπόνη-
1006 3664 1052 3708 tut·
1073 3648 1163 3729 (106).
1186 3650 1289 3708 Cicero
1311 3649 1490 3708 Antisthenis
1514 3649 1608 3707 libros
1631 3648 1785 3723 diligenter·

178 3768 222 3804 τοι
236 3743 282 3802 καί
297 3744 393 3806 ἱκανῶς
406 3739 554 3819 ἠκρίόωται
573 3768 596 3800 ν.
619 3741 958 3819 Por-r·o.lulianus(1oo)
1005 3738 1130 3809 evolvit,
1144 3737 1213 3795 licet
1232 3758 1352 3797 acumen
1374 3738 1466 3813 magis
1484 3756 1571 3814 quam
1593 3736 1784 3795 eruditionem

179 3835 215 3892 de
232 3830 393 3890 fabularum
408 3849 464 3887 usu
478 3832 507 3885 in
519 3830 726 3888 controversiis
740 3830 843 3888 ethicis
856 3830 958 3909 dispu-

1006 3926 1069 3974 οισι.
1083 3926 1131 3973 Vll
1153 3938 1207 3987 pag.
1224 3926 1312 3974 21⁵0.
1327 3880 1364 3973 (tf.
1382 3937 1406 3987 p.
1425 3928 1512 3975 tosa
1533 3925 1705 3975 ομ-ῑνίθθ
1673 3924 1786 3985 -(191)

180 3992 270 4056 -(91)
288 3990 392 4049 Quidam
407 3989 461 4052 ejus
475 3988 604 4037 verborum
617 3988 684 4038 lusus
699 3990 808 4040 redolent
811 3991 985 4053 sophistas.
1006 3996 1061 4044 vul.
1077 3993 1128 4059 frag
1130 4001 1246 4044 ιιι..9-
1264 3996 1328 4055 (1111)
1342 3994 1398 4043 virt
1415 3995 1498 4055 fragm.
1513 4000 1550 4043 ts.
1572 3997 1609 4043 19.
1625 3994 1786 4055 10-(1113)

180 4064 237 4114 vid.
257 4063 340 4123 fragm.
360 4063 399 4109 77.
413 4063 453 4109 99.
470 4064 509 4107 95.
529 4061 581 4107 Huc
600 4058 703 4121 pertinet
728 4060 800 4108 etiam
827 4060 885 4108 titud
906 4066 985 4121 apo-¹
1007 4065 1073 4125 Diog.
1053 4066 1163 4113 ιιιιιονι.
1173 4062 1214 4113 fib.
1226 4065 1285 4121 vlt,
1300 4069 1381 4112 19.-
1349 4064 1456 4125 (1111)
1468 4063 1535 4125 [frog
1545 4066 1623 4116 Laert.
1634 4064 1676 4113 1ι1ι.
1687 4068 1785 4123 vnit.

179 4136 317 4215 ptutregma
323 4130 388 4193 quod
397 4131 514 4191 Diogenes
522 4129 629 4178 Laertius
636 4128 678 4178 ltb
689 4131 731 4187 vl,
737 4132 765 4178 at
777 4130 876 4191 Diogeni
887 4128 961 4179 Sino·
982 4093 1066 4188 l
1006 4140 1086 4183 τοῦτον
1096 4134 1166 4197 μόνον
1177 4134 1304 4183 ἐνστάντων
1320 4137 1474 4197 Σωκρατικῶν
1490 4132 1654 4196 θεόπομπος
1645 4140 1735 4183 επσινεῑ
1747 4136 1789 4183 καί

181 4204 258 4269 pensi,
272 4201 417 4250 Plutarchus
425 4198 455 4247 do
468 4199 543 4247 stotc.
558 4211 633 4260 repug
633 4211 657 4246 u
669 4200 735 4257 xlv,
746 4199 890 4248 tsimitibus
903 4214 960 4249 991·
1006 4222 1061 4269 φησι
1076 4206 1115 4254 δε·
1102 4204 1150 4253 ινόν
1169 4220 1195 4252 τε
1210 4204 1268 4253 εἶναι
1286 4205 1325 4251 καὶ
1343 4204 1372 4251 δι’
1389 4202 1480 4266 ὁμιλίας
1497 4204 1609 4264 ἑμμελους
1627 4198 1799 4265 ὑπαγαγέσθαι

182 4276 218 4325 bis
229 4270 366 4322 Antistheni
376 4270 500 4330 assignat.
493 4270 546 4316 ·εί
536 4270 651 4331 τόνβίον
665 4268 852 4331 παρεσκευάσθαι
865 4272 911 4320 δεῖν
921 4270 962 4320 λό-
1006 4276 1073 4325 πάνθ’
1086 4277 1196 4324 ὁντινοῦν.
1210 4276 1284 4331 Δῆλον
1297 4273 1342 4323 δ’
1332 4292 1359 4321 εκ
1368 4278 1415 4321 τῶν
1425 4273 1615 4336 συγγραμμάτων
1629 4274 1676 4321 κάκ
1685 4280 1727 4323 τοῦ
1742 4274 1787 4323 Ξε-

182 4342 352 4405 γονῆβρόχον.
360 4340 451 4400 -(93)
467 4338 523 4387 tid.
540 4338 626 4399 fragm.
645 4343 731 4387 68.-
744 4339 822 4400 (94))
807 4340 862 4388 Viti.
878 4342 962 4403 fragm.
1008 4350 1122 4409 νορῶντσς
1145 4345 1336 4407 συμποσίσυ-
1306 4343 1423 4405 -(f05)
1444 4342 1576 4392 Atheniens
1592 4342 1634 4391 lib.
1649 4346 1723 4403 xtp.
1743 4350 1788 4393 608

182 4422 266 4465 os.—
234 4413 327 4473 -(9θ)
340 4411 474 4472 Dionysius
492 4408 730 4457 Halicarnasseusis
724 4423 749 4456 tn
764 4410 821 4458 lud.
837 4410 868 4460 (le
885 4412 961 4461 Thuc
1008 4417 1050 4465 0:
1069 4417 1108 4465 καὶ
1122 4416 1167 4478 γὰρ
1183 4414 1321 4477 Θεόπομπος
1342 4416 1429 4499 ditio<
1448 4414 1472 4462 ἐν
1486 4414 1595 4475 τιρκσιτά
1610 4420 1652 4473 τῆς
1666 4414 1789 4470 Πλάτωνος

182 4499 235 4547 ουρ
249 4487 310 4543 51))
322 4482 416 4530 941011·
429 4479 528 4528 uetst:
539 4480 769 4540 apruzo-serane
756 4480 963 4545 τθνὰρχαῖονβῖθν
1008 4486 1124 4549 διατριὸῆς
1136 4486 1235 4541 τους
1204 4503 1231 4533 π
1224 4484 1302 4540 σλλσιίς
1309 4484 1395 4546 ,ρησί,
1407 4488 1454 4531 τῶν
1470 4482 1622 4544 διαλογων
1595 4500 1667 4531 αυτου
1679 4484 1786 4547 αγρείους

182 4548 673 4617 ἀναφέρονταθτήνθσυκυδίὸουδισίλεκτον,
687 4550 869 4608 astruere:-
876 4550 964 4614 ἀνθρώ-
1008 4572 1048 4603 κσιι
1040 4556 1149 4618 ψευσεις
1166 4554 1193 4601 ἂν
1209 4572 1243 4610 τις
1255 4554 1325 4618 rupo
1342 4555 1380 4601 all)
1370 4556 1410 4602 λοτ
1412 4552 1472 4616 ρίους
1488 4554 1513 4601 δὲ
1525 4570 1577 4609 τους
1595 4553 1703 4612 πλείους,
1719 4552 1788 4607 ὄντας

182 4642 234 4681 ποις
241 4622 314 4673 οὖσαν
327 4621 423 4679 συνήθη
433 4619 522 4683 βραχὺς
531 4619 623 4682 ἀπόχρη
631 4620 666 4679 (
647 4633 682 4667 stc
692 4620 737 4681 leg.
751 4634 795 4682 pro
809 4621 909 4706 ἀπέχρη)
923 4637 963 4683 μοι
1008 4624 1074 4673 ix
1043 4641 1090 4672 των
1100 4622 1247 4685 Ἀριστίππου
1257 4622 1468 4684 ὃιατριθῶνβενίους
1477 4621 1502 4669 δὲ
1514 4622 1614 4670 κθκτων
1622 4589 1789 4678 Ἀντισθένους,

182 4698 250 4757 λσγο,
261 4711 301 4741 και
292 4691 572 4754 σαφης,στι,πολλων
582 4706 711 4752 γενομενων
726 4692 835 4750 Ἀθήνησι
852 4709 912 4741 κατα
924 4693 964 4741 τόν
1011 4694 1109 4750 πολλοὺς
1125 4695 1149 4742 δε
1162 4694 1208 4743 xix
1220 4711 1267 4742 των
1285 4693 1407 4757 Βρύσωνος
1427 4696 1468 4740 τοῦ
1481 4692 1703 4754 Ηρακλεώτου.-
1723 4656 1789 4753 (foul

183 4763 404 4820 Πελοποννησιακὸν
417 4761 520 4822 πόλεμον
535 4762 637 4825 ῥητόρων
653 4777 678 4809 τε
691 4762 732 4810 καὶ
742 4762 878 4823 ρλσσόρων,
891 4763 964 4819 οὐδεὶς
1012 4765 1124 4825 Diogenes
1136 4764 1245 4812 Laertius
1261 4763 1301 4813 tib.
1312 4766 1334 4813 fi
1344 4799 1350 4822 ‚
1359 4769 1428 4812 θθ-θι
1447 4782 1453 4811 :
1468 4761 1598 4811 διεόιίλλετο
1614 4762 1660 4812 δ’ὁ
1679 4762 1791 4825 Αἰσχίνης

184 4837 261 4885 αὐτῶν
275 4835 386 4898 κέχρηται
398 4832 472 4895 ταθτη
485 4837 513 4894 τῇ
532 4832 660 4894 διαλέκτῳ,
674 4829 722 4881 οὐδ’
734 4834 757 4881 ol
769 4834 821 4897 περὶ
835 4833 965 4891 Ἀνδοκίδην
1009 4834 1049 4881 καί
1060 4832 1151 4893 μάλισθ’
1162 4834 1209 4881 ὑπὸ
1220 4832 1356 4892 Μενεδήμου
1369 4834 1410 4880 τοῦ
1419 4831 1560 4893 Ἐρετριέως,
1570 4833 1601 4886 ὡς
1610 4831 1662 4885 τοὺς
1669 4829 1791 4885 πλείστους

182 4907 224 4955 καὶ
237 4910 375 4963 Ἀντιφῶντα
390 4905 431 4951 καὶ
443 4904 534 4952 Λυσίαν
544 4905 645 4967 ῥήτορες,
659 4902 707 4952 οὔθ’
722 4906 744 4952 of
755 4906 807 4966 περὶ
821 4905 916 4966 Κριτίαν
924 4904 965 4951 καὶ
1009 4905 1145 4965 διαλόγους,
1159 4904 1225 4959 ὄντας
1240 4903 1391 4965 Σωκράτους,
1405 4902 1574 4962 θπσθόιλλσιτο,
1589 4900 1713 4963 λαμθσίνων
1727 4901 1791 4963 παρὰ

183 4979 313 5034 Ἀντισθένη
327 4976 367 5023 καὶ
381 4974 519 5036 Ξενοφῶντα
535 4975 687 5037 Σωκρατικοί.
701 5002 731 5011 -
748 4974 865 5037 (96))ίίιί.
881 4976 908 5023 fr.
925 4979 964 5024 67.
1010 4974 1153 5029 Ξανθίππης.
1177 4972 1221 5021 Ὧν
1243 4976 1265 5021 ot
1280 4974 1320 5034 μὲν
1332 4972 1470 5031 καλούμενοι
1488 4972 1608 5032 Ἂκὲρτλοι
1633 4968 1712 5031 σρόὸρ“
1731 4970 1790 5018 εἰσὶν

184 5074 217 5083 -
227 5046 276 5108 (97)
291 5044 413 5107 Epictetus
432 5045 532 5094 Dissert.
548 5046 588 5106 11,
609 5048 646 5101 17.
659 5050 698 5093 ³5.
714 5072 746 5079 -
760 5042 809 5106 (98)
826 5045 915 5091 Fronto
935 5042 966 5091 de
1011 5043 1156 5103 ἐκλελυμένοι
1168 5044 1208 5091 καὶ
1225 5042 1268 5091 οὐκ
1286 5042 1442 5104 ἐπιφαίνοντες
1455 5042 1497 5099 τήν
1510 5040 1658 5102 Σωκρατικὴν
1670 5040 1790 5096 εὐτονίαν,

186 5119 248 5179 eloq.
266 5129 290 5179 p.
304 5120 334 5165 aa
350 5115 388 5164 ed.
406 5115 520 5166 Niebuhr.
533 5140 565 5149 -
583 5118 632 5174 (99)
646 5115 767 5175 Longinus
786 5115 837 5176 περὶ
854 5115 966 5176 ιθρόσεως
1011 5114 1049 5168 σῦς
1061 5116 1101 5160 καὶ
1122 5111 1494 5174 ΠεισίστρατοςθἘρὲσιοςθ>.εγε
1505 5110 1537 5173 μὴ
1547 5110 1735 5172 εἶνσιιθίσγίνσυ.
1745 5110 1791 5158 Καὶ

187 5189 213 5237 in
226 5187 324 5237 ftltetor.
339 5186 382 5233 Gr.
394 5184 441 5234 vol.
451 5187 485 5236 tx
500 5198 523 5245 ρ.
537 5190 582 5235 559
596 5185 624 5233 cd
639 5185 716 5235 Wala.
731 5214 763 5226 -
779 5184 843 5248 (too)
857 5184 967 5235 Julianus
1011 5188 1058 5232 τῶν
1070 5182 1162 5232 ἑπτὰδὲ
1174 5184 1228 5238 τοὺς
1240 5182 1361 5239 πλείστους
1376 5178 1491 5245 Περσαῖός
1504 5196 1560 5243 φησι
1568 5182 1721 5241 Πασιφῶντος
1733 5178 1792 5227 εἶναι
