3959 5925
254 445 310 497 aaa
801 428 1024 490 ctutcouunt
1044 426 1293 488 FRAGMENTA.

252 566 300 629 uio
312 566 467 647 Σωκράτους
484 562 620 644 διατριόῆς
633 562 679 623 καλ
697 560 847 643 φιλοσοφίας
867 558 1028 632 ἐκπεσόντα,
1074 557 1140 637 γάρ,
1157 558 1179 615 εί
1194 556 1230 633 μή
1252 580 1278 614 τι
1292 556 1441 631 ἀδικοῦμεν,
1457 556 1481 613 οἱ
1495 551 1542 631 μὶν
1557 552 1647 620 κλέους
1662 555 1781 633 ἐσθλοῦ,
1798 556 1826 612 οἱ
1843 556 1875 613 δὲ

252 634 332 718 ἐἰσέτι
346 655 432 720 cluat
446 658 491 712 νῦν
503 652 547 711 έπὶ
558 657 604 725 τῆς
623 651 737 727 θυμέλης
753 648 975 731 τραγῳδούμενον·
986 648 1031 707 καί
1057 642 1208 723 στεφάνων
1229 644 1317 725 ἱερῶν,
1337 644 1361 700 οί
1379 640 1407 700 δέ
1428 639 1492 721 πρδς
1511 639 1583 707 θεοὺς
1603 640 1769 720 ἰσομοιρίας,
1793 644 1821 699 οἱ
1842 643 1872 701 δὲ

251 742 375 825 Ὅμηρον
388 743 432 802 lul
443 742 746 821 τοότοις,θνθγινναῖος
759 742 874 801 Πλάτων
886 738 974 807 ἐξωθεῖ
984 742 1031 809 τῆς
1075 731 1154 803 αὐτῆς
1180 730 1331 797 ἀθανασίας.
1374 729 1411 790 Τί
1432 736 1490 788 ποτ’
1505 720 1549 788 οὖν
1571 720 1602 801 ἧν
1621 734 1714 805 τοῦτο,
1732 731 1772 787 δι’
1792 728 1873 789 ὅσοι

252 838 345 895 laureo*
361 830 509 904 πολιτείας,
525 835 561 899 ὡς
574 834 638 890 κατ’
653 830 726 891 οὐδέν
746 830 889 910 ὠφέλιμον,
903 827 971 886 ἀλλά
985 826 1031 886 καὶ
1075 820 1226 929 Ἀρχίλοχος
1241 817 1324 887 ἔδοξεν
1343 816 1410 885 fito<
1431 808 1496 875 εἶναι
1517 824 1562 877 τοῦ
1582 819 1708 897 οὔρανοῶς
1722 816 1777 889 Μὴ
1799 824 1872 897 φθο-
1975 832 1976 869 t

251 924 286 985 τὰ
303 924 403 1003 ίσχατα
417 921 476 988 τοὺς
494 919 565 989 νέους
587 918 785 999 λυμαινομένων
810 919 895 998 λόγων
919 918 1031 989 ποιητὴν
1075 908 1172 987 trime,
1187 932 1209 987 ῳ
1223 905 1453 989 φιλανθρωπότατε
1477 908 1551 979 θεῶν,
1569 905 1630 984 μηδ’
1647 904 1737 971 ἄλλοις
1756 907 1872 987 ἀνθρώ-

252 1008 433 1091 γεγενημένον.
475 1008 536 1089 Ἐφ’
551 1000 677 1076 οἶςπόλιν
692 1007 895 1088 θπροδηλωθεὶς
908 1005 1032 1085 τθνχρη·
1075 1020 1133 1063 titt<
1146 1000 1191 1067 τῆς
1207 996 1260 1054 ἅνω
1277 997 1345 1055 ὖὸεῧ·
1386 998 1412 1056 Τ
1414 993 1423 1051 ί
1440 992 1563 1073 πράττειν
1577 993 1691 1060 κελεύεις
1707 998 1804 1071 ἡμᾶς
1829 996 1869 1054 Ἦ

252 1097 357 1179 εμιρδδν
372 1096 428 1157 θεὸν
441 1089 493 1156 hcl
507 1120 562 1165 πως
574 1095 706 1157 σκώπτει·

291 1241 430 1311 Ἀθάνατός
445 1266 487 1302 σοι
501 1251 563 1309 παῖς
577 1242 622 1301 καὶ
635 1241 769 1317 ἀοίδιμος,
778 1228 801 1299 ῶ
811 1236 977 1304 Τελεσίκλεις
987 1243 1010 1313 ¹,

293 1330 377 1390 ἔσσετ’
392 1333 418 1389 έν
432 1330 585 1411 ἀνθρώποις.

253 1480 289 1541 ‘0
302 1478 330 1539 δέ
343 1488 407 1547 παῖς
420 1471 451 1551 ἦν
467 1480 627 1561 Ἄρχιλοχος.

291 1630 393 1694 Ἔσται
408 1654 448 1690 σοι
463 1636 555 1710 κοῦρος
570 1630 761 1708 Μνησαρχίδη,
774 1625 862 1685 ὅντινα
877 1625 973 1690 πάντες

293 1721 423 1801 ἅνθρωποι
436 1719 552 1793 τίσουσι,
564 1716 610 1776 καί
623 1721 647 1783 ἐς
661 1718 734 1781 κλέος
748 1713 839 1773 ἐσθλὸν
852 1713 966 1791 θρώσει,

292 1807 337 1867 καὶ
349 1807 464 1888 στεφέων
473 1809 549 1883 ἱερῶν
558 1804 571 1841 ⁶
580 1802 707 1883 γλυκερὴν
721 1802 800 1881 χάριν
812 1801 1011 1881 ἀμφιάαλεῑται.

253 1956 287 2018 ‘0
301 1956 329 2014 δέ
340 1959 432 2035 κοῦρος
442 1945 475 2025 ἦν
489 1951 642 2032 Εὐριπίδης.
682 1949 805 2029 Ὄμηρος
820 1950 864 2027 δέ,

294 2098 343 2157 Σοὶ
357 2099 410 2170 ζωῆ
425 2096 495 2164 δοιάς
509 2095 599 2175 μοίρας
610 2095 727 2173 λάχεν,ἡ
743 2094 791 2171 μέν
805 2098 932 2176 ἀμαυρῶν

293 2186 388 2257 ἠελίων
403 2187 497 2244 δισσῶν
511 2192 533 2260 ⁰,
546 2190 563 2253 ἡ
577 2186 601 2242 δ’
612 2183 750 2251 ἀθανάτοις
764 2183 895 2263 ἰσόμοιρος
907 2180 931 2255 ⁴¹,

294 2276 344 2341 ζῶν
359 2271 405 2331 καὶ
416 2272 603 2353 ἀποφθίμενος.

255 2411 312 2474 Καί
326 2411 369 2471 διὰ
381 2416 464 2471 ταῦτα
477 2410 583 2483 ἤκουεν,

293 2548 390 2614 'otto
403 2552 449 2611 καί
463 2552 606 2631 δύσδαιμον
613 2559 636 2625 ⁰,
649 2551 711 2634 έφυς
723 2550 774 2632 γὰρ
788 2550 834 2610 ἐπ’
843 2549 1021 2631 ἀμφοτέροισι.

254 2706 334 2784 Λέγει
355 2704 383 2765 δέ
397 2706 444 2763 οὐκ
456 2703 603 2785 ἄνθρωπος,
615 2701 684 2761 ἀλλά
696 2725 735 2770 τις
750 2700 939 2778 διατεινάμενός
955 2725 1033 2777 ποτε,

254 2794 294 2853 δτι
309 2791 386 2852 airh
397 2793 427 2850 οὗ
441 2791 494 2871 χρὴ

297 2931 451 3012 Ἀνθρώπων
466 2929 521 2990 θεὸν
536 2930 597 2989 ὄντα
613 2928 765 3001 δυηπαθέων
779 2930 913 3007 ἀλεγίζειν.

254 3076 316 3159 Ἄγε
330 3074 384 3156 οὖν,
394 3071 480 3154 ῶθεέ,
491 3081 527 3158 μὴ
540 3083 659 3159 περιίδῃς
671 3083 733 3159 μηδ’
745 3086 824 3158 ἡμῖὶς,
837 3081 1034 3160 Ἐπιθυμοῶμεν

254 3361 305 3398 rem
317 3347 381 3398 utilis
392 3348 468 3411 toret,
479 3347 521 3398 scd
532 3348 605 3397 etiam
614 3347 681 3409 quod
692 3333 906 3410 ea'composuisset
914 3349 1038 3408 carmina,·

253 3449 310 3498 quc
323 3435 439 3499 pernicies
450 3441 475 3485 et
486 3435 561 3499 nesus
574 3434 762 3485 adolescentium
777 3435 921 3487 riderentur.
948 3439 1032 3501 ltaque

172 3533 177 3542 ·
253 3524 377 3574 iatidicum
391 3524 460 3573 illum
475 3525 547 3573 deum
564 3527 702 3575 OEuomaus
714 3523 759 3574 hac
776 3539 860 3574 rursus
879 3527 970 3576 catione
980 3531 1031 3575 tra-

254 3611 320 3664 ducit
331 3631 338 3662 ε

284 3726 431 3777 Immortalis
438 3727 483 3776 erit
493 3726 538 3776 tihi
547 3726 608 3777 ultus
614 3763 623 3790 ,
633 3740 648 3777 o
657 3727 798 3790 Telesiclcs,

285 3817 451 3878 aeternumque
463 3816 623 3878 maluimus.
887 3816 890 3818 ’

255 3926 332 3977 Filius
343 3926 391 3976 istc
402 3926 560 3978 archiloctma
572 3928 632 3977 erat.

287 4053 335 4114 l'c,
346 4051 485 4102 ltnesmchc
493 4055 574 4101 manet
584 4063 679 4100 summo
687 4049 839 4100 damnandus
850 4050 954 4112 honore,

286 4139 363 4200 tilius,
375 4153 405 4189 ac
414 4139 509 4189 merita
521 4152 616 4188 summa
628 4138 658 4186 ad
670 4138 764 4200 lastigie
776 4138 855 4188 laudis

285 4227 448 4277 conscendens
458 4227 525 4275 latas
536 4239 605 4274 sacro
619 4239 650 4275 cx
663 4225 793 4276 certamine
806 4224 897 4288 orthae
978 4301 981 4304 ⁴

285 4315 384 4365 aulerct

255 4429 299 4482 llle
313 4434 394 4478 autem
407 4427 470 4477 itlius
482 4426 606 4490 Euripides
618 4432 676 4478 erat.
710 4429 828 4478 llomcrus
837 4440 895 4478 vero
912 4429 946 4490 ic,
959 4443 1031 4491 quem

255 4519 291 4571 cic
304 4519 452 4582 alloquitur:

285 4643 331 4693 list
341 4642 386 4693 tihi
396 4655 448 4692 sors
462 4641 517 4692 ritu
526 4642 614 4704 (topica
629 4659 636 4688 ε
650 4643 771 4705 geminum
782 4643 940 4696 altoresolcm

285 4730 418 4781 obscurum
429 4730 509 4791 dabit,
521 4729 696 4780 immortalibus
707 4730 781 4782 altera
790 4730 877 4794 jungit.

229 4812 236 4820 ’
254 4820 257 4831 “
285 4817 378 4869 Vivens
389 4818 570 4882 emtiuctusquc
581 4817 663 4868 simul.

256 4943 334 5004 atquc
347 4942 409 4992 hauc
419 4942 557 4992 ohcausam
566 4955 597 4993 cx
608 4943 692 4994 molem
705 4943 797 4995 audivit
811 4957 820 4996 ε’

195 5068 199 5072 ’
287 5055 353 5105 seth
365 5056 496 5120 tuteliaque
506 5057 592 5121 simu,
603 5058 645 5122 qui
658 5063 729 5109 natus
742 5059 849 5123 utrisque
858 5073 892 5110 aa.

258 5186 377 5237 (tatarum
390 5201 439 5239 nou
457 5189 507 5252 jam
528 5190 616 5255 homo,
630 5192 672 5243 scd
684 5191 744 5242 alius
756 5193 876 5257 quispiam
896 5193 1034 5244 constanter

1076 1082 1176 1155 δηλαδὴ
1194 1080 1228 1139 rt
1243 1080 1414 1162 Ἀρχιλόχου,
1431 1083 1453 1138 εἰ
1473 1080 1614 1157 μέλλοιμεν
1630 1078 1696 1148 ἀξιοι
1720 1085 1872 1157 φανεῖσθαι

1075 1175 1122 1243 τῆς
1135 1168 1265 1248 ὑμετέρας
1280 1169 1386 1245 έστίας;
1402 1170 1562 1248 Δοιδορῆσαι
1574 1166 1621 1247 μὲν
1636 1172 1737 1247 πικρῶς
1754 1168 1806 1235 τάς
1821 1172 1873 1227 οὐκ

1075 1257 1213 1322 ἐθελούσας
1231 1261 1295 1331 ἡμῖν
1319 1260 1476 1333 γαμεῖσθαι,
1492 1255 1608 1334 ἅψασθαι
1631 1256 1658 1314 δὲ
1684 1256 1731 1314 καί
1754 1260 1811 1314 τῶν
1829 1283 1871 1315 κι-

1078 1345 1182 1418 ναίδων,
1197 1346 1288 1415 ἐπειδὴ
1303 1347 1355 1401 τῶν
1371 1343 1456 1402 ἀλλων
1470 1347 1590 1422 πονηρῶν
1605 1343 1671 1404 πολὺ
1686 1344 1872 1423 πονηράτεροί

1077 1434 1142 1491 εἰσι·
1155 1432 1216 1545 οὐχί
1231 1433 1293 1513 δίχα
1309 1432 1420 1511 μέτρου,
1435 1432 1501 1501 αὕτη
1514 1433 1564 1511 γάρ
1576 1431 1709 1497 διάλεκτος
1721 1432 1773 1489 καὶ
1789 1436 1870 1505 θεῶν,

1076 1521 1165 1599 ῶσπερ
1179 1543 1224 1579 ουν
1239 1521 1285 1579 καὶ
1299 1519 1373 1578 θείων
1389 1519 1500 1599 ἀνδρῶν,
1513 1517 1602 1600 ὥσπερ
1619 1519 1790 1599 Ἀρχιλόχου.
1812 1522 1872 1580 Καὶ

1076 1608 1148 1668 οὐδὲν
1162 1606 1225 1676 ίσως
1238 1606 1399 1683 θαυμαστόν.
1427 1606 1479 1668 Διά
1493 1606 1544 1687 γάρ
1558 1606 1604 1678 τὴν
1620 1610 1647 1666 έν
1659 1607 1764 1672 τούτοις
1779 1612 1870 1687 ὓπερ-

1076 1696 1152 1778 οχήν,
1169 1686 1197 1755 εδ
1212 1694 1259 1773 μέν
1274 1686 1342 1763 οἶκος
1364 1696 1485 1769 οἰκεῖται,
1498 1686 1526 1753 εὖ
1547 1693 1575 1753 δέ
1599 1694 1702 1767 ἰδιώτης
1722 1695 1798 1771 βίος,
1813 1696 1871 1755 πό-

1075 1786 1128 1852 λεις
1149 1784 1177 1842 δὲ
1200 1784 1363 1864 θμοφρόνιυς,
1386 1782 1430 1841 καί
1455 1782 1516 1855 ἔθνη
1547 1782 1662 1860 εὐνόμοις
1690 1793 1868 1845 συνεστᾶσιν.

1076 1874 1135 1932 ota
1148 1873 1292 1940 ἀπεικότως
1307 1871 1359 1951 ἀρα
1372 1895 1413 1931 σοι
1428 1871 1473 1931 καὶ
1484 1860 1603 1931 Μουσῶν
1617 1871 1736 1951 θεράπων
1752 1872 1763 1909 ¹
1778 1874 1868 1943 ἔδοξεν
1975 1882 1976 1893 ’

1076 1950 1159 2035 εἶναι,
1180 1958 1226 2018 καλ
1244 1963 1257 2017 θ
1277 1958 1366 2035 φονεὺς
1386 1960 1465 2018 αὐτοῦ
1487 1960 1534 2017 οὐκ
1554 1957 1623 2028 ἄξιος
1641 1950 1710 2017 εἶναι
1728 1964 1779 2031 τῆς
1796 1962 1866 2039 πρὸς

1076 2048 1143 2121 ὑμᾶς
1156 2046 1214 2114 τοὺς
1233 2044 1434 2131 θεοδςιείσόδου,
1446 2044 1505 2105 υῦδὲ
1522 2050 1568 2125 τῆς
1580 2046 1643 2124 παρ’
1658 2049 1731 2119 ὑμῶν
1753 2052 1865 2127 φωνῆς,

1076 2133 1156 2211 ἀνδρα
1177 2133 1312 2215 φωνάεντα
1331 2133 1494 2201 ἀποκτείνας.
1535 2132 1638 2193 Οὔκουν
1654 2133 1742 2199 ἀδικος
1765 2136 1869 2213 ἡπρὸς

1077 2220 1120 2279 τόν
1144 2220 1276 2302 Ἀρχίανθ
1298 2221 1409 2296 ἀπειλή,
1431 2220 1485 2279 οὐδ’
1505 2220 1642 2301 ἀκαιροςὴ
1662 2222 1755 2282 Πυθία
1778 2246 1867 2298 τιμω-
1975 2290 1976 2305 2

1078 2312 1158 2386 ροῦσα
1175 2308 1321 2389 Ἀρχιλόχῳ
1340 2313 1378 2387 τῷ
1397 2308 1482 2367 πάλαι
1503 2312 1604 2389 νεκρῷ,
1622 2309 1668 2367 καὶ
1688 2309 1868 2373 solesiucen*
1975 2324 1976 2379 ζ

1077 2393 1169 2463 ἐξιέναι
1190 2402 1235 2455 τοῦ
1254 2403 1317 2456 ναοῦ
1338 2396 1381 2455 τὸν
1396 2400 1486 2474 ἐναγῆ·
1501 2396 1634 2457 Μουσάων
1649 2394 1700 2474 γάρ
1721 2396 1868 2456 ἀπέκτεινε
1975 2400 1976 2453 l

1078 2482 1232 2561 θεράποντα.
1282 2480 1384 2543 Οὔκουν
1407 2483 1492 2562 ἔμοιγ’
1514 2484 1626 2563 ἐφάνης,
1652 2484 1797 2559 ε’παμύνων
1825 2488 1867 2564 τῷ
1975 2480 1976 2561 ᾗ

1077 2572 1188 2649 ποιητῇ,
1199 2568 1319 2649 ἀπρεπὴς
1330 2560 1396 2628 εἶναι
1405 2594 1412 2607 ·
1422 2569 1579 2647 ἐμεμνήμην
1588 2570 1639 2649 γάρ
1651 2568 1696 2630 καί
1710 2576 1756 2629 τοῦ
1772 2571 1866 2650 ἑτέρου

1078 2662 1200 2730 ποιητοῦ,
1222 2659 1266 2717 καὶ
1290 2662 1341 2718 τῶν
1367 2662 1442 2739 ἱερῶν
1468 2664 1515 2718 τοῦ
1538 2660 1681 2738 Εὐριπίδου
1712 2660 1864 2737 στεφάνων·

1078 2744 1164 2806 καίτοι
1178 2749 1294 2825 ἀπορῶν,
1311 2744 1355 2804 καί
1370 2748 1481 2806 ἀκοῦσαι
1494 2748 1638 2823 ἐπιθυμῶν,
1654 2748 1703 2825 οίεχ
1723 2745 1766 2806 ότι
1784 2737 1866 2807 έστε-

1079 2832 1217 2903 φανοῶντο,
1229 2824 1297 2885 ἀλλὰ
1311 2828 1366 2891 πῶς
1378 2818 1409 2897 ἦν
1424 2825 1457 2883 τά
1471 2824 1553 2905 στέφη
1566 2830 1648 2884 ταῦτα
1663 2826 1740 2903 ἱερά·
1755 2828 1811 2885 οιίδΙ
1821 2828 1865 2886 ὅτι

1079 2912 1154 2979 αὐτὸς
1168 2914 1205 2981 εἷς
1220 2910 1293 2980 κλέος
1315 2912 1420 2993 ὄρουσεν
1430 2910 1446 2985 ’,
1460 2913 1529 2974 ἀλλά
1542 2916 1600 2982 πῶς
1616 2914 1706 2974 ἐσθλὸν
1721 2904 1752 2986 ἦν
1768 2921 1861 2976 τοῦτο.

1079 2991 1276 3078 Ἐκροταλίζετο
1295 2999 1341 3076 μέν
1356 2999 1406 3079 γάρ
1425 3004 1452 3058 έν
1471 3009 1524 3068 τοῖς
1544 3001 1644 3080 ὄχλοις,
1662 2992 1735 3061 οἶδα·
1749 3003 1798 3060 καὶ
1813 3027 1864 3062 τυ-
1975 3009 1976 3034 ’

1080 3086 1178 3166 ράννοις
1192 3085 1297 3166 ἤρεσκε,
1312 3087 1357 3145 καὶ
1371 3092 1446 3146 τοῦτο
1460 3077 1533 3146 οἶδα·
1546 3089 1592 3148 καλ
1605 3089 1679 3168 ἔργον
1692 3089 1862 3160 ἐπετήδευεν,

1079 3353 1214 3410 asseverat,
1227 3353 1306 3411 ipsum
1320 3349 1361 3412 qui
1379 3349 1438 3400 deus
1455 3349 1486 3400 sit
1498 3351 1599 3400 miseros
1612 3351 1723 3401 homines
1739 3354 1864 3415 ncgligere

1078 3438 1178 3488 debere.

1109 3527 1174 3574 care
1189 3524 1270 3586 igitur,
1283 3524 1351 3586 deus,
1365 3537 1395 3574 nc
1417 3525 1454 3575 rel
1471 3539 1515 3576 nos
1535 3529 1683 3576 contemnas
1716 3527 1861 3588 Espetimna

1038 3680 1041 3686 Ι
1078 3613 1156 3674 onim,
1168 3611 1241 3660 modo
1254 3611 1353 3674 nequid
1366 3623 1505 3675 peccemus,
1514 3614 1554 3662 alii
1567 3626 1687 3662 summam
1697 3613 1806 3676 gloriam,
1815 3615 1861 3664 alii

1078 3713 1179 3750 coronas
1192 3713 1288 3760 sacras,
1303 3699 1343 3749 alii
1355 3699 1456 3750 deorum
1467 3701 1672 3751 conversationem
1681 3738 1688 3762 ‚
1697 3701 1738 3751 alii
1754 3701 1864 3765 denique

1079 3789 1154 3850 ipsam
1177 3789 1388 3837 immortalitatem.
1422 3789 1486 3846 Quid
1505 3788 1575 3850 lgitur
1595 3788 1694 3839 tandem
1713 3787 1773 3836 illud
1792 3793 1863 3848 erat,

1078 3875 1236 3938 quamohrem
1248 3875 1417 3925 Archilochum
1427 3875 1487 3925 coelo
1496 3876 1593 3940 dignum
1607 3878 1720 3939 ρυιενεεε
1729 3877 1862 3938 tioli‚deo·

1078 3975 1133 4011 rum
1154 3961 1340 4025 humanissime,
1359 3975 1390 4012 no
1415 3963 1507 4012 crateris
1531 3962 1628 4025 quidem
1653 3962 1792 4012 hominihus
1814 3963 1864 4012 hoc
1975 4013 1976 4016 ,

1079 4051 1104 4100 iu
1118 4049 1204 4100 coelum
1218 4051 1264 4100 iter
1274 4050 1388 4100 inridere.
1400 4049 1464 4107 Quisl
1476 4063 1520 4099 uos
1532 4051 1608 4099 lacere
1616 4050 1702 4111 juhesi
1711 4054 1746 4099 An
1758 4051 1862 4112 quidem
1891 4085 1897 4098 .

1078 4139 1179 4188 dubium
1193 4143 1242 4198 est,
1253 4138 1312 4201 quin
1323 4153 1367 4186 nos
1383 4137 1517 4187 trcltilochi
1530 4138 1638 4198 uestigiis
1650 4137 1761 4188 insistere
1779 4139 1860 4202 retis,

1078 4225 1098 4272 si
1115 4226 1163 4274 tuis
1177 4225 1242 4286 digni
1258 4225 1383 4287 pcnahhus
1395 4225 1471 4274 uideri
1487 4224 1621 4288 cupiamus.
1654 4227 1753 4276 Acachia
1771 4239 1862 4290 ncutpe

963 4316 971 4330 ·
1080 4312 1172 4373 probris
1190 4311 1386 4361 vexandmnuhis
1404 4311 1861 4374 mulieres,quaeconjugiumnostrum

1078 4398 1240 4461 repudiarint:
1258 4398 1383 4448 mordendi
1411 4411 1508 4462 quoque
1530 4399 1597 4461 numi
1626 4398 1755 4458 meritorii,
1782 4413 1861 4462 quum

1077 4488 1148 4550 louge
1160 4489 1281 4550 improbos
1301 4501 1385 4538 omnes
1398 4486 1492 4550 llegitiis
1503 4490 1623 4550 superent.
1639 4491 1730 4537 verum
1740 4487 1763 4535 id
1774 4473 1862 4550 u'tique

1080 4576 1225 4626 carminibus
1236 4573 1374 4625 laciendum
1386 4575 1444 4636 erit,
1455 4575 1520 4636 quod
1533 4588 1562 4624 ea
1578 4575 1609 4626 sit
1621 4577 1673 4624 tum
1689 4575 1792 4629 deorum
1807 4580 1859 4625 tum

1078 4663 1213 4713 diuinorum
1232 4664 1374 4724 hominum,
1384 4662 1461 4725 qualis
1473 4663 1631 4713 Archilochus
1643 4663 1700 4723 luit,
1710 4663 1784 4713 dictio
1803 4679 1860 4727 pm-

1080 4752 1131 4815 pria
1144 4754 1169 4822 ct
1184 4752 1321 4813 peculiaris.
1353 4755 1436 4813 ltaque
1452 4750 1476 4800 id
1503 4751 1601 4801 tortasse
1621 4751 1717 4800 mirum.
1749 4754 1812 4802 llam
1833 4757 1861 4804 et

1080 4839 1222 4888 familiarum
1242 4837 1308 4887 salus
1328 4840 1352 4888 et
1373 4838 1471 4900 parate
1489 4839 1546 4888 vitm
1559 4838 1712 4888 incolumitas
1731 4842 1756 4890 ct
1774 4853 1856 4893 rerum

1080 4926 1703 4991 publicanrmoonoordtaethonistegibusoousututa
1712 4929 1858 4990 populorum

1079 5015 1201 5079 integritas
1220 5015 1293 5078 liujus
1312 5015 1461 5079 potissimum
1482 5015 1541 5065 artis
1553 5015 1694 5065 excellentia
1710 5017 1856 5066 continetur.

1081 5107 1164 5167 tuque
1176 5117 1220 5155 uec
1230 5104 1297 5153 illum
1310 5105 1362 5155 siue
1372 5115 1445 5154 causa
1454 5117 1497 5167 pro
1507 5105 1628 5162 Musarum
1638 5103 1731 5154 cultore
1742 5105 1856 5166 tumuisti,

1079 5193 1105 5240 et
1123 5191 1175 5252 cius
1195 5191 1369 5242 interlectorem
1384 5192 1478 5253 restro,
1492 5190 1537 5240 hoc
1556 5192 1595 5240 est
1616 5188 1712 5252 divino,
1724 5203 1857 5252 congressu
