3959 5925
733 390 973 453 FRAGMENTA
996 392 1133 453 vatam.
1677 404 1733 454 itt
1842 454 1848 459 .

117 545 119 551 ’
166 543 188 585 ο.
210 522 359 601 ’λλκμαίων
383 521 569 602 Κροτωνιάτης
591 521 653 582 τάδε
676 520 758 595 ἔλεξε,
784 522 909 603 Πειρίθου
953 522 1017 605 πρὸς
1030 523 1089 591 τοὸς
1102 523 1185 591 ἐκτός.
1202 523 1315 603 Ὁρᾶται
1330 524 1380 605 γδιρ
1393 528 1419 583 έν
1438 527 1507 604 αὐτῆ
1525 522 1572 582 καλ
1589 522 1670 592 πάθος
1690 525 1735 583 καὶ

126 610 195 687 υἱός,
222 609 355 691 Βροντίνερ
373 609 418 670 κοιλ
444 608 539 669 Λέοντι
558 608 604 669 καί
623 608 767 691 Βαθύλλω·
782 610 843 691 περὶ
856 614 908 669 τῶν
953 603 1193 685 ήθοςκαὶδιάθεσις
1206 616 1253 683 τῆς
1266 612 1407 685 λαλούσης.

29 750 31 755 ,
126 698 245 779 ἀφανέων
272 698 401 778 καὶπερὶ
424 700 475 756 τῶν
501 702 600 771 θνητῶν
624 696 765 781 σαφήνειαν
790 696 909 777 μένθεολ
993 700 1181 778 (Plutarchus
1195 700 1489 779 Conjug.praec.rol.
1502 700 1553 759 vll
1566 723 1596 780 p.
1614 711 1669 770 4²1
1687 702 1733 763 ed.

125 784 227 865 ἀχοντι,
244 788 279 852 ὥς
292 782 320 844 δὲ
333 783 477 866 ἀνθρώποις
487 786 682 865 τεκμαίρεσθαι.
952 790 1071 848 llntten.
1090 788 1198 849 Eadem
1219 789 1313 847 rerba
1333 790 1471 865 leguntur
1486 789 1564 868 apud
1589 789 1734 848 Stobaeum

166 875 327 951 (Diogenes
342 874 478 934 Laertius
492 875 545 935 lib.
560 874 641 948 Vlll,
652 876 688 933 83
703 896 709 933 :
726 866 758 947 ήν
773 874 801 935 al
815 874 908 955 Πειρί-
952 876 1031 937 iiior.
1043 875 1168 949 LXXIV,
1177 887 1216 955 49
1225 887 1248 938 ¹.
1261 876 1406 939 Similiter
1421 877 1555 937 Clemens
1563 878 1737 936 Alexandri·

124 965 169 1019 θου
182 961 253 1032 υἱός,
277 965 312 1027 ὡς
335 960 410 1029 αὐτὸς
433 961 606 1041 ἐναρχόμενος
629 966 674 1022 τοῦ
697 956 906 1043 συγγράμματός
951 986 1008 1025 nus
1023 967 1130 1024 Strom.
1146 964 1184 1024 iv
1197 985 1229 1043 p.
1245 964 1302 1023 ὅτε
1316 989 1324 1027 ι
1340 965 1373 1024 Τί
1386 964 1444 1044 δαίς
1462 967 1521 1044 ούχὶ
1533 965 1629 1025 Θεανὼ
1644 970 1661 1037 ἡ
1677 968 1736 1025 Πυ-

125 1069 217 1129 φησιν·
234 1048 383 1128 Ἀλκμαίων
399 1049 477 1131 κτλ.)
952 1048 1078 1129 θογορικδ,
1093 1054 1129 1121 εἰς
1140 1059 1263 1111 τοσοῦτον
1277 1044 1342 1125 ήκεν
1360 1052 1528 1135 φιλοσοφίας,
1547 1057 1582 1121 ὡς
1604 1053 1667 1134 πρὸς
1688 1053 1734 1112 τὸν

162 1158 187 1199 τ.
212 1132 276 1201 Ἔτι
290 1137 317 1197 δέ
331 1138 447 1220 κεφαλῆς
464 1135 571 1217 μόριον,
587 1137 620 1195 δι’
632 1129 662 1198 ού
679 1138 779 1216 ἀκούει,
799 1138 906 1212 ἀπνουν,
950 1136 1094 1215 περιέργως
1119 1139 1247 1199 ἀπιδόντα
1269 1142 1313 1199 καὶ
1338 1139 1464 1213 εἰπόντα,
1487 1139 1576 1207 Καλὸς
1603 1144 1618 1199 ό
1638 1145 1736 1219 πῆχυς,

123 1225 152 1285 τὸ
164 1218 219 1292 οὖς·
232 1224 380 1304 Ἀλκμαίων
392 1225 443 1306 γδρ
457 1228 503 1285 οὐκ
520 1227 605 1298 ἀληθῆ
619 1226 705 1306 λέγει,
717 1228 830 1307 φάμενος
842 1231 906 1287 ἀνα·
950 1219 1023 1281 Ἀλλ’
1033 1229 1062 1284 ού
1077 1225 1200 1303 δημόσιος
1210 1227 1410 1306 ἀποκρίνασθαι.
1426 1228 1452 1285 Τ
1454 1228 1629 1288 heodoretus
1644 1248 1730 1289 semu.

123 1322 196 1373 πνεῖν
210 1314 257 1381 τδις
267 1306 343 1393 σίγας
359 1314 428 1373 κατὸι
442 1312 476 1372 τὸ
490 1303 556 1375 ὦτα.
787 1348 791 1356 ·
950 1306 1006 1367 XII
1020 1334 1027 1369 τ
1039 1312 1135 1373 Θεανὼ
1149 1318 1167 1385 ἡ
1184 1316 1370 1396 Πυθαγορική,
1394 1314 1593 1394 ἀποόλέψαντός
1610 1310 1679 1385 τίνος
1698 1316 1734 1383 είς

165 1404 354 1481 (Aristoteles
368 1403 445 1477 llist.
463 1403 580 1462 animal.
597 1402 650 1464 lib.
667 1402 681 1461 l
696 1423 760 1483 cap.
776 1401 842 1483 XI.)
950 1396 1032 1470 αὐτὸν
1046 1400 1091 1459 καί
1100 1400 1224 1476 εἰπόντος,
1239 1402 1329 1470 Καλὸς
1340 1405 1354 1460 δ
1364 1407 1461 1483 πῆχυς,
1473 1402 1544 1463 Ἀλλ’
1560 1405 1588 1462 ού
1599 1402 1734 1479 δημόσιος,

950 1487 1019 1545 ἀπεκ
1037 1487 1119 1551 ίνατο.

419 1574 609 1635 ΘΕΑΝΟΥΣ.
989 1594 1012 1636 t.
1021 1488 1300 1658 ρΘεανιδήέρωτηθεῗσα
1314 1578 1430 1639 ποσταία
1441 1580 1507 1656 γυνή
1521 1582 1568 1639 ἀπ’
1581 1580 1672 1661 ἀνδρὸς
1685 1604 1735 1639 κα-

949 1662 1069 1742 θαρεύει,
1091 1665 1173 1724 «ἀπὸ
1194 1666 1243 1744 μίν
1267 1672 1312 1725 τοῦ
1335 1666 1425 1727 ῖδίουν
1449 1657 1506 1727 elne
1531 1694 1545 1720 ο
1558 1672 1735 1747 παραχρῆμα,

162 1768 184 1808 ι.
202 1747 257 1809 Καὶ
282 1747 393 1829 συχνοθς
413 1747 461 1827 μὸν
477 1748 615 1822 Ἑλλήνων
639 1750 780 1825 πέπυσμαι
798 1749 904 1829 νομίσαι
949 1748 1003 1808 ἀπὸ
1015 1750 1042 1811 δέ
1056 1757 1102 1811 τοῦ
1113 1753 1251 1831 ἀλλοτρίου
1264 1753 1399 1815 οὐδέποτε.
1415 1781 1428 1807 ι

122 1834 203 1915 φάναι
229 1836 385 1917 Πυθαγόραν
406 1837 431 1905 ἐξ
452 1840 561 1917 ἀριθμοῦ
576 1838 663 1898 πάντα
678 1838 797 1919 φύεσθαι.
821 1830 905 1907 Ούτος
989 1838 1138 1915 (Stobaeus
1152 1841 1256 1902 Floril.
1275 1841 1403 1916 LXXIV,
1420 1843 1457 1901 53
1476 1847 1605 1910 Θεανοῦς.
1622 1844 1730 1904 Eadem

123 1923 178 1983 δὲδ
197 1921 272 2003 λόγος
287 1924 398 2005 ἀπορίαν
417 1926 530 2005 παρέχει
552 1930 633 2003 ἡμῖν,
650 1930 705 1993 πῶς
720 1926 737 1985 ἀ
753 1927 820 2004 μηδὲ
835 1927 904 1987 locta
948 1924 1038 1985 habet
1050 1928 1196 2005 Diogenes
1209 1931 1344 1990 Laertius
1358 1930 1413 1991 lib.
1428 1929 1510 2002 Vlll,
1531 1935 1581 1999 43.
1598 1931 1734 1992 Clemens

123 2012 261 2071 ἐπινοεῖται
275 2011 321 2073 καλ
334 2023 435 2091 γεννᾶν.
454 2013 487 2072 Ὁ
507 2013 534 2073 δὲ
548 2017 595 2075 ούκ
610 2015 636 2085 ἐξ
654 2018 779 2096 ἀριθμοῦ,
793 2018 862 2076 κατὸ
877 2019 904 2079 δὲ
950 2013 1165 2075 Alexandrinus
1178 2016 1288 2078 Sitom-
1310 2016 1344 2077 V·
1362 2018 1383 2078 l·
1401 2037 1440 2078 ῦὸ
1464 2020 1511 2087 τῆς
1527 2018 1606 2087 sivit
1628 2017 1734 2098 φέρεται

123 2098 230 2179 ἀριθμὸν
242 2098 316 2179 ἔλεγε
338 2100 425 2175 πάντα
445 2102 593 2181 γίγνεσθαι,
610 2102 650 2163 ότι
663 2106 691 2163 ίν
708 2107 812 2187 ἀριθμῷ
831 2106 906 2177 τάξις
949 2102 1107 2178 σεμνότητος
1121 2106 1228 2165 κάκεῖνο
1249 2105 1280 2164 τὸ
1295 2104 1464 2185 ἀπόφθεγμα·
1486 2107 1648 2186 ἐρωτηθεῖσα
1669 2108 1732 2188 γάρ,

122 2188 229 2268 πρώτη,
243 2180 275 2260 ἧς
298 2187 425 2268 μετουσίᾳ
447 2193 496 2249 κάν
513 2195 566 2258 τοῖς
581 2194 736 2272 ἀριθμητοῑς
760 2193 863 2273 πρῶτόν
879 2218 904 2255 τι
949 2192 1065 2250 ποσταία
1080 2193 1143 2270 γονή
1156 2193 1208 2251 ἀπὸ
1219 2190 1311 2273 ἀνδρὸς
1323 2194 1361 2259 εἰς
1374 2192 1403 2251 τὸ
1412 2192 1595 2273 Θεσμοφόριον
1610 2192 1734 2270 κάτεισιν,

121 2275 165 2335 καὶ
179 2275 297 2357 δεύτερον
308 2277 353 2337 καί
365 2276 450 2338 τάλλα
461 2277 595 2357 ἑπομένως
608 2278 742 2343 τέτακται.
949 2276 1015 2338 Ἀπὸ
1029 2278 1075 2356 μὸν
1096 2286 1141 2339 τοῦ
1159 2282 1226 2340 ἰδίου
1240 2280 1286 2340 καί
1299 2284 1485 2361 παραχρῆμα,
1499 2281 1567 2362 ἔφη,
1582 2281 1674 2341 ἀπὸδὲ
1688 2285 1735 2341 ἀλ-

163 2363 309 2446 (Stobaeus
323 2365 423 2443 Eclog.
449 2365 544 2445 lcap.
562 2366 614 2439 XI,
634 2368 668 2425 13
691 2389 723 2447 p.
742 2370 797 2427 302
819 2388 903 2448 seqq.
948 2367 1241 2447 λοτρίουοθδεπώποτε.
1257 2370 1458 2429 Theodoretus
1470 2390 1556 2431 serm.
1571 2368 1648 2427 Xll:
1667 2375 1733 2450 ipo>-

121 2454 168 2513 ed.
184 2456 272 2515 Heer.
289 2454 406 2521 Θεανοῦς
425 2456 455 2514 έκ
468 2462 514 2515 τοῦ
535 2455 596 2535 περὶ
610 2455 753 2524 εύσεόείας.
776 2456 903 2535 Reposui
948 2458 1057 2526 τηθεῖσα
1079 2456 1107 2516 δὲ
1130 2458 1219 2530 πάλιν,
1234 2457 1357 2517 Ποσταία
1373 2457 1439 2535 γυνή
1463 2458 1516 2517 ἀπὸ
1538 2457 1630 2537 ἀνδρὸς
1648 2462 1685 2526 εἷς
1702 2459 1734 2519 τὸ

120 2540 258 2619 πέπυσμαι
281 2563 346 2601 cum
372 2543 519 2602 Meinelsi0
533 2564 590 2623 pro
612 2544 847 2605 membranarum
862 2546 907 2604 le·
949 2532 1266 2623 Θεσμοφόριούκάτεισιν,
1278 2543 1341 2603 Ἀπὸ
1351 2542 1399 2620 μὲν
1414 2548 1459 2601 τοῦ
1477 2542 1542 2601 ἰδίου
1555 2548 1733 2623 παραχρῆμα,

121 2630 218 2687 ctione
232 2628 396 2707 πέπεισμαις
412 2632 444 2690 in
459 2632 649 2710 sequentibus
662 2647 758 2692 antem
770 2633 903 2693 codicum
948 2626 1012 2709 ἔφη,
1030 2630 1083 2688 ἀπὸ
1096 2630 1123 2688 δὲ
1136 2636 1181 2689 τοῦ
1198 2629 1334 2710 ἀλλοτρίου
1349 2630 1481 2691 οὐδέποτε.
1499 2630 1595 2689 Aliter
1608 2629 1735 2690 lambli-

121 2718 296 2795 scripturam
311 2716 388 2785 αὐτὸς
400 2718 428 2777 δὲ
441 2723 456 2778 ό
469 2719 546 2797 λόγος
562 2720 699 2799 ἀπορήσας
713 2720 820 2801 ἔρχεται
839 2742 903 2780 mu·
949 2717 1021 2776 chus
1035 2718 1071 2777 de
1086 2719 1142 2778 vit.
1157 2719 1243 2795 Pyth.
1262 2718 1315 2780 lib.
1335 2719 1348 2777 l
1363 2740 1426 2797 cap.
1446 2721 1483 2776 26
1502 2738 1509 2773 ε
1527 2710 1559 2790 ής
1572 2719 1629 2777 ion
1642 2718 1732 2778 καὶτὸ

120 2807 180 2863 lavi
189 2806 221 2863 in
236 2796 308 2871 οὗτος
321 2805 370 2865 lii
383 2804 460 2884 λόγος
470 2805 582 2887 ἀπορίαν
594 2808 705 2889 παρέχει
720 2809 794 2885 ἡμῖν.
806 2808 901 2887 [Fors.
948 2804 1028 2863 καλὸν
1038 2805 1083 2864 καὶ
1096 2805 1269 2885 περίύλεπτον
1280 2811 1362 2888 ῥῆμα,
1373 2806 1405 2865 τὸ
1416 2804 1465 2879 τήν
1472 2814 1583 2885 γυναῖκα
1595 2808 1648 2866 δεῖν
1660 2808 1729 2868 θύειν

120 2892 273 2973 ἀπορήσεως
287 2891 387 2974 ἔχεται.
396 2894 427 2974 ])
948 2892 1095 2974 αὐθημερὸν
1107 2893 1285 2974 ἀνισταμένην
1300 2891 1407 2955 ἀπὸτοῦ
1425 2897 1519 2968 ἑαυτῆς
1531 2894 1630 2975 ἀνδρός.
1648 2896 1732 2955 Cete-

159 3003 183 3041 ο.
195 2980 318 3054 Θεανὼή
332 2983 510 3064 Πυθαγόρειος
518 2986 678 3064 ἐρωτηθεῖσα
688 2989 744 3053 πῶς
756 2985 904 3056 ένδοὶοςέσ-
948 3003 1014 3042 rum
1035 2985 1113 3062 apud
1139 2986 1298 3061 Diogenem
1325 2984 1475 3043 Laertium
1499 2981 1553 3042 lib.
1581 2983 1662 3057 Vlll,
1690 2987 1729 3055 43

118 3093 173 3145 ται,
187 3069 249 3151 ἔφη·
262 3097 275 3122 ε
285 3071 356 3131 ἱστὸν
364 3072 522 3152 ἐποιχομένη
533 3073 578 3132 καί
589 3073 652 3152 ἐμὸν
659 3073 735 3154 λέχος
742 3075 902 3136 ἀντιόωσα.»
947 3071 1012 3130 haec
1025 3073 1172 3132 adduntur
1189 3093 1196 3128 ε
1209 3077 1243 3151 τῆ
1257 3071 1285 3130 δὲ
1297 3071 1361 3152 πρὸς
1374 3070 1418 3131 τὸν
1431 3071 1495 3130 ἴδιον
1506 3071 1587 3151 ἀνδρα
1600 3073 1732 3153 μελλούσῃ

160 3159 314 3242 (δουλείαις
328 3161 428 3223 Floril.
444 3161 576 3236 LXXIV,
593 3163 630 3219 32
642 3162 787 3244 Θεανοῦς.)
948 3159 1106 3240 πορεύεσθαι
1129 3160 1257 3239 παρήνει,
1275 3159 1333 3237 ἅμα
1346 3167 1399 3226 τοῖς
1419 3157 1546 3234 ἐνδύμασι
1561 3160 1606 3219 καὶ
1620 3158 1669 3231 τήν
1687 3163 1733 3218 cl·

159 3268 184 3308 a.
199 3246 236 3307 ‘li
247 3247 342 3310 Θεανὼ
349 3249 484 3332 παρέφηνε
498 3249 546 3322 τήν
555 3259 633 3331 χεῖρα
646 3253 858 3332 περιόαλλομένη
872 3252 903 3312 τδ
948 3248 1047 3326 σχύνην
1058 3246 1242 3324 ἀποτίθεσθαι,
1255 3247 1431 3325 ἀνισταμένην
1445 3270 1474 3306 τε
1485 3247 1564 3306 πάλιν
1578 3246 1637 3326 ἅμα
1646 3250 1734 3316 αύτοῒς

119 3334 232 3410 ἱμάτιον·
243 3335 360 3404 εἰπόντος
369 3336 398 3398 δέ
410 3361 478 3406 τινος
488 3365 500 3391 ε
511 3339 590 3406 καλὸς
601 3343 616 3397 θ
629 3345 716 3420 πῆχυς
729 3367 754 3419 n,
768 3341 858 3402 «Ἀλλ’
873 3347 903 3403 οὐ
948 3335 1154 3413 ἀναλαμύάνειν.
1169 3335 1364 3416 Ἐρωτηθεῖοα,
1377 3336 1465 3408 Ποῖας
1479 3334 1548 3415 ἔφη,
1562 3337 1655 3396 Ταῦτα
1669 3336 1703 3393 δι’
1716 3335 1734 3393 θ

121 3423 245 3498 δημόσιος
267 3450 279 3476 ε
299 3423 359 3506 ἔφη.
382 3429 431 3486 Δεῖ
448 3425 475 3484 δὸ
518 3425 628 3502 ἢμόνον
653 3427 697 3486 τὸν
712 3431 817 3509 πῆχυν,
833 3431 902 3490 ἀλλὰ
946 3423 1182 3499 polentinos.)

121 3502 188 3580 μηδὲ
202 3503 246 3561 τὸν
261 3504 338 3582 λόγον
354 3506 480 3582 δημόσιον
493 3450 559 3564 sivan
573 3512 620 3578 τῆς
634 3506 781 3589 σώφρονος,
796 3508 842 3567 καί
853 3507 902 3580 τήν
987 3531 1009 3570 ο.
1024 3508 1120 3571 Θεανὼ
1135 3511 1187 3592 γδρ
1208 3516 1225 3582 ἡ
1246 3509 1420 3589 Πυθαγορική
1433 3510 1536 3589 γράφει·
1551 3500 1605 3568 Ἦν
1623 3509 1676 3586 γθρ
1695 3511 1733 3588 τῷ

121 3590 225 3670 φωνήν,
242 3595 277 3659 ὡς
301 3593 487 3673 ἀπογύμνωσιν
505 3597 634 3655 αἰδεῖσθαι
654 3596 699 3655 καὶ
723 3597 900 3678 φυλάττεσθαι
947 3595 1003 3656 όντι
1023 3602 1078 3667 τοῖς
1101 3607 1192 3665 κακοῖς
1216 3597 1316 3676 εὐωχία
1340 3601 1354 3655 δ
1377 3596 1448 3675 βίος,
1473 3596 1728 3676 πονηρευοαμένοις,

121 3797 186 3847 enim
202 3807 331 3860 personare
349 3799 501 3864 irrumpente
522 3813 588 3862 sere,
603 3799 723 3864 siquidem
734 3802 816 3850 omnla
826 3813 903 3851 sacua
949 3799 1022 3849 etiam
1036 3799 1061 3848 in
1073 3799 1102 3850 iis
1113 3811 1169 3862 qne
1181 3797 1303 3846 numerari
1317 3797 1420 3859 possunt
1434 3797 1553 3860 primurn,
1567 3795 1700 3848 emendum
1709 3799 1734 3849 el

52 3893 54 3902 ¹
120 3889 217 3936 sonant.
570 3881 578 3888 ’
949 3886 1041 3948 reliqua
1053 3886 1165 3947 deinceps
1177 3886 1314 3947 ponuntur.

153 3981 176 4024 s.
191 3975 314 4027 Alcmaeon
324 3978 485 4038 Crotoniates,
497 3977 582 4028 Piritlai
596 3977 672 4038 lilius,
686 3976 740 4026 llaec
751 3975 814 4026 ‹liril
825 3977 901 4028 Bran·
980 3981 1004 4024 2.
1019 3974 1117 4024 Theano
1130 3973 1298 4036 Pythagorica)
1310 3973 1436 4036 sapientie
1449 3971 1556 4023 studiosa
1567 3972 1732 4036 interroganti,

120 4063 171 4113 tino
182 4065 207 4114 et
213 4066 297 4114 Leonti
309 4071 334 4115 et
345 4065 456 4128 Bathyllo
469 4085 476 4116 a
493 4069 558 4116 «Dii
568 4064 675 4130 quidem
684 4067 712 4114 tn
719 4065 802 4129 plena
813 4077 903 4116 rerum
949 4061 1071 4125 quomodo
1086 4061 1188 4124 gloriam
1199 4064 1358 4112 consecutura
1371 4063 1442 4124 esset,
1461 4061 1606 4124 repondit:
1619 4081 1633 4108 ι
1646 4062 1734 4114 telem

122 4151 293 4203 orsmraram
303 4156 328 4203 et
337 4153 492 4203 mortalium
501 4156 643 4215 monitione
653 4156 804 4215 uersentur,
817 4165 903 4218 quen·
947 4149 1129 4215 percurrendo
1142 4161 1276 4212 πεαιιιφαε
1289 4150 1385 4200 lectum
1401 4148 1529 4199 curando.
1549 4168 1561 4193 ι
1776 4215 1780 4224 Ι

120 4240 177 4288 tum
190 4253 249 4290 aero
261 4239 407 4292 nominibus
416 4242 542 4304 conjicere
559 4241 629 4292 ticet.
642 4260 655 4286 a
980 4245 1005 4290 s.
1020 4239 1118 4289 Theano
1131 4238 1225 4288 restem
1233 4235 1338 4288 mouens
1349 4236 1477 4287 brachtum
1488 4236 1605 4295 exseruit.
1619 4239 1645 4288 et
1656 4250 1732 4300 quum

151 4327 175 4373 7.
190 4327 233 4375 Est
243 4331 360 4389 preterea
375 4325 461 4390 cepitis
472 4340 541 4390 pars,
555 4340 604 4391 qua
619 4327 747 4390 audimus,
768 4328 902 4392 conspira·
949 4326 1050 4388 quidam
1061 4324 1184 4376 dixissetr
1203 4342 1216 4368 κ
1229 4323 1346 4375 Pulcher
1363 4324 1406 4376 tric
1421 4325 1525 4375 entitur
1540 4327 1592 4386 est,
1605 4342 1620 4369 ν
1634 4337 1734 4386 rospon-

120 4411 185 4474 inus‚
198 4413 280 4476 auris;
292 4415 444 4480 nequeenim
454 4415 601 4466 Alcmeonis
612 4415 730 4466 senlmlia
741 4427 799 4466 rena
811 4417 849 4466 est
860 4415 903 4480 qul
948 4414 985 4464 dit
999 4433 1011 4457 ι
1023 4417 1056 4464 st
1071 4427 1124 4464 non
1137 4413 1264 4478 publicus.
1283 4432 1296 4456 ι
1314 4413 1427 4463 celerum
1447 4411 1543 4475 pudice
1559 4411 1669 4462 mulieris
1682 4425 1731 4463 sion

120 4509 205 4560 capras
218 4499 318 4551 auribus
327 4501 418 4563 spirare
430 4500 572 4551 allirmarit.
949 4500 1024 4552 modo
1036 4501 1143 4565 cubitus,
1155 4502 1199 4552 seii
1208 4515 1240 4553 ne
1251 4514 1332 4552 sermo
1349 4498 1446 4562 quidem
1463 4499 1574 4562 publicus
1589 4500 1733 4563 msedebet,

949 4601 1057 4652 voceque
1072 4588 1103 4639 sd
1124 4587 1226 4650 alienos,
1248 4590 1363 4650 tanquam
1380 4599 1466 4650 parum
1481 4584 1639 4636 conveniente
1654 4587 1732 4636 nuda·

949 4676 1022 4738 tione,
1035 4675 1057 4726 ei
1066 4675 1238 4726 etennensium
1250 4679 1297 4726 est.
1311 4678 1423 4737 Namque
1439 4674 1465 4723 in
1477 4685 1541 4723 voce
1554 4676 1687 4724 cernuntur
1698 4675 1732 4725 io·

151 4769 174 4814 1,
190 4765 280 4816 Multos
294 4779 392 4831 qaoque
402 4769 545 4818 Graecorum
557 4765 641 4816 cradivi
651 4765 812 4827 existimasse,
822 4763 902 4815 dicere
949 4763 1046 4827 quentis
1057 4767 1082 4813 et
1095 4764 1245 4826 perturbatio
1258 4766 1283 4814 sl
1296 4776 1375 4814 mores
1389 4765 1415 4813 st
1427 4760 1502 4810 animi
1516 4760 1621 4811 allectio.

116 4852 279 4916 Pythagoram
297 4867 328 4905 ex
342 4851 445 4907 numero
458 4861 546 4906 cuncta
557 4854 624 4904 oriri.
638 4857 697 4905 liter.
706 4865 764 4904 vero
779 4865 819 4903 res
831 4851 902 4902 ‹lubi-
979 4854 1004 4900 t.
1020 4850 1118 4902 Theano
1127 4852 1280 4914 interrogata,
1292 4851 1353 4912 quol
1360 4847 1446 4898 diebus
1455 4845 1542 4896 mulier
1551 4848 1607 4907 post
1618 4847 1664 4898 riri
1677 4861 1733 4898 ron·
1799 4835 1803 4840 ’

116 4939 234 4991 talionem
247 4940 324 5004 injicit
341 4944 420 5007 nobis,
437 4944 560 5008 quomodo
573 4956 602 4993 ea
616 4955 672 5006 ηοω
687 4955 717 4993 ne
729 4941 787 4992 sunt
802 4939 901 5004 quidem
948 4939 1094 5001 gressionem
1107 4951 1168 5002 pura
1179 4939 1247 4989 lieret
1262 4953 1269 4987 τ
1285 4940 1305 4987 Δ
1322 4949 1386 4999 sno,
1402 4935 1497 4998 inquil,
1515 4936 1572 4985 tiro
1584 4933 1731 5000 confestim.

115 5029 167 5078 vim
179 5029 307 5092 genitalem
325 5031 413 5083 habere
425 5035 552 5096 putentur.
566 5033 598 5082 Al
616 5029 656 5081 ille
676 5043 725 5080 non
739 5043 769 5080 ex
785 5027 900 5090 numeris,
949 5026 983 5077 nli
996 5027 1083 5078 alieno
1094 5039 1152 5078 aero
1165 5039 1312 5091 nunquam.

114 5116 158 5168 sed
170 5117 369 5170 adnumeromm
382 5134 494 5175 normam
506 5119 574 5170 nasci
588 5117 794 5179 cupcladicebal,
807 5118 864 5181 quia
876 5116 901 5166 in
980 5121 1004 5165 5.
1019 5115 1115 5178 Quippe
1135 5115 1235 5167 Thmoo
1248 5115 1407 5179 Pythagorica
1422 5113 1508 5166 scribit
1528 5133 1535 5165 ε
1557 5115 1654 5165 «Esset
1666 5115 1731 5165 enirn

114 5219 219 5260 numero
238 5209 331 5272 primus
355 5211 462 5262 comitur
485 5209 566 5272 ordo,
586 5208 655 5272 cuitu
675 5206 898 5259 communicatione
949 5216 1032 5254 revers
1047 5204 1098 5253 rita
1110 5203 1250 5255 convivium
1261 5203 1387 5268 improbis,
1399 5203 1444 5268 qui
1454 5203 1592 5254 moriuntur
1603 5205 1731 5266 postquam

1591 5294 1615 5336 8.
1681 5322 1685 5332 .

450 4637 589 4686 nunnus.
