3959 5925
517 407 687 481 ttJttsutJtt
708 405 922 466 utsctt’tttts
943 405 993 463 ET
1007 404 1320 467 SUCCESSOBlBUS.

105 538 186 597 lium
196 538 275 597 carde
284 538 431 617 piaculum
444 538 689 604 sibicontraheret
699 536 769 615 (80).
780 537 895 615 Quippe

104 642 170 689 tam
194 630 354 688 bestiarum
381 648 467 706 quam
484 629 636 687 hominum
656 628 767 686 animas
788 626 895 685 diviuae

105 732 226 777 naturae
240 737 303 776 esse
319 718 477 795 participes
489 730 517 775 et
530 729 652 800 propter
665 714 894 793 metempsycho-

105 805 158 864 sin
172 805 321 865 communi
334 806 455 863 vinculo
465 818 551 882 atque
561 804 633 862 adeo
645 804 817 880 cognatione
828 823 895 881 qua·

37 922 46 939 ·
105 892 179 951 dam
195 895 271 951 inter
292 911 321 950 se
338 892 483 949 contineri
500 890 708 949 arbitrabatur.
720 890 790 960 Quae
805 908 894 966 quum

107 982 155 1039 ita
167 983 243 1053 sint,
259 980 440 1057 Pythagoras
461 980 494 1037 in
509 979 663 1037 sacrificiis
679 978 818 1036 iaciendis
836 997 895 1039 non

105 1068 225 1127 hostias
246 1082 386 1139 mactare,
414 1066 465 1125 sed
486 1080 564 1140 ture,
599 1082 695 1137 mero,
722 1068 799 1123 mola
819 1056 894 1123 ¹deos

106 1156 246 1213 venerari
270 1153 380 1215 solebat
395 1151 463 1235 (81).
492 1153 530 1213 Ut
556 1173 628 1212 vero
647 1154 769 1213 aliarum
797 1171 894 1210 rerum

107 1261 235 1317 gnarus,
248 1243 289 1300 ita
307 1242 471 1317 geometriae
485 1241 680 1319 peritissimus
697 1241 762 1300 fuit.
778 1239 843 1309 Quo
862 1240 894 1297 in

106 1347 217 1403 genere
230 1341 384 1407 postquam
394 1328 534 1386 diuturna
547 1327 737 1387 meditatione
751 1327 895 1385 intellexit

107 1416 251 1492 trianguli
267 1430 346 1475 recto
359 1416 466 1491 angulo
478 1416 595 1494 praediti
605 1415 727 1475 inferius
739 1415 814 1474 latus
826 1435 894 1474 con·

107 1504 274 1563 tinentibus
290 1504 428 1563 lateribus
447 1504 572 1580 aquari,
593 1503 684 1562 llusis
704 1502 809 1561 bovem
829 1504 892 1574 vel,

108 1610 180 1666 quae
193 1593 339 1667 vulgatior
357 1592 430 1649 fama
449 1603 508 1663 est,
524 1604 638 1649 centum
659 1590 750 1650 boves
769 1590 895 1649 traditur

108 1679 892 1761 immolasse(82}.Porphyrius(83)autem!nonverum

108 1766 238 1839 bovem,
252 1770 300 1827 sed
313 1769 433 1827 clarina
443 1768 604 1826 consectum
619 1770 655 1825 ab
665 1788 699 1825 eo
713 1768 893 1826 immolatum

109 1872 176 1913 esse
191 1868 295 1913 narrat.
310 1854 471 1932 Discipulis
484 1854 543 1935 (81.)
560 1854 621 1913 suis
630 1854 745 1911 Samius
760 1853 890 1931 philoso-

107 1942 187 2017 phus
226 1942 394 2015 interdixit,
419 1961 456 2000 ne
490 1942 556 1999 laba
593 1955 790 2014 vescerentur,
815 1942 894 2018 quod

109 2027 198 2086 habet
210 2030 390 2094 inflationem
408 2024 539 2105 magnam
559 2031 584 2087 is
603 2029 702 2102 cibus,
724 2030 894 2107 tranquilli-

110 2117 163 2174 tati
176 2120 298 2190 mentis,
315 2119 474 2195 quaerentis
498 2137 568 2177 vera
579 2119 774 2194 contrariam,
791 2138 892 2194 quam-

108 2222 194 2277 quam
219 2206 270 2263 alii
294 2206 379 2263 aliter
396 2205 453 2263 hoc
475 2218 655 2284 praeceptum
676 2206 891 2283 explicuerunt.

107 2292 174 2351 vid.
198 2293 308 2351 Philos.
335 2293 426 2351 Graec.
450 2294 551 2369 fragm.
577 2294 666 2353 vol.l
689 2314 756 2373 pag.
781 2295 837 2361 504
864 2307 893 2351 et

109 2380 198 2456 Dicg.
216 2381 310 2441 Laert.
327 2380 407 2450 Vlll‚
426 2390 462 2450 at
478 2394 505 2439 et
521 2382 569 2447 81.
585 2379 726 2439 Praeterea
739 2380 817 2438 haud
829 2381 891 2438 exit

109 2487 199 2544 guum
216 2482 392 2527 momentum
412 2470 444 2526 in
472 2469 584 2526 musica
598 2470 724 2546 positum
743 2486 806 2526 esse
827 2485 893 2525 cen·

109 2556 212 2614 suitad
227 2544 444 2633 gubernandam
460 2575 558 2614 rerum
569 2556 786 2614 universitatem
802 2554 894 2613 homi·

110 2664 239 2722 numque
263 2646 379 2703 animos
398 2658 458 2703 tum
483 2643 640 2702 flectendos
664 2656 723 2701 tum
741 2640 891 2716 regendos.

108 2732 293 2811 Quapropter
307 2734 403 2809 ipsum
426 2734 567 2791 mundum
592 2732 628 2790 ad
643 2732 823 2789 harmoniam
843 2748 890 2786 ca-

108 2840 178 2879 nere
192 2822 369 2881 existimavit
384 2819 454 2901 (85).
466 2819 564 2889 Quid?
575 2820 653 2898 quod
665 2834 820 2879 sectatores
829 2816 892 2893 ejus

109 2909 192 2968 soliti
206 2926 267 2968 esse
288 2910 424 2967 dicuntur
445 2921 474 2968 ct
488 2908 623 2984 dogmata
636 2906 767 2985 quaedam
783 2904 891 2964 carmi-

110 2997 202 3056 nibus
216 2999 358 3056 occultius
375 2997 502 3069 tradere,
521 3010 550 3055 et
573 3009 683 3054 mentes
700 3015 766 3055 suas
780 3015 797 3052 a
812 2993 890 3068 cogi·

110 3087 255 3144 tationum
277 3086 434 3144 intentione
450 3099 537 3144 cantu
560 3083 725 3163 fidibusque
747 3084 783 3142 ad
808 3096 890 3140 tran-

108 3175 282 3252 quillitatem
316 3174 465 3234 traducere
497 3171 566 3253 (86).
598 3173 689 3231 lidem
727 3171 890 3230 studiorum

107 3361 214 3422 σώματος
229 3360 319 3422 ὑγίειαν
333 3361 373 3408 καὶ
391 3361 468 3424 ψυχῆς
486 3359 584 3416 ὀξύτητα
602 3357 767 3420 περιγίνεσθαι,
780 3381 812 3392 -
831 3354 892 3416 (80)

106 3433 178 3481 ovid.
190 3433 288 3480 ttetam.
303 3433 358 3490 XV,
375 3434 418 3480 rtt
434 3443 527 3492 seq—
537 3431 586 3491 (81)
599 3430 666 3486 Diog.
683 3430 761 3476 Laert.
773 3427 848 3488 vlll,
864 3427 892 3473 18

106 3505 131 3552 ot
151 3509 191 3551 1ο.
205 3531 234 3542 -
248 3501 301 3561 (81)
317 3501 435 3561 Diogenes
455 3499 561 3550 Laertius
583 3498 623 3546 tib.
639 3500 711 3554 vtlt,
729 3501 756 3546 11
776 3497 852 3558 ιφησὶ
868 3495 892 3544 δὲ

107 3572 280 3634 Ἀπολλόδωρος
296 3571 309 3618 θ
323 3571 454 3633 λογιστικός
466 3569 598 3631 έκατόμόην
618 3571 687 3616 θῦσαι
701 3566 786 3628 αὑτόν,
797 3565 893 3628 εὑρόντα

110 3643 146 3690 ότι
160 3646 202 3690 τοῦ
213 3639 354 3704 όρὺογωνίου
372 3639 513 3704 τριγώνουή
527 3637 682 3687 ὑποτείνουσα
696 3634 844 3696 πλευράἰσαν
857 3633 894 3680 διί-

106 3728 174 3762 ναται
188 3718 238 3767 ταῖς
255 3711 428 3774 περιεχούσαις.
448 3711 494 3758 Καὶ
508 3709 572 3758 ἔστιν
588 3707 722 3771 ἐπίγραμμα
733 3707 807 3760 οὕτως
825 3705 889 3766 ἔχον·

106 3781 190 3840 ‘livino
200 3780 341 3843 Πυθαγόρης
350 3781 377 3828 τὸ
390 3779 506 3843 περικλεὲς
516 3779 594 3842 εὕρετο
607 3777 717 3840 γράμμα,
730 3777 791 3824 Κεῖν’
801 3773 835 3835 ἐφ’
844 3774 892 3834 ὅτῳ

106 3853 195 3910 κλεινήν
206 3853 281 3912 ἤγαγε
295 3849 431 3913 βουθυσίην.
446 3850 483 3898 Gi.
492 3849 622 3897 Athenaeus
634 3846 676 3895 tib.
687 3848 719 3905 x,
732 3859 784 3906 pag·
796 3847 852 3901 tta,
868 3843 891 3904 l;

108 3922 252 3976 Plutarchus
276 3921 338 3969 libro
357 3923 410 3970 lton
424 3932 492 3982 posse
511 3918 617 3968 suaviter
637 3915 686 3966 viri
704 3913 803 3964 secuml.
824 3913 891 3974 Epic.

109 4004 163 4052 cap.
180 3997 216 4052 11,
242 3990 291 4038 vol.
311 3991 377 4050 xlv,
401 4001 425 4051 p.
449 3991 492 4038 100
506 3988 545 4036 ed.
559 3990 669 4048 ttmten.;
684 3985 770 4035 cicero
789 3985 819 4031 de
840 3988 891 4034 uat.

107 4063 173 4111 deor.
186 4063 232 4121 ut,
245 4066 290 4122 8ος
305 4061 432 4110 Vitruvius
446 4059 488 4108 lib.
499 4061 532 4109 111
550 4072 603 4120 cap.
626 4065 693 4107 1.-
711 4056 760 4118 (81)
787 4055 893 4116 Porphy-

107 4133 157 4181 rius
166 4132 210 4182 rit.
224 4132 324 4194 Pytltag.
333 4150 339 4180 ι
350 4131 490 4188 ἐόουθιίτησε
500 4129 525 4178 δέ
536 4146 594 4178 ποτε
603 4128 719 4177 σταίτινον
727 4129 757 4181 ὡς
769 4142 825 4187 φασι
836 4126 892 4188 βοῦν

107 4208 131 4252 ot
146 4203 319 4266 ἀκριόέστεροι,
338 4201 434 4266 ἐξευρὼν
450 4205 493 4249 τοῦ
508 4200 649 4266 ὀρθογωνίου
661 4200 703 4257 τήν
723 4196 892 4246 ὑποτείνουσαν

106 4275 162 4324 ἰσον
175 4273 302 4336 δυναμένην
315 4278 367 4328 ταῖς
377 4271 548 4336 περιεχούσαις.
560 4299 591 4311 ·-
602 4271 656 4334 (st)
673 4269 756 4317 Cicero
768 4267 799 4315 dc
815 4266 890 4315 divin.

106 4347 128 4404 1,
143 4347 183 4392 30.
196 4343 299 4404 -(85)
313 4342 350 4392 Id.
366 4342 397 4391 de
410 4346 460 4390 nat.
475 4339 540 4390 deor.
556 4339 598 4388 lib.
620 4340 663 4399 111,
681 4341 716 4386 11.
731 4363 761 4374 -
773 4336 834 4398 (86)
853 4336 890 4385 Id.

106 4415 181 4464 Tttsc.
197 4415 264 4476 Disp.
282 4417 326 4476 lv,
342 4419 365 4462 2.
380 4439 409 4452 -·
426 4411 474 4474 (87)
492 4411 560 4472 Diog.
577 4412 656 4458 Laert.
668 4409 736 4469 vllI,
750 4413 789 4456 11.
803 4409 892 4455 Auctor

107 4499 160 4534 aur.
177 4498 252 4534 cartu.
266 4497 302 4534 ts.
324 4485 392 4534 1004
414 4501 420 4531 :
438 4480 490 4543 μηδ’
501 4481 574 4528 ὕπνον
590 4480 730 4542 μαλακοῖσιν
744 4478 780 4526 ἐπ’
801 4477 891 4540 ὄμμασι

106 4556 294 4618 προσδέξασθαι,
317 4555 370 4619 πρὶν
387 4557 435 4602 τῶν
452 4555 568 4622 ἡμερινῶν
583 4550 656 4612 έργων
679 4547 818 4609 λογίσασθαι
839 4548 892 4595 taa-

107 4639 176 4675 orov·
189 4631 223 4682 πῆ
232 4625 349 4686 παρέόηνς
361 4623 383 4672 τί
394 4623 414 4673 θ’
424 4621 487 4686 ἔρεξα
496 4640 504 4685 ;
512 4621 535 4670 τί
548 4637 586 4684 μοι
595 4621 646 4669 δέον
656 4619 701 4667 οὐκ
709 4617 829 4678 ἐτελέσθης
838 4619 890 4667 κτλ.

107 4695 252 4744 01010.οε
267 4697 362 4746 senect.
376 4707 429 4756 cap.
443 4697 479 4742 11.
493 4723 522 4736 -
538 4691 587 4756 (88)
603 4691 723 4741 Diodorus
735 4688 830 4738 siculus
839 4689 890 4748 cpi·

106 4773 167 4816 tom.
182 4766 224 4817 lib.
242 4767 331 4827 xcap.
350 4773 379 4829 ος
392 4765 539 4827 Porphyrius
558 4765 600 4813 vit.
622 4764 723 4825 Pyttrag.
736 4773 788 4822 cap.
806 4763 890 4821 0081ς

106 4839 191 4888 Cicero
203 4837 234 4886 de
250 4836 315 4885 ottic.
332 4836 375 4886 lib.
388 4837 436 4899 111,
449 4840 477 4885 10
489 4837 513 4884 et
526 4837 600 4885 Tuae.
613 4833 675 4895 disp.
691 4831 733 4881 tin.
747 4832 778 4892 V,
792 4831 892 4890 11ς1ιι-

107 4909 181 4958 terius
199 4908 321 4956 Maximus
334 4907 376 4956 lib.
391 4911 432 4968 tv,
447 4909 476 4969 7;
492 4906 622 4967 Potyanus
636 4904 677 4952 tib.
693 4906 724 4964 V,
737 4908 780 4962 223
794 4903 893 4949 Lactan-

106 4980 155 5028 tius
169 4977 246 5026 (livin.
262 4977 336 5026 instit.
351 4979 383 5038 V,
399 4981 440 5038 183
454 4975 561 5037 Hyginus
573 4974 620 5022 lab.
635 4977 688 5024 157.
700 4998 731 5008 -
741 4972 786 5032 (89
799 4971 807 5032 )
820 4971 889 5031 Diog.

106 5051 188 5099 baert.
201 5049 245 5097 lib.
268 5050 337 5112 vttl,
358 5047 499 5110 15ι1ιρχὴν
522 5047 563 5106 μἐν
579 5045 689 5094 ἀπάντων
701 5042 804 5108 μονάδα,
821 5043 847 5090 ἐκ
866 5041 891 5090 at

107 5124 148 5178 τῖς
162 5117 262 5182 μονάδος
287 5117 395 5182 ἀόριστον
414 5117 487 5165 δυάδα
500 5118 531 5170 ὡς
552 5115 580 5162 ἂν
599 5115 654 5172 ὕλην
672 5119 701 5175 τῇ
722 5111 804 5175 μονάδι
820 5110 890 5173 αἰτίῳ

107 5189 158 5240 ἀντι
168 5193 313 5251 ὑποστῆναι·
327 5189 355 5239 ht
369 5188 394 5238 δί
407 5193 447 5247 τῆς
462 5186 560 5252 μονάδος
578 5185 618 5234 καί
630 5189 670 5243 τῆς
681 5183 791 5249 ἀορίστου
809 5180 890 5236 δυάδος

1656 430 1720 473 Xlll

941 556 1059 595 suorum
1082 548 1230 614 parentem
1259 540 1351 596 secuti
1378 541 1526 598 memoriae
1554 544 1721 603 exercende

941 626 1035 699 gratia
1048 624 1119 701 quid
1134 644 1250 702 quoquc
1263 624 1311 682 die
1323 626 1467 698 iecissent,
1485 630 1587 706 quain
1603 650 1638 690 re
1652 651 1721 709 peo-

941 725 1067 783 cassent,
1085 713 1157 789 quid
1179 712 1272 770 facere
1294 714 1490 788 neglexissent
1503 719 1620 795 vesperi
1638 739 1722 778 com-

941 801 1140 860 memorabant
1156 800 1225 879 (87).
1238 803 1404 861 Amicitiam
1419 806 1631 866 vitaehumanae
1651 830 1720 887 per-

942 888 1093 948 lectionem
1109 903 1138 948 et
1151 910 1330 948 communem
1352 894 1481 951 omniurn
1504 897 1636 974 copulam
1657 917 1721 957 esse

941 976 1105 1056 disciplinae
1114 978 1314 1055 Pythagorica
1325 994 1427 1039 auctor
1442 984 1645 1060 profitebatur.
1673 986 1721 1043 ld·

941 1066 1020 1122 circo
1047 1064 1222 1142 Pythagorei
1256 1067 1347 1124 multa
1379 1069 1516 1127 amicitiae
1549 1069 1721 1130 documenta

941 1153 1101 1224 dederunt,
1117 1166 1150 1212 ut
1163 1154 1210 1217 vel
1225 1155 1301 1212 mori
1320 1174 1375 1231 pro
1390 1156 1554 1228 sodalibus,
1569 1160 1595 1216 si
1610 1158 1722 1218 forsita

944 1240 1046 1315 ferret,
1075 1240 1170 1318 parati
1199 1254 1303 1300 essent.
1332 1240 1432 1301 Testes
1459 1256 1527 1304 sunt
1553 1245 1669 1302 Damon
1692 1258 1722 1303 et

942 1326 1075 1385 Phintias
1090 1326 1284 1385 clarissimum
1300 1326 1353 1384 illa
1374 1347 1407 1385 re
1427 1349 1534 1387 nomen
1555 1333 1719 1403 consecuti,

942 1428 974 1471 ut
1002 1416 1136 1473 certatim
1157 1415 1271 1491 antiqui
1299 1415 1456 1492 scriptores
1480 1418 1598 1477 virtutis
1620 1438 1719 1478 eorum

944 1504 1112 1561 memoriam
1125 1504 1295 1561 servandam
1307 1503 1519 1584 putarintlsstt).

980 1592 1116 1649 Omnium
1132 1589 1190 1671 (89)
1202 1611 1300 1649 rerum
1311 1592 1489 1670 principium
1506 1612 1569 1652 esse
1582 1596 1720 1653 unitatem

941 1680 1118 1757 Pythagorae
1139 1680 1244 1757 placet.
1268 1678 1381 1737 Deinde
1394 1699 1431 1737 ex
1448 1682 1559 1739 unitate
1578 1682 1641 1739 sive
1655 1701 1720 1741 mo·

940 1768 1014 1826 nade
1046 1768 1226 1825 indefinitam
1265 1766 1408 1843 dyadem,
1447 1788 1535 1845 quem
1573 1768 1720 1828 binarium

941 1874 1095 1912 numerum
1132 1854 1222 1911 latina
1245 1853 1424 1911 consuetudo
1452 1869 1553 1929 vocat,
1584 1868 1719 1933 tanquam

940 1944 1090 2001 materiam
1111 1942 1228 1999 monadi
1252 1960 1344 1999 causae
1369 1940 1564 2018 subjacentem
1590 1962 1717 2007 manare.

940 2030 965 2086 T
967 2051 1016 2087 um
1036 2050 1077 2088 ex.
1097 2030 1221 2088 monade
1246 2042 1274 2086 et
1300 2028 1452 2087 indefinita
1472 2030 1566 2108 dyade
1585 2051 1722 2091 numeros

940 2118 1021 2193 gigni
1030 2140 1039 2189 ;
1058 2136 1095 2175 ex
1110 2117 1242 2175 narreris
1261 2129 1388 2194 puncta,
1401 2136 1438 2175 ex
1452 2121 1569 2196 punctis
1583 2119 1689 2191 lineas,
1704 2139 1721 2178 e

940 2204 1049 2281 quihus
1067 2206 1162 2283 planae
1183 2205 1283 2279 ligurae
1299 2218 1439 2262 constent.
1457 2205 1500 2263 Ex
1516 2206 1611 2283 planis
1625 2220 1720 2264 autem

940 2293 1049 2351 solidas
1068 2294 1176 2368 figuras
1190 2294 1285 2365 oriri,
1302 2313 1318 2351 e
1332 2293 1441 2369 quibus
1460 2296 1530 2352 item
1544 2294 1639 2353 solida
1653 2316 1722 2354 cor-

941 2400 1014 2457 pora
1046 2394 1203 2440 nascantur
1225 2401 1291 2439 cum
1314 2382 1396 2462 alia,
1413 2394 1473 2439 tum
1500 2396 1639 2460 quattuor
1660 2383 1721 2441 ele·

940 2484 1055 2541 menta,
1079 2470 1176 2545 ignis,
1199 2488 1290 2546 aqua,
1313 2481 1405 2540 terra,
1435 2488 1495 2539 aer,
1513 2490 1578 2548 quae
1599 2473 1720 2529 omnino

942 2570 1092 2615 mutentur
1115 2570 1144 2615 et
1165 2569 1385 2614 convertantur.
1410 2556 1453 2613 Ex
1480 2557 1527 2615 his
1552 2578 1623 2616 vero
1656 2559 1721 2617 ficri

941 2645 1080 2703 mundum
1096 2646 1293 2716 animantem,
1308 2644 1536 2718 intelligentem,
1553 2644 1719 2720 globosum,

940 2746 1024 2791 terrae
1045 2734 1077 2792 in
1094 2733 1191 2790 medio
1209 2732 1272 2789 sitae
1293 2750 1399 2808 corpus
1413 2736 1626 2803 continentem,
1641 2734 1721 2810 quod

938 2834 966 2878 et
980 2822 1077 2897 ipsum
1089 2818 1241 2893 globosum
1263 2818 1302 2875 sit
1313 2836 1346 2874 ac
1360 2818 1549 2876 circumcirca
1562 2818 1719 2877 habitetur.

939 2908 1010 2967 Esse
1022 2920 1164 2987 praeterea
1178 2904 1353 2984 antipodas,
1364 2904 1472 2983 quibus
1491 2925 1557 2984 quae
1574 2905 1661 2967 nobis
1675 2907 1721 2967 in-

939 2997 1021 3054 ferna
1032 2997 1107 3066 sint,
1120 3015 1183 3054 esse
1195 3013 1321 3072 superna
1333 2993 1499 3054 videantur.
1517 2994 1620 3072 AEquis
1633 2997 1720 3054 etiam

940 3084 1073 3162 partibus
1086 3083 1197 3141 mundo
1210 3083 1306 3140 inesse
1319 3082 1412 3140 lucem
1428 3102 1461 3140 ac
1474 3082 1625 3157 tenebras,
1639 3084 1722 3142 calo-

939 3191 1000 3229 rem
1015 3184 1043 3228 et
1059 3170 1167 3244 frigus,
1179 3170 1337 3227 siccitatem
1348 3181 1377 3226 et
1386 3157 1549 3229 huinorem.
1563 3169 1598 3228 ln
1613 3170 1721 3246 quibus

940 3355 994 3410 τοὺς
1007 3354 1131 3417 ἀριθμούς·
1144 3355 1172 3402 ἐκ
1183 3353 1207 3400 δὲ
1219 3358 1267 3401 τῶν
1281 3344 1384 3416 ἀριθμῶν
1398 3355 1429 3402 τά
1442 3360 1542 3417 σημεῖα·
1557 3355 1583 3403 ta
1592 3356 1616 3404 δὲ
1632 3357 1721 3406 τούτων

937 3423 979 3477 τάς
989 3421 1109 3483 γραμμάς·
1119 3423 1142 3477 ἐξ
1151 3422 1184 3470 ὧν
1195 3421 1226 3469 τά
1235 3421 1333 3470 ἐπίπεδα
1342 3424 1455 3484 σχήματα
1464 3437 1469 3447 ·
1479 3425 1506 3471 έκ
1515 3425 1540 3472 δὲ
1549 3429 1595 3472 τῶν
1606 3425 1721 3475 ἐπιπέδων

938 3493 967 3541 τὰ
983 3492 1065 3553 στερεὰ
1083 3493 1209 3555 σχήματα·
1222 3492 1249 3539 ἐκ
1269 3493 1294 3541 δὲ
1305 3493 1395 3541 τούτων
1406 3493 1437 3541 τά
1454 3495 1538 3554 στερεά
1554 3496 1668 3556 σώματα,
1688 3497 1721 3545 ὧν

938 3565 977 3612 καί
995 3564 1026 3611 τὰ
1043 3569 1152 3627 στοιχεῖα
1168 3563 1227 3612 εἶναι
1246 3565 1357 3627 τέτταρα,
1376 3569 1432 3628 πὺρ,
1453 3565 1524 3626 ὕδωρ,
1535 3570 1596 3625 γῆν,
1609 3565 1681 3627 ἀέρα
1705 3569 1721 3616 ἀ

939 3637 1089 3696 ueretillam
1098 3636 1123 3683 δὲ
1133 3636 1173 3683 καί
1185 3636 1310 3698 τρέπεσθαι
1320 3633 1350 3682 δι’
1359 3635 1434 3697 ὅλων,
1443 3636 1484 3684 καί
1495 3634 1599 3696 γίνεσθαι
1610 3636 1720 3692 ἐξαύτῶν

938 3703 1027 3766 κόσμον
1044 3704 1158 3766 ἔμψυχον,
1180 3704 1268 3767 νοερόν,
1283 3705 1430 3766 σφαιροειδῆ,
1446 3705 1519 3765 μέσην
1532 3705 1670 3766 περιέχοντα
1678 3711 1721 3766 τὴν

937 3775 1041 3834 γῆν,καί
1057 3775 1128 3831 αὑτήν
1142 3776 1276 3837 σφαιροειδῆ
1292 3775 1332 3821 καὶ
1344 3773 1543 3835 περιοικουμένην.
1560 3775 1627 3823 Εἶναι
1639 3778 1664 3826 δὲ
1680 3782 1720 3830 καί

938 3845 1077 3898 ἀντίποδας·
1099 3843 1188 3891 καὶτὰ
1207 3847 1264 3905 ἡμῖν
1283 3841 1350 3891 κάτω
1365 3841 1461 3900 ἐκείνοις
1476 3842 1533 3891 ἀνω.
1559 3842 1680 3910 ’ἰσόμοιρά
1696 3867 1721 3900 τε
1810 3851 1813 3854 ’

938 3917 997 3965 εἶναι
1010 3917 1034 3964 έν
1045 3919 1079 3977 τῷ
1092 3913 1178 3976 κόσμῳ
1193 3919 1242 3976 φῶς
1256 3914 1296 3962 καὶ
1315 3913 1400 3969 σκότος
1419 3915 1459 3962 καί
1472 3914 1555 3976 θερμὸν
1571 3917 1611 3965 καί
1632 3921 1721 3984 ψυχρὸν

937 3988 976 4033 καὶ
991 3986 1057 4047 ξηρὸν
1073 3985 1113 4032 καί
1127 3983 1210 4044 ὑγρόν,
1224 3983 1257 4031 ὧν
1276 3981 1328 4031 κατ’
1344 3981 1490 4044 ἐπικράτειαν
1508 3984 1593 4047 θερμοῦ
1606 3987 1647 4046 μὲν
1658 3989 1721 4052 θέρος

938 4055 1056 4125 γίνεφθαι,
1068 4057 1159 4119 ψυχροῦ
1172 4055 1197 4102 δὲ
1205 4058 1320 4116 χειμῶνα.
1330 4051 1386 4101 Ἐάν
1398 4053 1423 4100 δὲ
1435 4054 1558 4116 ἰσομοιρῇ,
1570 4053 1601 4102 τὰ
1607 4055 1720 4106 κάλλιστα

937 4129 996 4176 εἶναι
1010 4132 1052 4176 τοῦ
1061 4129 1140 4182 ἔτους,
1155 4125 1221 4175 οὔτὸ
1233 4125 1274 4187 μὲν
1290 4123 1374 4173 θάλλον
1387 4124 1428 4185 έαρ
1443 4123 1552 4181 ὑγιεινόν,
1567 4125 1594 4173 τθ
1608 4126 1632 4174 δὲ
1644 4127 1720 4186 φθίνον

936 4198 1080 4260 φθινόπωρον
1097 4195 1199 4257 νοσερόν.
1216 4195 1283 4246 ’ἀλλὰ
1298 4196 1391 4253 καὶτῆς
1409 4194 1495 4256 ἡμέρας
1510 4195 1598 4243 θάλλειν
1618 4196 1658 4256 μὲν
1678 4199 1720 4255 τήν

937 4269 983 4328 ἔω,
1001 4268 1085 4327 φθίνειν
1097 4267 1121 4314 δὲ
1133 4268 1174 4324 τήν
1184 4267 1297 4329 ἑσπέραν·
1310 4265 1361 4314 ὅθεν
1374 4265 1414 4313 καί
1425 4263 1582 4327 νοσερωτέραν
1596 4264 1663 4315 εἰναι.
1673 4267 1721 4315 Τόν

937 4355 962 4386 τε
974 4339 1025 4400 περὶ
1039 4339 1080 4396 την
1094 4343 1137 4399 γῆν
1150 4338 1208 4399 ἀέρα
1221 4338 1331 4385 ᾰσειστσν
1349 4335 1390 4384 καί
1403 4334 1512 4397 νοσερόν,
1527 4335 1568 4383 καὶ
1578 4334 1608 4382 τὰ
1617 4335 1641 4383 έν
1654 4337 1720 4400 αὐτῷ

936 4407 1012 4457 πάντα
1028 4407 1112 4465 θνητά·
1127 4407 1167 4456 τὸν
1179 4408 1203 4455 δὲ
1216 4406 1331 4455 ἀνωτάτω
1343 4405 1474 4462 ἀεικίνητόν
1484 4421 1511 4453 τε
1524 4404 1583 4453 εἰναι
1593 4406 1634 4453 καί
1648 4408 1721 4455 καθα-

937 4479 975 4540 ρὸν
988 4479 1028 4528 καί
1040 4480 1109 4539 ὑγιᾶ·
1123 4478 1164 4526 καί
1181 4475 1257 4525 πάντα
1270 4476 1300 4524 τά
1313 4476 1337 4523 έν
1349 4475 1413 4536 αὐτῷ
1425 4473 1529 4522 ἀθάνατα
1541 4473 1581 4522 καὶ
1595 4473 1634 4522 διά
1650 4479 1720 4525 τοῦτο

937 4548 996 4595 θεῖα.
1009 4545 1092 4595 Ἥλιόν
1111 4545 1192 4594 τεκαὶ
1213 4543 1311 4600 σελήνην
1329 4545 1369 4592 καὶ
1381 4542 1435 4596 τοὺς
1454 4541 1536 4594 ἀλλους
1547 4541 1645 4605 ἀστέρας
1661 4543 1720 4594 εἶναι

936 4618 1014 4673 θεοὺς·
1026 4618 1145 4680 ἐπικρατεῖ
1163 4615 1208 4678 γὰρ
1223 4615 1251 4664 τὸ
1265 4614 1348 4677 θερμὸν
1367 4614 1391 4661 έν
1412 4612 1506 4671 αὐτοῖς,
1523 4611 1580 4674 όπερ
1593 4612 1643 4662 έστὶ
1660 4617 1720 4672 ζωῆς

936 4688 1019 4736 αἰτιον.
1032 4688 1081 4745 Τήν
1093 4704 1119 4735 τε
1134 4687 1232 4745 σελήνην
1245 4685 1376 4746 λάμπεσθαι
1391 4681 1429 4743 ὑφ’
1440 4681 1523 4739 ἡλίου·
1537 4682 1578 4730 καί
1593 4683 1720 4748 ἀνθρώπων

936 4758 1064 4822 εἶναιπρὸς
1078 4758 1142 4813 θεοὺς
1155 4757 1290 4817 συγγένειαν
1306 4753 1406 4802 κατὰτὸ
1421 4753 1526 4815 μετέχειν
1538 4753 1659 4818 ἄνθρωπον
1668 4757 1720 4820 θερ-

937 4833 990 4890 μοῦ.
1002 4830 1045 4876 Διὸ
1056 4829 1097 4875 καί
1106 4827 1256 4890 προνοεῖσθαι
1269 4824 1309 4873 τθν
1322 4823 1373 4871 θεὸν
1388 4825 1464 4885 ἡμῶν.
1477 4825 1625 4886 Εἱμαρμένην
1637 4843 1662 4875 τε
1672 4833 1720 4876 τῶν

936 4899 997 4948 ὅλων
1009 4899 1116 4948 εἶναικαὶ
1133 4898 1163 4946 τά
1174 4896 1236 4945 κατὰ
1246 4896 1314 4959 μέρος
1326 4893 1402 4942 αἰτίαν
1412 4899 1453 4953 τῆς
1466 4894 1612 4953 διοικήσεως.
1625 4899 1719 4954 Διήκειν

935 4987 961 5020 τε
972 4969 1019 5018 άπὸ
1032 4973 1075 5018 τοῦ
1088 4967 1154 5025 ἡλίου
1169 4968 1253 5016 ἀκτῖνα
1268 4965 1307 5014 διὰ
1324 4969 1366 5013 τοὺ
1380 4965 1469 5028 αἰθέρος
1484 4970 1526 5014 τοῦ
1537 4983 1563 5014 τι
1574 4968 1669 5029 ψυχροῦ
1679 4971 1718 5018 καὶ

936 5042 1033 5104 παχέος·
1046 5041 1143 5088 καλοῦσι
1156 5038 1181 5086 δὲ
1199 5038 1240 5086 τὸν
1259 5039 1300 5099 μὲν
1311 5036 1369 5100 ἀέρα
1379 5037 1468 5098 ψυχρὸν
1483 5038 1577 5101 αἰθέρα,
1588 5039 1630 5096 τὴν
1639 5039 1665 5089 δὲ
1677 5041 1719 5089 θό-

936 5113 1026 5160 λασσαν
1037 5111 1078 5158 καί
1087 5110 1114 5158 τθ
1123 5109 1192 5173 ὑγρόν
1201 5109 1279 5171 παχὺν
1289 5107 1379 5170 αἰθέρα.
1397 5107 1491 5165 Ταύτην
1505 5108 1530 5156 δὲ
1538 5108 1579 5167 τήν
1588 5109 1670 5158 ἀκτῖνα
1678 5112 1718 5159 καί

938 5180 970 5235 εἰς
980 5180 1009 5228 τά
1020 5178 1080 5245 βάθη
1092 5179 1201 5241 δύεσθαι,
1211 5180 1252 5227 καὶ
1262 5177 1300 5226 διὰ
1311 5182 1380 5228 τοῦτο
1392 5182 1512 5236 ζωοποιεῖν
1526 5179 1611 5228 πάντα.
1624 5180 1671 5230 ttat
1678 5185 1718 5240 ζῆν
