3959 5925
715 406 757 464 rn
777 374 947 464 rinnon
968 403 1171 465 pernotus.
1512 449 1517 458 .
1690 419 1744 470 aar

147 546 226 591 setur.
262 539 442 601 stupidorero
455 537 925 598 ammirationssigoincatioanime
969 537 1066 598 quidem
1078 550 1154 587 unum
1164 520 1296 600 perlectum
1305 551 1387 599 omne,
1398 541 1423 590 et
1435 539 1571 600 delinitum,
1588 541 1742 604 pronuntiat3

148 630 198 677 rim
214 626 334 689 quandam
351 621 580 688 similitudinemque
592 623 709 685 declarat;
726 624 846 687 siquidem
867 626 923 686 opi·
970 625 1095 686 llelissus,
1112 625 1229 674 inlinitum
1240 629 1265 675 et
1278 626 1496 676 indeterminatum.

148 717 216 777 licis,
229 722 254 765 et
272 715 377 764 auctoris
399 714 436 764 sui
454 713 578 775 majestate
596 715 667 775 capta
684 717 803 776 stuperet.
836 713 927 772 Quodsi
1001 713 1137 762 ccbxxx.
1147 712 1303 775 Empedocles
1313 715 1417 777 varium,
1426 719 1450 764 et
1463 714 1609 764 multiloime
1620 715 1747 778 quiddam,

149 806 214 856 tacta
230 807 291 852 esta
307 805 358 851 Deo
373 801 434 850 silra
454 813 571 864 corporea
583 801 704 864 quondam
720 801 838 861 informis,
853 814 927 864 quam
971 816 1024 852 esse
1038 802 1123 852 silvam
1138 802 1218 866 docet,
1229 809 1331 867 quatuor
1343 804 1443 855 dirersis
1453 807 1614 854 sustentatum
1628 806 1749 856 radicibus

147 892 271 954 Scriptura
283 892 371 940 terram
387 893 456 938 rooat
465 906 474 950 ;
488 902 537 940 non
553 891 599 950 est,
614 889 709 951 opinor,
730 887 926 952 desperandum,
971 890 1042 952 ignis,
1059 903 1142 953 aquae,
1161 891 1238 952 aeris,
1257 898 1343 951 terroe,
1358 897 1429 954 atque
1448 905 1479 942 ea
1496 893 1532 942 tris
1549 892 1599 941 sreri
1621 906 1748 956 corporum

149 978 283 1040 incorporei
296 989 394 1040 qnoque
404 977 497 1039 generis
507 990 560 1027 esse
571 976 745 1038 intelligibilem
763 976 859 1038 stiram,
874 988 929 1037 quae
972 976 1045 1026 modo
1060 979 1252 1038 concretionem,
1268 980 1340 1028 modo
1349 979 1527 1030 discretionem.
1561 979 1677 1043 idemque
1690 994 1749 1030 ccu-

149 1067 203 1116 coeli
213 1066 309 1115 neurius
321 1065 354 1114 sit
362 1067 509 1127 nuncupata.
520 1067 619 1114 Factam
629 1076 696 1124 vero,
707 1066 733 1113 et
746 1063 780 1112 ita
793 1063 889 1125 iactam,
902 1065 929 1112 ut
972 1064 1103 1115 cretionem
1125 1064 1224 1128 quidem
1245 1070 1317 1115 vocat
1336 1066 1482 1128 amicitiam,
1501 1067 1670 1116 discretionem
1692 1079 1751 1117 rero

150 1154 195 1215 sit,
209 1165 264 1215 quae
279 1164 328 1200 nou
343 1150 606 1214 luerit,sicprobsnt,
619 1151 683 1214 quod
696 1150 823 1213 opilicibus
836 1156 926 1200 morta-
972 1151 1126 1203 discordiam.
1160 1155 1192 1203 lli
1210 1156 1275 1216 sunl,
1288 1156 1382 1217 opinor,
1393 1155 1434 1217 qni
1449 1156 1585 1217 formatam,
1595 1155 1751 1218 descriptam-

149 1241 212 1291 libus
227 1242 344 1303 apparata
358 1239 390 1288 ab
401 1238 455 1288 aliis
474 1239 600 1302 opilicibus
611 1239 670 1288 silra
684 1239 831 1301 prebeatur,
843 1239 929 1300 bisque
971 1255 1022 1304 que
1036 1241 1200 1305 qualitatibus,
1218 1245 1243 1292 et
1256 1256 1343 1306 oorpus
1357 1244 1441 1292 silvam
1453 1255 1506 1292 esse
1521 1243 1688 1306 pronuntiant.

149 1328 206 1390 ipsis
218 1330 306 1376 natura
317 1326 463 1388 suppeditet,
480 1329 575 1374 naturae
589 1329 666 1386 Deus,
681 1328 733 1376 Deo
747 1337 818 1376 nemo
830 1337 928 1388 appara·
1003 1329 1150 1377 ceblilllll.
1167 1328 1199 1378 st
1208 1340 1279 1390 rero,
1291 1329 1333 1390 qui
1349 1329 1479 1379 detrabunt
1492 1329 1513 1379 ci
1525 1329 1661 1392 qualitates,
1675 1329 1752 1379 lutor-

151 1413 596 1477 verit,quisuiblllteositsutiqoioa.
652 1413 793 1477 lpseigitur
806 1412 930 1463 silvestres
973 1427 1087 1479 memque
1100 1417 1298 1477 constituunt,et
1314 1417 1366 1467 sine
1384 1419 1502 1470 consortio
1523 1432 1653 1482 corporum
1675 1418 1751 1468 solam

150 1501 382 1564 impensas,mundi
399 1501 496 1555 ramice
509 1501 671 1564 sufficientes,
687 1502 825 1564 utilesque,
839 1500 929 1550 consti·
973 1515 1015 1564 per
1026 1503 1177 1566 semetipsam
1188 1509 1268 1554 entem
1284 1505 1423 1568 intuentur,
1436 1506 1577 1556 Aristoteles
1594 1507 1693 1570 quidem
1705 1508 1751 1557 tria
1816 1552 1819 1560 .

149 1590 204 1640 tuit.
237 1590 371 1653 uniusque
382 1588 442 1638 alias
456 1589 609 1653 probationes
620 1589 736 1651 atterunt,
750 1601 813 1652 quas
824 1588 929 1650 singilis·
972 1590 1041 1640 initia
1052 1591 1176 1641 constituit
1185 1582 1306 1654 corporeae
1322 1593 1366 1654 rei,
1377 1594 1474 1656 silvam,
1486 1595 1599 1657 speeiem,
1611 1596 1751 1645 carentiam.

152 1677 195 1725 tim
206 1677 319 1739 persequi
330 1677 483 1738 longumest.
974 1681 1056 1740 ltaque
1071 1679 1166 1741 singula
1188 1680 1240 1729 stne
1262 1680 1337 1729 duum
1351 1681 1501 1731 residuorum
1522 1683 1672 1733 counexione
1691 1697 1752 1734 con·

180 1766 338 1814 cclxxvii.
356 1769 440 1816 Restat
451 1780 527 1828 nuno,
543 1769 572 1816 ut
582 1778 666 1816 eorum
682 1777 790 1828 quoque,
804 1763 845 1826 qui
857 1775 930 1826 gene·
973 1763 1079 1826 siderat,
1105 1765 1162 1814 licet
1178 1765 1331 1827 profiteatur,
1348 1767 1423 1817 altera
1447 1769 1499 1818 siue
1522 1769 1603 1819 alteris
1626 1783 1679 1820 ease
1703 1783 1753 1820 non

151 1855 229 1903 ratam
241 1865 294 1902 esse
308 1865 449 1914 corpoream
459 1854 545 1904 rilrsna
562 1851 799 1915 negant‚scntentias
812 1863 926 1914 essequa·
973 1863 1053 1912 posse.
1087 1850 1155 1900 idem
1174 1851 1356 1915 sinegauitura,
1372 1857 1396 1902 ct
1409 1852 1461 1903 sine
1475 1853 1589 1917 interitu,
1606 1855 1665 1905 dicit
1679 1869 1751 1906 mun·

151 1954 218 1990 mur.
253 1943 364 1998 Quorum
384 1933 578 2004 aeqoa'direrso
601 1940 726 2003 opiniones
742 1939 842 1988 omnino
863 1940 929 1988 suut.
973 1935 1111 2000 dumesse‚
1132 1937 1213 1988 dirina
1232 1938 1381 2001 presidentia
1407 1941 1560 2002 perpetuitati
1582 1945 1749 2005 propagatum.

151 2032 214 2079 Sunt
236 2031 301 2081 enirn
319 2031 361 2093 qui
381 2029 475 2079 matum
490 2029 560 2093 eius,
581 2033 606 2078 et
629 2028 699 2090 quasi
721 2027 929 2110 concinnationem
973 2024 1050 2085 cujus
1065 2026 1183 2075 sententia
1196 2039 1251 2076 cum
1264 2027 1295 2075 sit
1308 2027 1436 2089 preclara,
1455 2028 1590 2090 etnobills,
1613 2031 1638 2078 et
1653 2029 1684 2079 ad
1702 2029 1754 2080 l’ls·

151 2116 689 2182 quendamcorpusculis,qumintelliganiur
700 2117 862 2178 potiusquam
876 2127 929 2164 sen·
975 2115 1053 2165 tonici
1084 2116 1204 2180 dogmatis
1231 2117 1448 2198 considerationem
1473 2119 1531 2168 eatis
1554 2119 1755 2192 accommodata,

151 2206 377 2268 tiautur‚ooonexis
391 2205 437 2254 sibi
450 2205 565 2266 invicem,
578 2204 749 2265 assignent,iu
763 2201 928 2264 aliquomodo
974 2217 1023 2253 non
1032 2203 1108 2254 otiose
1121 2203 1344 2267 meatereundaesi.
1378 2205 1448 2256 Prius
1458 2211 1538 2256 tamen
1548 2207 1705 2270 exponendus
1716 2207 1755 2259 ri·

151 2293 246 2356 positis,
256 2297 281 2343 et
290 2284 444 2356 aliquatenus
457 2292 582 2354 liguratis,
599 2293 627 2341 ut
639 2291 775 2340 Democrito
784 2292 808 2340 et
825 2290 930 2351 epicuro
974 2292 1044 2341 detur
1056 2292 1210 2355 physicorum
1224 2293 1333 2342 rcterum
1350 2293 1512 2356 syllogismus,
1526 2296 1566 2358 qni
1580 2296 1680 2359 asserit,
1694 2293 1757 2348 nillil

152 2381 237 2442 placet.
269 2380 368 2432 addunt
381 2380 420 2430 alii
437 2379 593 2442 qualitatem,
611 2380 639 2428 ut
654 2365 822 2440 Anuagoras'5
838 2377 931 2427 sedhic
974 2393 1069 2442 eorum,
1084 2394 1142 2444 quae
1156 2383 1222 2444 suni,
1233 2382 1375 2443 generatum
1391 2393 1458 2446 esse,
1475 2395 1519 2432 nec
1538 2383 1670 2445 periturum
1691 2397 1755 2436 esre.

152 2468 260 2517 omnium
271 2469 427 2518 materiarum
443 2470 568 2528 naturam,
586 2467 819 2530 proprietatemque,
836 2465 860 2514 in
880 2465 930 2514 sin·
975 2469 1088 2519 formula
1103 2470 1233 2532 syllogismi
1250 2471 1306 2519 talis
1322 2473 1367 2520 est.
1400 2470 1495 2532 Siquid
1512 2471 1552 2533 tri,
1573 2471 1596 2521 id
1608 2484 1706 2523 necesse
1719 2478 1757 2524 est

152 2555 214 2618 gulis
229 2556 337 2606 materiis
352 2559 492 2618 congestam
507 2569 560 2606 esse
575 2558 669 2606 censet.
704 2554 751 2604 atii
770 2559 868 2616 propter
880 2553 931 2604 exi·
976 2557 1014 2606 rei
1024 2569 1056 2606 ex
1068 2569 1097 2606 eo
1112 2556 1174 2618 lieri,
1190 2556 1256 2619 quod
1266 2557 1316 2616 jam
1326 2561 1391 2617 erat;
1406 2557 1445 2607 rel
1464 2571 1494 2606 ex
1507 2570 1545 2618 eo,
1559 2557 1625 2618 quod
1643 2569 1691 2608 non
1709 2563 1756 2608 est.

123 2687 129 2696 .
152 2644 266 2706 quitatem
281 2642 461 2693 individuorum
484 2656 627 2706 corporum,
647 2655 752 2704 quorum
768 2653 886 2690 numerus
906 2641 931 2690 in
976 2646 1112 2706 Utrumque
1122 2646 1202 2694 autem
1212 2643 1367 2706 impossibile.
1380 2646 1415 2694 ile
1424 2644 1557 2694 exsistente
1566 2644 1680 2706 quidem;
1690 2645 1756 2708 quta,

153 2732 220 2782 nullo
231 2731 278 2781 line
290 2732 330 2792 sit,
343 2731 500 2781 subtilitatem
512 2731 581 2780 silere
591 2730 686 2779 contexi
698 2731 800 2791 putant;
813 2727 933 2778 utliiodo·
976 2731 1104 2794 quodiam
1118 2731 1210 2780 dudum
1221 2734 1274 2792 est,
1291 2731 1342 2782 lieri
1355 2731 1385 2781 ad
1400 2745 1506 2794 presens
1515 2745 1564 2781 non
1578 2735 1656 2798 polest
1671 2733 1757 2782 adeni-

153 2817 612 2879 ruaetnonnullistoicorumrquoruro
625 2816 657 2866 sit
667 2815 780 2865 lortoitoa
794 2816 845 2864 tam
855 2817 934 2864 costus
977 2832 1025 2879 qne
1035 2818 1100 2881 quod
1119 2818 1233 2880 gignitur,
1252 2817 1356 2868 nondum
1372 2821 1417 2868 esi.
1450 2821 1498 2869 ttec
1510 2831 1567 2868 rero
1585 2819 1616 2869 de
1627 2831 1677 2868 uon
1689 2819 1757 2869 exsi-

153 2917 225 2968 qoam
237 2905 376 2968 segregatio.
393 2908 475 2965 ·Quas
486 2903 627 2968 opiniones,
639 2916 696 2952 cum
708 2903 757 2953 sint
773 2903 872 2952 omnino
882 2904 934 2952 sine
977 2907 1071 2965 stante,
1086 2906 1143 2967 quia
1161 2917 1258 2955 necesse
1274 2909 1312 2957 est
1332 2905 1370 2966 ei,
1387 2906 1452 2970 quod
1472 2905 1512 2969 tit,
1531 2901 1631 2956 subesse
1647 2906 1757 2982 aliqpnua

154 2993 353 3062 line,‚praetereo.
978 2992 1117 3053 materiem,
1134 3006 1164 3041 ea
1176 3004 1224 3053 qna
1236 2990 1286 3041 liat.
1319 2991 1384 3041 tiilrit
1397 2992 1468 3054 igitur
1484 2992 1519 3042 til.
1534 2992 1580 3042 Sed
1591 3005 1635 3042 nec
1647 3005 1758 3043 munna·

186 3082 358 3132 ccbxltttlll.
376 3081 424 3140 Qul
436 3082 516 3130 tamen
525 3078 681 3142 providentie
690 3092 752 3142 opus
760 3078 828 3129 silrae
837 3091 934 3140 quoqne
979 3079 1053 3142 pitur.
1078 3078 1107 3128 ld
1116 3078 1181 3129 enirn
1191 3079 1255 3141 quod
1268 3080 1430 3142 corrumpitur
1442 3080 1480 3129 rel
1493 3080 1518 3129 in
1530 3065 1624 3143 aliquas
1636 3080 1757 3143 reliquias,

155 3172 349 3223 constitutionem
367 3184 420 3221 esse
442 3170 673 3234 pronuntiaverunt,
698 3174 799 3220 censent
817 3182 871 3220 eam
886 3183 934 3219 uua
979 3168 1056 3217 relin
1070 3167 1309 3227 nnllaa,disaolritnr
1323 3168 1384 3217 :sed
1401 3180 1479 3231 neque
1494 3169 1518 3217 in
1530 3168 1630 3231 aliquas,
1646 3174 1673 3218 ut
1687 3169 1758 3218 doce·

155 3261 260 3323 quadam
273 3259 304 3309 ab
322 3259 421 3309 exordio
442 3271 520 3322 usque
539 3258 570 3307 ad
587 3258 658 3308 tinem
677 3258 856 3309 continuatione
875 3272 930 3319 por·
979 3254 1054 3315 bitur,
1067 3255 1180 3317 usquein
1195 3255 1282 3305 nullas.
1313 3255 1377 3305 ttilril
1391 3256 1463 3317 igitur
1476 3258 1646 3319 corrumpitur.
1668 3261 1758 3307 osterr-

156 3349 254 3397 rectam.
282 3349 338 3409 ,lien
356 3351 437 3395 tameo
459 3358 543 3395 omnes
562 3344 646 3395 eodem
667 3344 748 3392 modo.
775 3343 850 3393 Aliter
871 3343 936 3393 cuim
978 3356 1034 3392 auru
1048 3344 1087 3392 est
1106 3355 1192 3404 porro,
1206 3342 1269 3405 quod
1283 3354 1328 3392 nec
1343 3342 1462 3404 tiatquid.
1478 3344 1561 3405 lteque
1578 3344 1652 3406 igitur
1673 3344 1700 3394 dt
1713 3343 1759 3392 nli·

157 3435 316 3498 Pythagoras,
336 3437 362 3483 et
381 3435 438 3483 ilem
461 3433 529 3483 aliter
547 3432 617 3481 Plato
635 3430 780 3492 diversoque
800 3430 936 3480 Aristoteles
979 3434 1046 3496 qnid,
1063 3446 1141 3495 neque
1154 3434 1326 3495 corrumpitur.
1364 3434 1489 3492 Quatenus
1503 3434 1575 3494 igitur
1591 3431 1656 3495 qnod
1670 3438 1716 3494 est,
1734 3435 1759 3483 et

156 3524 241 3587 modo,
254 3527 278 3573 et
290 3522 476 3585 cumaliquaula
486 3520 619 3572 diilereutia
631 3520 714 3569 Stoici.
747 3518 793 3568 sel
803 3518 827 3567 lsi
838 3518 936 3581 quidem
979 3520 1155 3582 corrumpitur,
1170 3532 1285 3582 negamus
1302 3522 1328 3569 in
1350 3520 1451 3569 nibilum
1470 3531 1540 3581 posse
1556 3518 1674 3569 dissolri?
1694 3520 1757 3578 Quia

156 3624 241 3661 omues
253 3609 381 3659 intormem
394 3622 456 3667 eam,
470 3613 495 3657 et
507 3608 558 3657 sine
573 3608 622 3658 eila
639 3607 754 3669 qualitate
768 3606 930 3655 constituunt.
980 3608 1046 3670 qnod
1057 3609 1102 3669 est,
1114 3607 1214 3657 elidem
1228 3608 1397 3669 corrumpitur,
1410 3620 1438 3656 ac
1451 3609 1528 3669 perit,
1539 3606 1559 3655 si
1569 3596 1598 3655 iu'
1609 3606 1690 3656 nullas
1702 3607 1756 3656 reli·

157 3696 203 3746 Alii
220 3696 322 3745 lormsm
343 3694 478 3755 dederuut,
496 3697 525 3744 ut
543 3693 631 3743 Thales
654 3713 661 3742 z
685 3706 759 3755 qoem
781 3694 861 3743 terunt
880 3695 937 3742 ante
981 3696 1051 3758 quies
1072 3695 1228 3756 dissolvatur,
1247 3695 1293 3743 en't
1305 3694 1402 3757 pariter,
1419 3696 1503 3743 elnon
1518 3694 1583 3743 erit:
1601 3692 1667 3757 quud
1686 3694 1759 3744 ratio·

157 3796 241 3832 ornnes
263 3781 380 3831 naturalia
398 3784 491 3830 secreta
514 3781 642 3840 rimarum,
667 3793 723 3829 cnm
737 3780 834 3829 initium
856 3793 936 3829 rerum
980 3796 1036 3834 nem
1048 3796 1097 3832 non
1110 3783 1190 3832 lrabet.
1223 3785 1327 3831 Rursum
1339 3782 1360 3830 sl
1376 3781 1421 3830 erit
1437 3780 1528 3843 aliquid
1550 3781 1673 3843 loturum,
1693 3782 1759 3845 quod

157 3882 245 3932 aquam
261 3882 314 3919 ease
333 3868 405 3917 dicat
438 3867 528 3929 opinor
544 3866 612 3928 ideo,
632 3867 696 3929 quod
716 3880 814 3916 omnem
829 3868 935 3928 rictum,
981 3871 1130 3931 dissolvitur,
1145 3869 1204 3919 illud
1217 3872 1241 3919 et
1252 3869 1312 3931 perit
1320 3872 1345 3920 et
1355 3882 1403 3918 nou
1418 3870 1488 3932 perit.

159 3973 209 4022 quo
221 3960 387 4021 utunturque
398 3957 641 4019 riruot,bumectum
653 3954 752 4005 rideret.
770 3959 846 4021 inque
855 3955 938 4005 eadem
1013 3958 1171 4008 cclxxxii.
1188 3955 1388 4018 uaesyrngrsmo
1402 3959 1495 4007 reterns
1513 3958 1604 4020 physici
1619 3958 1704 4009 tollere
1716 3970 1759 4007 co-

159 4047 412 4097 seutentialiomerus
428 4044 690 4104 esseiorenitor,cnnr
704 4046 827 4093 Oceanum
842 4043 938 4093 etTlre·
975 4041 1101 4117 ¹nubantur
1113 4044 1345 4105 rerumgestarum,
1356 4044 1524 4095 etinterilum.
1558 4044 1759 4096 senariamtetes

160 4139 203 4187 tim
220 4138 284 4188 dicat
302 4142 412 4200 parentes
428 4149 482 4187 esse
501 4136 627 4198 geniturae,
650 4148 755 4198 cumque
765 4134 935 4197 iusiurandum
982 4132 1069 4183 dividit
1082 4131 1260 4193 syllogismum,
1271 4134 1353 4181 notata
1368 4134 1392 4181 et
1405 4132 1624 4196 patefacta'duplici
1638 4132 1758 4195 signitica-

160 4229 266 4287 anrum
282 4226 412 4274 constituat
428 4237 536 4293 aquam,
557 4236 631 4286 qnam
650 4223 749 4287 quidem
769 4224 820 4285 ipse
832 4224 937 4287 appellat
983 4221 1048 4270 tione
1060 4218 1366 4280 nominum,exaistesrlls.
1381 4219 1488 4280 scilicet,
1501 4220 1526 4268 et
1539 4222 1758 4273 nonexatctentir.

161 4317 268 4375 stygem,
280 4311 417 4374 antiquitati
430 4310 539 4361 tribuens
551 4312 724 4372 rererentiam,
737 4313 761 4361 et
775 4310 936 4372 iureiurando
983 4311 1042 4357 item
1057 4308 1184 4359 verborum
1192 4306 1250 4370 pieri
1259 4310 1285 4357 et
1299 4308 1439 4370 corrumpi.
1483 4306 1578 4357 Etenim
1594 4307 1684 4367 omnia,
1702 4320 1759 4368 quar

161 4403 220 4451 nilril
240 4402 389 4452 constituens
405 4401 562 4450 reverentius.
595 4403 627 4451 At
642 4413 699 4450 tero
712 4400 871 4451 Anaximenes
882 4413 937 4449 aera
984 4396 1054 4456 liunt,
1074 4398 1112 4445 rei
1131 4395 1263 4445 secundum
1277 4395 1385 4443 naturam
1405 4407 1473 4443 suam
1489 4394 1565 4455 liunt,
1586 4394 1623 4444 rel
1636 4408 1666 4444 er
1678 4395 1761 4458 aliquo

165 4492 276 4553 iudicans
289 4491 384 4540 initium
397 4503 487 4554 rernm,
501 4490 596 4539 initium
614 4504 711 4553 quoque
723 4502 853 4552 corporum
863 4491 937 4539 cete·
983 4482 1101 4531 attidstssfi
1111 4499 1118 4543 t
1129 4484 1156 4531 ¹¹²
1166 4486 1240 4543 lullr
1252 4480 1273 4529 δί
1286 4480 1393 4530 ῡῑΰῦῑθΰῦ
1406 4483 1511 4541 [θῦΐῠῑΰθ
1528 4480 1681 4541 willelmi&
1694 4482 1761 4543 i¹¹⁰d

163 4592 261 4641 rorum,
273 4581 298 4629 ct
314 4578 391 4640 ipsius
411 4591 494 4641 aquae,
513 4591 561 4626 nou
574 4578 694 4627 consentit
712 4576 848 4631 lleraclito,
867 4580 939 4638 capnt
983 4570 1081 4632 quidem
1094 4582 1122 4619 ex
1139 4571 1224 4618 natura
1240 4570 1285 4629 erl,
1296 4569 1404 4631 aegrotat,
1418 4572 1443 4618 et
1452 4568 1608 4630 convalescit,
1621 4581 1669 4618 non
1679 4572 1761 4632 tameq

160 4666 328 4729 rerumignem
342 4665 441 4727 putanti.
475 4668 565 4715 omnes
576 4663 690 4727 igitnrlri,
704 4664 746 4724 qui
760 4663 939 4725 reinquere!
982 4656 1213 4718 quiamusicusest.
1246 4660 1281 4705 Er
1297 4656 1413 4705 accidenti
1427 4667 1509 4718 porro,
1523 4656 1700 4717 quiamusicus
1714 4658 1759 4706 est.

160 4754 219 4817 aeri,
231 4755 271 4803 rel
283 4753 331 4814 igni
344 4752 454 4802 tribuunt
468 4751 646 4813 principatum,
660 4750 686 4799 in
699 4751 766 4798 motu
780 4750 881 4811 positam
900 4762 936 4800 re·
984 4743 1076 4793 accidit
1091 4744 1179 4806 quippe
1195 4746 1222 4793 ut
1243 4744 1348 4792 musicus
1362 4746 1439 4803 esset,
1461 4744 1503 4803 qul
1520 4742 1686 4806 egritudinem
1705 4756 1760 4793 sus·

163 4853 217 4888 rum
227 4840 343 4902 originem
354 4842 506 4889 censuerunt.
984 4832 1080 4881 clueret.
1113 4831 1227 4881 Similiter
1243 4830 1309 4892 quud
1329 4830 1501 4892 corrumpitur,
1523 4830 1544 4878 si
1561 4830 1619 4892 quid
1631 4830 1761 4898 candidum

193 4928 337 4977 cctxxlx.
355 4927 417 4975 Sunt
429 4924 567 4987 tamen,qui
579 4924 727 4974 immobilem
738 4922 938 4984 essedelendant,
984 4918 1073 4981 pedalis
1086 4918 1234 4980 proceritatis
1256 4921 1424 4979 corrumpatur
1441 4918 1466 4966 in
1483 4921 1563 4966 atram
1582 4918 1703 4980 colorem,
1718 4906 1765 4993 ee-'y

160 5017 186 5064 ct
195 5013 294 5064 eandem
312 5025 340 5062 ea
352 5012 465 5062 omnibus
477 5014 502 5062 in
518 5025 591 5062 onam
607 5012 695 5061 molem
708 5010 830 5061 redactam
842 5023 848 5058 :
862 5024 937 5060 ouum
983 5006 1090 5055 cundum
1102 5008 1213 5055 naturam
1227 5017 1295 5053 suam
1307 5004 1421 5067 quidem,
1440 5007 1465 5053 et
1479 5004 1649 5067 principaliter,
1669 5004 1766 5067 patitur,

162 5102 243 5151 omnia
256 5114 307 5150 esse
318 5104 442 5150 censentes
451 5099 585 5161 immobile,
595 5098 646 5149 aine
655 5102 719 5162 crin,
730 5102 754 5149 et
768 5098 820 5148 sine
829 5080 936 5157 interitu,
983 5094 1176 5143 immutationem
1191 5092 1239 5153 sui,
1249 5093 1307 5153 quia
1318 5094 1356 5141 est
1368 5091 1509 5151 candidum,
1522 5089 1780 5156 examinatissimi·

161 5188 509 5251 otXennpluues,llelissus,
525 5185 690 5237 Parmenides.
725 5186 937 5237 Sedl'armenides
987 5182 1044 5245 quia
1065 5184 1102 5232 est
1116 5180 1207 5243 pedalis
1228 5179 1304 5229 modi.
1336 5182 1398 5229 cum
1417 5180 1490 5241 igitur
1508 5179 1624 5241 dicimus,
1638 5182 1758 5233 musicum

239 5283 327 5320 russos.
342 5282 415 5320 nanc.
425 5284 451 5319 u.
748 5293 752 5303 ·
920 5268 924 5277 '
1637 5269 1662 5311 td
