3959 5925
319 346 355 395 ob
807 378 814 391 ,
915 327 1259 389 ΡΥΤΗΑθΟΒΕΟΙῖΗΜ

313 466 390 542 χάριν
402 468 445 521 τοῦ
466 462 633 527 ἀδιαπτώτως
647 462 767 538 πράττειν
781 460 795 518 θ
809 458 940 530 ποιητέον,
983 462 1039 529 Τῆς
1054 457 1080 516 δὲ
1101 466 1105 553 γ
1164 453 1267 534 Ἀρεσίας
1290 456 1314 512 δῖ
1327 447 1402 513 εἷναι.
1414 454 1514 521 πλείους
1532 456 1594 535 ρασὶ
1608 457 1652 513 καί
1666 458 1804 537 ἀχωρίστους
1816 468 1849 523 ἀπ’

314 550 480 629 σωφροσύνης
502 547 564 606 ἴδιον
586 546 724 622 κεροίλαιόν
739 550 807 617 ἐστι,
819 546 848 603 τὸ
863 545 1022 625 παρέχεσθαι
1036 544 1082 609 τὰς
1125 544 1255 613 ἀλλήλων,
1267 542 1364 610 καὶτδις
1374 542 1451 609 αθτδς
1460 546 1497 623 τῷ
1509 547 1652 625 ἡγεμονικῷ
1664 546 1730 623 μέρει
1740 554 1777 619 τῆς
1786 554 1847 631 pupi<
1918 564 1919 597 ι

315 637 396 713 δρμδις
421 638 566 703 εὐσταθεῖς,
586 632 630 689 καί
645 638 746 711 θεωρεῖν
770 632 850 700 αθτδις
868 632 1081 712 προηγουμένως·
1126 635 1183 689 καθ’
1196 631 1346 701 ὑπόστασιν,
1361 629 1425 688 καθὸ
1437 629 1467 700 δὴ
1482 630 1525 689 καὶ
1541 634 1616 705 σῶμα
1628 642 1710 691 πᾶσαν
1720 622 1851 713 θρετὴνείίοί
1918 666 1919 687 ι

315 721 383 780 κατδι
397 721 423 778 δὲ
438 722 480 779 τὸν
492 719 607 796 δεύτερον
621 719 748 795 λόγονμὰ
763 719 813 776 ὑπὸ
824 718 869 784 τθς
883 720 962 784 ἄλλας
977 717 1081 797 ἀρετάς,
1126 740 1154 775 τε
1171 720 1214 774 καὶ
1234 716 1352 795 λέγεσθαι
1373 726 1408 789 ⁹²,
1421 716 1469 784 τλν
1483 715 1532 795 γὰρ
1544 718 1656 775 ’διάνοιαν
1676 720 1717 777 καί
1735 722 1775 791 τὴν
1791 727 1850 803 dclii

316 808 390 865 ἕνεκα
405 813 450 865 τοῦ
465 807 633 871 ἀδιαπτώτως
652 808 676 862 ἐν
691 816 747 871 ταῖς
761 810 853 883 ὁρμαῖς
868 807 1080 884 ἀναστρέφεσθαι,
1129 808 1204 880 σῶμα
1217 794 1294 861 εἶναι·
1308 802 1336 861 τδ
1350 802 1400 882 γθρ
1411 803 1524 881 συμφυές
1536 809 1637 878 πνεῦμα
1653 807 1709 881 ἡμῖν
1723 808 1819 887 ἔνθερμον
1825 795 1851 883 δι,

318 894 371 951 Καὶ
385 893 478 970 ὁμοίοις
490 892 538 963 τὴν
550 891 669 970 ἀνδρείαν
680 892 878 969 προηγουμένως
894 892 940 967 μέν
954 903 1005 950 πᾶν
1021 891 1084 950 δδεῖ
1129 890 1213 967 ψυχὴν
1235 888 1260 936 9³
1284 894 1415 965 ἡγοῦνται.
1441 891 1582 959 Βούλονται
1605 890 1631 949 δέ
1653 915 1695 949 και
1709 918 1751 964 την
1771 920 1792 953 εν
1809 922 1851 974 ημυ

317 982 464 1055 ὑπομένειν,
485 978 554 1037 κατὰ
577 981 604 1038 δέ
624 979 667 1037 τὸν
686 980 802 1058 δεύτερον
817 980 890 1055 λόγον
913 980 946 1038 τδι
967 979 1085 1059 trifida
1129 978 1214 1063 duplo
1229 981 1293 1056 ζῷον
1307 967 1386 1046 εἶναι,
1404 980 1449 1047 ζῆν
1469 1001 1498 1035 τε
1516 977 1567 1057 γὰρ
1591 980 1634 1036 καὶ
1656 982 1853 1043 stetinensium

317 1069 408 1133 ἄλλας.
453 1066 503 1126 Καί
526 1066 573 1135 τὴν
588 1066 758 1136 δικαιοσύνην,
771 1066 970 1144 προηγουμένως
994 1064 1040 1141 μέν
1055 1066 1085 1125 τὸ
1131 1065 1244 1139 μάλιστα
1268 1064 1298 1121 τδ
1322 1064 1472 1141 ἡγεμονικὸν
1495 1063 1570 1142 μέρος
1592 1068 1681 1141 αὐτῆς,
1697 1066 1749 1138 bii
1769 1074 1853 1129 καλεῖται

318 1159 375 1211 κατ’
387 1154 460 1220 ἀξίαν
472 1153 573 1231 ἑκάστῳ
585 1157 699 1224 σκοπεῖν,
709 1155 776 1211 κατὰ
786 1155 813 1211 δέ
827 1154 868 1212 τὸν
883 1154 998 1230 δεύτερον
1011 1154 1085 1229 λόγον
1131 1154 1239 1211 διάνοια.
1283 1151 1329 1211 Διὸ
1341 1151 1384 1209 καί
1400 1160 1486 1211 πᾶσαν
1502 1152 1595 1230 ἀρετὴν
1610 1156 1671 1231 ζῷον
1685 1145 1757 1227 εἶναι,
1767 1160 1832 1229 ἐπειδὴ
1844 1168 1853 1230 i¹

318 1242 416 1299 καὶτὰ
437 1240 526 1298 λοιπά.
570 1238 662 1304 tides<
683 1238 732 1316 γδερ
756 1240 801 1305 τθις
825 1241 917 1317 αἰρετδις
939 1241 972 1298 τδι
995 1244 1085 1299 πασῶν
1132 1238 1308 1318 αὐτλδιανοίορ
1324 1236 1518 1308 irriseris-ir
1534 1238 1633 1298 οὐσίαν.
1677 1242 1745 1299 Κατὰ
1755 1247 1853 1324 τοῦτογίρ

224 1396 228 1403 ,
320 1329 433 1407 βλέπειν,
450 1327 496 1385 καί
520 1325 553 1384 τδι
576 1326 771 1404 ὑποτεταγμένα
797 1329 925 1397 ἀλλήλους.
973 1325 1085 1405 Ὅμοιον
1132 1348 1194 1400 φασι
1209 1325 1254 1383 καλ
1269 1324 1317 1395 τὴν
1337 1324 1459 1404 φρόνησιν
1475 1334 1587 1403 φρονεῖν,
1600 1327 1726 1385 ἀκολουθεῖ
1741 1328 1783 1403 γθρ
1798 1334 1855 1397 αὐτοῖς

318 1416 369 1493 γθιρ
393 1417 477 1490 ἔλεγεν
500 1404 564 1471 εἶναι
583 1416 597 1471 δ
617 1416 758 1480 Παναίτιος
773 1414 801 1472 τὸ
817 1416 958 1490 συμδαῖνον
973 1414 1017 1472 ἐπί
1035 1419 1087 1473 τῶν
1132 1412 1161 1469 τθ
1180 1412 1259 1479 οὔσαις
1279 1411 1371 1487 λέγειν.
1413 1412 1515 1491 Ἀρετῆς
1537 1411 1563 1471 δέ
1580 1414 1625 1471 καί
1639 1413 1725 1479 κακίας
1743 1408 1855 1475 silivellun

321 1506 427 1583 ἀρετῶν,
438 1506 472 1568 ὡς
483 1505 506 1560 εἰ
517 1502 620 1567 πολλοῖς
629 1501 742 1568 τοξόταις
754 1492 789 1567 εἷς
802 1502 896 1569 σκοπὸς
906 1501 947 1572 εἴη
955 1502 1086 1577 κείμενος,
1135 1498 1241 1575 μεταξύ.
1285 1499 1390 1565 Πάντας
1410 1498 1460 1579 γδιρ
1484 1499 1631 1579 ἀνθρώπους
1651 1492 1758 1581 ἀρσρμδις
1777 1502 1855 1581 ipsuis

321 1592 376 1670 ἔχοι
389 1590 411 1647 δ’
423 1582 494 1654 οὗτος
516 1592 543 1647 έν
565 1590 636 1667 nied
657 1588 780 1668 γραμμὰς
800 1591 933 1669 διαφόρους
947 1600 998 1656 τοῖς
1018 1590 1089 1669 χρώ·
1135 1587 1234 1665 φύσεως
1250 1586 1312 1663 πρὸς
1326 1586 1437 1662 ἀρετήν,
1453 1587 1497 1645 καί
1511 1588 1586 1646 οἱονεί
1603 1588 1645 1647 rin
1661 1592 1709 1647 τῶν
1720 1590 1856 1665 incipissit

322 1702 409 1756 μασιν·
430 1670 477 1736 εἶθ’
490 1677 597 1756 ιἕκαστος
622 1675 669 1750 μὲν
695 1677 846 1754 στοχάζοιτο
871 1686 916 1735 τοῦ
937 1679 1024 1757 τυχεῖν
1045 1683 1089 1735 τοῦ
1134 1673 1208 1751 λόγον
1222 1672 1289 1750 ἔχειν
1304 1672 1371 1731 κατθ
1384 1673 1427 1731 τδν
1443 1674 1588 1745 Κλεάνθην,
1599 1674 1653 1734 ὅθεν
1666 1678 1754 1743 ἀτελεῖς
1762 1676 1800 1753 μέν
1808 1678 1856 1742 5¹³¹<

321 1766 492 1837 σκοποῦ,ἤδη
504 1765 549 1822 δ’ὁ
564 1763 611 1839 μὲν
625 1764 667 1820 διὰ
681 1764 711 1820 τὸ
724 1762 840 1830 τοξεῦσαι
849 1763 875 1814 ⁸9
890 1767 924 1830 εἷς
937 1765 984 1835 τὴν
994 1766 1089 1834 λευκὴν
1135 1748 1201 1816 εἶναι
1214 1759 1341 1839 φαύλους,
1356 1760 1533 1826 τελειωθέντας
1548 1760 1575 1818 δέ
1588 1762 1742 1827 σπουδαίους.
1778 1760 1832 1821 Φασὶ
1840 1766 1856 1820 δὲ
1918 1806 1919 1825 ,

322 1857 344 1911 εἷ
360 1856 433 1930 τύχοι
446 1851 584 1931 γραμμήν,
597 1854 610 1908 ὁ
624 1851 651 1909 δὲ
665 1851 706 1906 διδι
719 1850 748 1907 τὸ
762 1854 797 1916 εἷς
807 1851 853 1921 rip
867 1852 1002 1928 μέλαιναν,
1016 1852 1092 1917 ἄλλος
1136 1844 1180 1902 κοιλ
1193 1844 1279 1902 πάντα
1294 1852 1375 1901 ποιεῖν
1391 1844 1434 1903 τδν
1451 1847 1528 1919 σορὸν
1547 1847 1616 1904 κατὰ
1629 1848 1709 1915 παίσας
1729 1848 1768 1914 τὰς
1784 1850 1856 1927 α’ρετίς.

324 1944 350 2000 δὲ
367 1941 410 1998 διὰ
423 1940 453 1997 τὸ
476 1942 510 2003 'k
522 1940 585 1997 ἄλλο
608 1961 633 1995 τί
650 1942 746 2015 λθῶμα
761 1945 894 2015 λθαμμῆς’
909 1939 1026 2018 κθθυίπερ
1040 1939 1090 2017 γδιρ
1136 1933 1229 1989 Πᾶσαν
1246 1931 1295 2009 γὰρ
1308 1930 1399 2007 πρᾶξιν
1413 1932 1512 1990 τελείαν
1529 1934 1607 1991 αὐτοῦ
1619 1924 1693 2005 εἶναι,
1707 1934 1742 1992 διὸ
1753 1936 1789 1991 καὶ
1800 1937 1857 2007 μηδι·
1918 1938 1919 2021 ,

322 2029 427 2094 τούτους
438 2030 472 2092 ὡς
484 2026 530 2102 μὲν
546 2026 669 2083 ἀνωτάτω
680 2026 750 2091 τέλος
763 2032 890 2083 ποιεῖσθαι
903 2026 933 2083 τὸ
947 2036 1033 2104 τυχεῖν
1045 2032 1090 2083 τοῦ
1138 2030 1197 2095 μῑᾶς
1219 2020 1402 2099 ἆπθλελεῖφθαι
1423 2022 1523 2099 ἀρετῆς.
1566 2020 1715 2088 Ἇκολοιίθως
1732 2022 1775 2099 γθρ
1792 2024 1858 2083 τοίους

324 2112 437 2184 σκθποῦ,
452 2113 503 2185 ἤδη
522 2114 545 2170 δ’
560 2112 638 2170 ἄλλον
653 2115 710 2169 κατ’
722 2114 800 2171 ἄλλον
819 2113 912 2191 τρόπον
927 2114 1091 2188 προτίθεσθαι
1137 2103 1333 2180 δογματίζῦυσῑι
1347 2104 1392 2162 καί
1405 2104 1443 2163 ὅτι
1459 2110 1472 2163 ὖ
1486 2112 1545 2164 νοῦν
1560 2106 1628 2185 ἔχων
1646 2108 1688 2164 καὶ
1704 2105 1859 2171 διαλεκτῑκθιδ
1918 2096 1919 2139 3

323 2199 369 2270 τλν
385 2200 477 2272 τεῦξιν,
491 2198 535 2256 τδν
553 2197 630 2256 αὗτδν
644 2198 736 2275 τρόπον
759 2199 802 2255 καί
825 2198 869 2264 τὰς
891 2198 983 2276 ἅρετδις
1007 2202 1092 2265 πάσας
1137 2192 1217 2262 ποιεῖ,
1233 2190 1276 2249 καί
1301 2196 1466 2267 συμποτικῶς
1485 2191 1529 2249 καὶ
1554 2196 1687 2271 ἐρωτικῶς.
1724 2194 1769 2253 Τὸν
1781 2195 1801 2251 δέ
1816 2196 1859 2272 ίρυι·

324 2293 452 2345 ποιεῖσθαι
466 2284 512 2360 μὲν
528 2284 600 2349 τέλος
614 2284 644 2343 τὸ
659 2284 852 2359 εθδαιμονεῖν,δ
864 2290 917 2345 ἐστι
931 2290 1048 2363 κείμενον
1066 2290 1092 2344 έν
1137 2278 1205 2335 mhi
1221 2280 1264 2335 καί
1288 2280 1348 2357 &iili
1372 2278 1507 2356 δέγῑῦθαῑι
1527 2282 1571 2339 τὸ*
1587 2280 1633 2357 μὲν
1656 2284 1719 2340 κατὰ
1738 2278 1776 2351 ἴθ’
1794 2284 1859 2359 &ltili

325 2378 362 2451 τῷ
376 2377 421 2442 ζῆν
435 2372 645 2448 ὁμολογουμένως
658 2375 690 2449 τῇ
705 2370 794 2447 φύσει,
803 2372 892 2431 τούτου
906 2374 929 2429 δ’
943 2375 1020 2431 ἄλλον
1035 2377 1092 2431 κατ’
1137 2365 1221 2436 ποιόν,
1235 2368 1372 2424 σπουδαῖον
1387 2366 1463 2442 ὄντα,
1478 2366 1521 2426 τὸν
1537 2368 1565 2425 δὲ
1580 2369 1648 2428 κατὰ
1661 2368 1755 2438 κακίαν,
1768 2370 1789 2425 ἐν
1799 2369 1858 2445 ψόγῳ,

324 2452 405 2522 ἄλλην
414 2453 438 2497 ⁹⁰
455 2449 600 2527 τυγχάνειν.
643 2453 740 2516 Διττῶς
758 2450 786 2507 δέ
801 2473 878 2530 φησιν
903 2452 1090 2529 δΔιογένης91
1138 2455 1172 2517 ὡς
1194 2454 1415 2530 ἐρωτομανοῦντα.
1458 2452 1520 2513 Ἔτι
1532 2456 1556 2512 δ’
1569 2454 1652 2535 ἔρωτα
1665 2458 1705 2516 τόν
1718 2454 1740 2533 γ’
1750 2454 1858 2531 ἀξιέραστον

326 2538 445 2613 λέγεσθαι
458 2534 491 2594 τθ
507 2536 539 2594 δι’
553 2536 618 2594 αὑτὰ
633 2536 739 2614 αἱρετοί,
754 2536 799 2593 καὶ
816 2539 923 2603 τελικῶς
937 2539 1042 2613 αἱρετοί,
1060 2542 1094 2603 δις
1139 2540 1233 2615 ὁμοίως
1249 2540 1369 2617 λέγεσθαι
1388 2544 1426 2619 τῷ
1448 2541 1619 2622 ἀξιοριλήτιρ,
1633 2543 1676 2601 καί
1696 2542 1765 2607 οὕτως
1785 2541 1860 2607 diuert-

326 2623 425 2703 ἔχειτθ
449 2624 495 2700 μὲν
517 2626 544 2680 ἐν
557 2627 590 2701 τῇ
608 2623 782 2702 προειρημένῃ
803 2625 926 2703 διαιρέσει
950 2648 1095 2683 κατατετα·
1139 2627 1254 2706 λαοίστῳ.
1296 2628 1349 2687 Τὸν
1370 2628 1420 2705 γθρ
1444 2628 1512 2697 ἄξιον
1534 2630 1674 2689 σπουδαίου
1696 2630 1859 2707 {postmisit

326 2713 427 2788 γμένα,
440 2712 473 2769 τὰ
487 2712 513 2768 δέ
525 2711 574 2767 dou
588 2713 612 2769 έν
625 2713 711 2776 αὑτοῖς
721 2710 778 2788 ἔχει
789 2709 838 2781 τὴν
850 2712 934 2770 αἰτίαν
946 2718 991 2769 τοῦ
1006 2715 1096 2793 αἱρετὰ
1140 2703 1204 2771 εἶναι
1216 2714 1375 2792 ἀξιέραστον.
1418 2714 1532 2791 Ὁμοίως
1547 2716 1574 2774 δὲ
1587 2721 1619 2794 τῇ
1632 2720 1734 2795 ίρυιτικῇ
1745 2716 1784 2786 τὴν
1793 2736 1859 2789 συμπο-

325 2789 407 2869 εἶναι,
422 2796 485 2875 δπερ
499 2797 575 2856 παντί
590 2798 679 2876 ἀγαθῷ
694 2797 816 2875 ὑπάρχει.
1139 2801 1213 2869 τικὴν
1226 2800 1473 2884 περαλαμθοίνουσιν
1490 2802 1585 2869 εἰςτὰς
1602 2804 1704 2883 διρττοίς,
1718 2803 1759 2873 τὴν
1774 2801 1810 2878 μὲν
1822 2798 1860 2875 περί

331 2938 1859 2968 ——Q—m-—n—n-—f—-ffl

326 3015 354 3062 in
364 3014 435 3062 rebus
445 3014 553 3074 gerendis
562 3014 679 3079 uitandus.
696 3015 868 3075 Temperantiee
879 3021 959 3064 autent
975 3017 1095 3078 proprium
1139 3021 1211 3078 animi
1228 3025 1293 3082 parte
1311 3021 1481 3082 substantiam,
1494 3025 1614 3084 quatenus
1632 3025 1706 3074 omnis
1718 3035 1797 3086 quoqne
1809 3022 1861 3068 rirtn
1918 3015 1919 3046 ³

327 3112 379 3149 esse
394 3105 479 3161 caput,
492 3101 597 3162 primum
614 3101 732 3162 appetitus
745 3102 879 3150 constantes
893 3101 991 3152 reddere
1010 3115 1097 3164 eosque
1139 3121 1224 3169 corpus
1243 3109 1267 3156 et
1278 3109 1307 3156 sit
1318 3095 1347 3157 et¹
1356 3110 1495 3170 appelletur,
1508 3113 1612 3161 mentem
1624 3113 1685 3162 enirn
1698 3113 1721 3160 et
1732 3110 1816 3158 animun
1826 3119 1860 3152 rnr-
1918 3097 1919 3150 ζ

327 3187 496 3248 contemplari,
511 3186 597 3236 deinde
614 3188 644 3234 ad
666 3187 774 3236 vitandas
792 3189 940 3250 appetituum
958 3191 1098 3240 ostensiones
1140 3207 1209 3254 porea
1222 3207 1273 3244 esse
1292 3209 1299 3242 :
1318 3207 1372 3243 nam
1387 3195 1491 3245 calidum
1512 3198 1624 3259 spiritum
1640 3197 1705 3247 nobis
1723 3197 1859 3257 ingerentum,
1918 3179 1919 3204 ¹

327 3273 582 3335 reliquarumquoque
595 3273 830 3322 uirtutumnaturarn
841 3275 996 3324 considerare.
1029 3277 1099 3324 Simi-
1139 3281 1247 3328 snimum
1261 3281 1475 3331 cssesrbitrantur.
1510 3285 1628 3334 Praeterea
1640 3277 1861 3343 animumquiinnobis
1918 3271 1919 3302 ί

328 3363 381 3411 liter
392 3362 536 3413 tortitudinis
549 3375 602 3412 esse
618 3363 759 3424 primumea
772 3363 851 3411 omnia
867 3375 921 3424 oute
936 3364 1031 3412 terenda
1043 3368 1099 3414 sunt
1140 3369 1174 3416 tsi
1194 3368 1280 3417 animal
1300 3381 1351 3417 esse
1373 3369 1537 3432 solunt,quia
1558 3373 1623 3421 visat
1642 3385 1670 3420 ac
1689 3371 1777 3427 scobat,
1790 3366 1861 3416 nulrit
1918 3351 1919 3408 Ϊ

328 3450 522 3512 circumspicere,
541 3450 628 3499 deinde
642 3450 745 3512 reliquas
764 3451 866 3499 virtutes
883 3451 979 3500 intueri.
995 3451 1099 3501 Justiiite
1141 3465 1197 3502 vero
1210 3457 1300 3516 parient
1313 3453 1364 3513 eius
1382 3454 1511 3516 principem
1522 3467 1578 3517 qnae
1589 3469 1655 3505 mens
1666 3459 1763 3505 vocator.
1775 3449 1861 3509 Qunnnb
1918 3489 1919 3510 ,

329 3537 431 3598 denique
444 3550 495 3586 essa
509 3536 694 3598 uniuscujusque
717 3537 855 3598 digultrtem
866 3538 968 3599 primum
981 3545 1098 3600 spectare,
1141 3551 1191 3588 rem
1206 3551 1300 3588 omnem
1322 3539 1431 3590 uirtutem
1447 3553 1500 3590 esse
1518 3541 1621 3602 animal,
1635 3545 1750 3604 propterea
1762 3535 1812 3600 quod
1826 3546 1861 3582 bl·
1918 3535 1919 3598 ἶ

329 3626 607 3688 deindectismreliqua.
639 3626 756 3675 Nimirum
777 3627 885 3675 omnium
898 3627 1017 3676 uirtutum
1032 3641 1098 3689 esse,
1140 3626 1193 3675 dent
1218 3626 1302 3676 habent
1323 3639 1377 3676 cum
1403 3633 1482 3677 menta
1508 3629 1673 3679 substantiam.
1704 3628 1739 3678 Sic
1756 3626 1811 3688 igilur
1825 3633 1861 3683 pti·
1918 3631 1919 3654 i

331 3715 433 3775 reliques
446 3725 544 3775 quoqne
559 3726 616 3762 cum
631 3713 660 3760 iis
671 3726 727 3775 qnae
740 3713 837 3774 singuiis
847 3714 952 3774 subiecta
970 3717 1028 3764 sunt
1043 3729 1100 3764 con·
1141 3714 1243 3763 dentiam
1264 3727 1360 3776 quoque
1377 3727 1460 3776 sapere
1475 3715 1572 3776 dicunt,
1583 3717 1693 3779 quoniam
1714 3727 1750 3764 ecs
1768 3714 1795 3762 ils
1811 3709 1862 3758 lino

330 3802 441 3849 siderare.
473 3803 533 3865 Num
545 3796 621 3850 similo
634 3800 691 3862 quid
706 3800 829 3850 contendit
840 3803 958 3851 Panaetius
971 3802 1100 3851 virtutibus
1141 3807 1323 3851 consentaneum
1340 3806 1384 3852 esi.
1416 3803 1607 3853 lnierrirtuiem
1620 3801 1811 3854 autemstsiilutn
1825 3792 1863 3843 illl

331 3888 479 3945 evenire,ac
492 3889 511 3935 si
528 3887 610 3936 mullis
625 3887 752 3948 sagittariis
768 3887 831 3936 idem
849 3892 997 3949 proponetur
1015 3901 1100 3950 scopus
1141 3901 1193 3937 esse
1207 3888 1319 3938 medium.
1351 3892 1441 3938 ornnes
1456 3891 1519 3938 enim
1537 3889 1734 3940 ltominesnattna
1751 3884 1863 3935 aurinum

332 3975 372 4037 qui
395 3974 513 4023 rariorum
533 3975 640 4023 colorum
661 3974 733 4022 lineas
751 3974 884 4033 conducam
907 3975 993 4024 deinde
1016 3975 1100 4036 singuli
1142 3975 1196 4024 terri
1211 3976 1241 4023 'et
1257 3975 1325 4038 quasi
1344 3975 1494 4025 dimidiarum
1516 3977 1650 4026 iamborum
1667 3973 1864 4026 insnrobtinurse

332 4062 427 4124 qrridem
442 4062 553 4110 studeant
568 4073 667 4132 scopum
687 4061 770 4121 lerire,
782 4060 823 4109 sed
846 4062 906 4110 alins
925 4061 1019 4122 albam,
1032 4065 1103 4124 prout
1143 4061 1246 4113 cundum
1259 4061 1407 4121 Cleanthem,
1417 4053 1864 4125 ideoqueirnpertectosquileninpube

334 4146 458 4202 acciderit,
473 4147 573 4205 lineam,
591 4145 653 4193 alius
667 4145 768 4206 nigram,
782 4145 843 4194 alius
860 4145 962 4206 denique
975 4147 1046 4196 aliam
1062 4161 1101 4196 sa·
1143 4148 1260 4209 perlectos
1280 4151 1359 4197 aulem
1379 4149 1465 4211 probos
1486 4161 1547 4198 esse.
1580 4150 1710 4212 sapientem
1727 4141 1865 4210 qttotptelll¹1¹

332 4234 397 4291 ptttls
411 4235 484 4292 petat
517 4230 722 4288 Quemadmodum
736 4231 800 4279 enlm
814 4230 838 4278 iti
854 4243 992 4292 supremum
1005 4231 1101 4295 quidem
1143 4237 1227 4279 cuncte
1245 4232 1278 4280 ita
1295 4231 1371 4280 lacere
1390 4235 1418 4280 ui
1434 4245 1517 4282 omnes
1534 4235 1634 4284 virtutes
1653 4235 1720 4282 colai.
1750 4221 1865 4288 Quunuiu

334 4322 405 4369 inem
417 4319 511 4379 ponunt
525 4319 549 4365 in
565 4330 638 4378 scopo
652 4316 772 4376 feriendo,
782 4317 842 4366 alius
853 4329 909 4365 rero
919 4318 993 4366 alium
1005 4319 1101 4368 leriendi
1144 4319 1222 4367 omnis
1233 4320 1282 4379 eius
1291 4319 1352 4368 ectio
1363 4320 1465 4380 perlecta
1477 4320 1521 4381 sit,
1533 4321 1598 4370 nulla
1609 4334 1661 4371 eam
1674 4318 1754 4369 νῖήυθε
1764 4325 1806 4364 esse
1818 4307 1865 4358 issi·

336 4396 1018 4468 rjusnrodumsibistatuatzsicrirtoiesouoqueomnrs
1033 4406 1101 4454 linem
1144 4408 1228 4455 tutam.
1261 4407 1379 4455 fliscuim
1392 4408 1557 4466 convenienter
1567 4408 1663 4456 tradunt
1672 4405 1795 4468 pmdenlem
1805 4399 1823 4446 ln
1834 4394 1864 4446 dli

336 4496 423 4545 lubere
441 4495 625 4553 beatitudinem,
640 4507 695 4555 quae
711 4494 736 4541 in
759 4493 808 4542 rita
828 4495 919 4543 naturso
937 4495 1103 4543 convenienter
1146 4492 1249 4554 putando
1269 4494 1357 4552 etiam,
1369 4494 1392 4541 in
1406 4497 1580 4555 compotatione
1598 4497 1668 4556 stoue
1687 4493 1710 4542 in
1731 4501 1798 4540 rmore
1813 4491 1865 4542 agere

336 4585 388 4632 acta
401 4584 528 4642 consistat,
541 4582 603 4630 hanc
615 4584 695 4630 autem
709 4580 828 4629 aliosaliis
840 4580 936 4643 assequi
949 4580 1035 4629 modis.
1053 4583 1102 4630 Du·
1145 4582 1269 4628 amantem
1289 4592 1345 4628 sero
1362 4578 1470 4629 bilariam
1484 4580 1546 4642 dici,
1558 4582 1596 4632 rel
1609 4581 1700 4631 virtutis
1711 4573 1809 4628 beneicio
1823 4569 1866 4615 nnn

337 4671 427 4732 pliciter
438 4675 518 4719 etitem
530 4668 563 4718 rit
572 4670 687 4729 Diogenes
698 4681 740 4730 per
752 4681 779 4715 se
789 4666 920 4727 expetenda
933 4672 958 4716 et
971 4669 1065 4728 proptor
1077 4667 1103 4716 li·
1145 4666 1248 4728 quodam
1262 4666 1332 4714 modo
1343 4667 1455 4716 allectum
1468 4669 1541 4730 alque
1556 4669 1618 4717 lianc
1634 4668 1665 4718 ob
1680 4676 1766 4716 musam
1784 4655 1865 4722 probum.

336 4768 391 4804 nem
405 4755 536 4817 expetenda
547 4755 608 4814 dici,
618 4755 696 4816 qualia
707 4756 764 4803 sunt
776 4767 832 4816 quse
844 4753 929 4816 partim
944 4755 969 4802 in
983 4755 1104 4816 superiore
1145 4752 1183 4801 rel
1193 4752 1245 4800 viiii
1259 4752 1418 4814 turpitudine,
1434 4756 1457 4803 et
1477 4754 1564 4803 idcirco
1583 4741 1830 4817 vituperandumque
1843 4739 1866 4784 θ’

337 4843 451 4892 divisione
459 4843 587 4905 perscripta
595 4841 751 4903 reperiuntur,
761 4841 846 4902 partim
856 4841 1019 4890 insecausant
1030 4853 1102 4902 expe·
1145 4851 1293 4888 stnoamore
1307 4844 1414 4901 captum.
1448 4845 1559 4891 Amorem
1575 4833 1866 4904 porrodignumqtttmiffiffi

338 4930 402 4977 tendi
414 4929 509 4989 lrsbent,
522 4943 577 4989 οιιαε
591 4928 662 4977 resin
676 4929 742 4976 omni
759 4928 821 4976 bono
834 4928 945 4976 cernitur.
1146 4925 1254 4975 similiter
1265 4926 1310 4974 dici
1322 4929 1393 4988 tique
1405 4927 1530 4977 amabilem
1540 4929 1640 4990 ideoque
1650 4927 1742 4988 dignum
1754 4933 1795 4985 quo
1804 4911 1866 4964 [filib

369 5016 473 5064 Virtutes
489 5018 568 5064 etitem
591 5015 670 5076 plures
687 5028 739 5064 esse
758 5015 841 5064 dicunt
856 5027 943 5076 easque
955 5013 1105 5076 inseparabili
1148 5015 1206 5061 Nam
1224 5012 1266 5074 qui
1289 5013 1363 5074 probo
1383 5025 1464 5062 amore
1482 5013 1566 5076 dignus
1582 5015 1626 5076 sii,
1638 5026 1692 5063 eum
1704 5010 1789 5060 omnino
1800 5001 1867 5060 dignun

341 5100 450 5149 societur
462 5103 521 5150 inter
532 5100 631 5160 sejungi
643 5103 714 5161 atqne
725 5101 821 5150 eandem
834 5101 918 5150 babere
930 5112 985 5148 cum
1001 5100 1106 5163 principe
1148 5092 1198 5147 sss'e
1213 5113 1367 5160 quemsmcs.
1400 5102 1519 5150 Gaeierum
1535 5105 1561 5150 nt
1582 5099 1752 5158 amandl,ltent
1765 5077 1867 5141 totiiiiildi
