3959 5925
717 361 760 422 itt
786 362 959 424 TIMAEUM
978 365 1181 426 PLATONIS.
1697 381 1753 434 act

146 501 172 548 et
183 495 215 546 sit
234 497 267 559 αβ
277 494 384 544 ambitus
407 495 586 544 momentorum
602 494 792 556 quinquaginta,
814 494 874 544 item
895 497 926 559 βγ
974 514 976 518 ·
1007 497 1119 547 coelestia
1135 511 1234 561 corpora
1244 499 1375 548 constricta
1392 499 1509 551 vitalibus
1523 502 1638 565 nexibus,
1658 503 1683 552 id
1705 507 1756 567 est,

145 584 252 635 ambitus
262 557 365 634 totidem
376 573 565 643 momentorum,
579 583 655 643 etper
666 582 700 646 χβ
712 582 800 632 lineam
812 584 930 645 punctum
974 584 1056 636 stellas
1075 585 1187 648 mimalia
1201 586 1264 636 facta
1281 600 1335 636 esse
1356 588 1455 650 asserit,
1478 590 1660 690 etcogncrisse
1673 607 1730 657 quae
1744 608 1758 645 a

148 670 297 724 sitsoiisin
314 670 417 721 literas.
450 669 931 733 ttritergotineagudquredemonstrat
974 674 1026 722 Dec
1040 671 1195 734 iubebantur,
1210 673 1303 723 scilicet
1319 676 1346 725 ut
1356 675 1464 738 planetes
1473 690 1563 739 quique
1575 691 1600 727 m
1610 680 1695 740 globos
1703 696 1758 746 pro·

148 760 228 811 Solem
250 757 277 807 id
294 760 332 809 est
349 757 442 808 literam
457 759 494 821 βε
514 759 609 807 tantum
631 758 715 808 aulem
733 762 862 808 moveatur
876 758 931 808 bec
974 761 1041 824 prius
1053 760 1159 823 redacti,
1172 762 1312 812 consulum
1333 764 1414 813 anima
1433 765 1532 828 vitaque
1548 766 1695 866 fruerentur,
1715 771 1758 820 sed

145 795 239 898 eadem,
262 846 338 907 linea,
365 847 484 906 quantum
503 845 545 896 Sci
564 847 677 894 movetur
696 858 771 908 prope
790 844 931 909 quotidiana
974 861 1032 898 cum
1051 849 1136 900 iisdem
1156 851 1268 900 omnibus
1291 851 1364 908 etiam
1384 852 1491 904 mundus
1504 856 1530 904 ei
1543 867 1625 904 amma
1641 857 1758 920 uteretur,

147 935 385 998 momentasinguia.
398 934 930 1000 Similiterceleraelinamguetmdiridau·
975 937 1110 988 strationis
1123 939 1330 1002 partitepsesset.
1365 1029 1370 1040 Ι
1447 1031 1452 1042 Ι
1588 1033 1632 1046 Η
1696 1035 1701 1046 Ι
1787 999 1790 1006 ,

146 1029 187 1077 fur
206 1025 232 1075 in
252 1025 424 1088 quinquaginta
443 1027 577 1076 momenta.
619 1025 657 1076 sit
670 1039 742 1088 porro
762 1043 796 1090 χα
814 1027 931 1088 linea,in
1008 1029 1133 1084 Quatenus
1146 1027 1210 1076 enirn
1228 1041 1311 1078 carens
1329 1029 1389 1092 quid
1409 1034 1500 1081 ratione
1516 1035 1605 1095 potent
1625 1035 1759 1096 inningen

148 1111 348 1178 portendentis,
368 1126 471 1177 gruere
485 1113 563 1174 buca,
585 1113 612 1162 ln
632 1119 701 1177 parto
714 1114 856 1165 occidentis
870 1117 931 1166 liceo
974 1113 1171 1177 qumjubentur?
1334 1207 1340 1222 ν
1438 1207 1444 1224 .
1542 1209 1549 1226 Ι
1602 1210 1615 1230 τ

146 1201 262 1265 quidem,
280 1199 305 1249 id
320 1203 358 1251 est
370 1217 405 1265 χγ
422 1201 486 1250 ilnea
503 1201 570 1264 prior
582 1201 705 1261 occidens,
720 1205 746 1252 et
764 1204 829 1266 prIor
840 1204 931 1264 oriens,
1009 1205 1096 1252 cxiii.
1114 1204 1180 1271 Kutd
1189 1205 1217 1264 δὴ
1233 1206 1275 1263 τήν
1285 1207 1381 1269 beregen
1392 1224 1463 1270 copus
1476 1209 1761 1320 niunrcncucandrdriig

147 1302 221 1351 quam
237 1288 288 1338 soi.
320 1289 364 1339 illa
382 1303 440 1340 vero
455 1288 501 1338 alia
511 1307 553 1353 χα,
568 1291 689 1354 posterius
700 1291 830 1352 occidens,
846 1294 872 1341 et
889 1306 929 1355 po·
975 1291 1061 1339 ταύτοῦ
1079 1293 1169 1352 φύσεως
1183 1294 1264 1344 lebedi
1283 1312 1309 1344 τε
1325 1296 1366 1344 καὶ
1380 1311 1547 1361 stertentum,
1564 1315 1591 1402 ²⁰.
1610 1301 1652 1364 μὲν
1666 1307 1760 1408 setteis

148 1376 235 1427 ,posius
248 1377 364 1428 exoptem,
397 1381 500 1429 Neoegge
512 1382 550 1429 pgr
567 1379 649 1442 igitur,
663 1380 691 1428 nt
708 1379 761 1428 haec
776 1380 884 1442 quidem,
906 1381 931 1430 id
975 1379 1093 1429 αὐτῶντὸ
1107 1381 1344 1432 δὲὲλάττονακύκλον
1358 1384 1403 1434 ἱόν·
1421 1388 1758 1457 circummunitione,

146 1466 184 1515 est
195 1481 238 1528 χα,
254 1465 279 1513 el
289 1481 321 1528 χγ
331 1465 395 1515 linea
402 1465 555 1515 demonstret
568 1465 714 1527 luciferum,
729 1466 799 1516 litera
819 1485 835 1516 α
842 1467 931 1532 hespe·
975 1467 1006 1515 τὰ
1014 1467 1038 1516 δὲ
1047 1468 1088 1516 τὸν
1103 1468 1195 1529 μείζονα
1206 1469 1343 1535 βραδύτερον
1352 1473 1479 1536 περιιόντα.
1541 1569 1545 1578 Ι
1711 1573 1717 1584 ⁶

149 1564 220 1612 rum;
231 1550 381 1602 eoridelieet
392 1555 507 1615 tempore,
520 1551 739 1616 quomdemstella
752 1553 932 1615 tougimasoie
1008 1558 1048 1604 lia
1066 1567 1123 1619 qun
1140 1556 1248 1606 dicerem
1266 1563 1371 1610 nature
1389 1565 1476 1613 motus
1494 1565 1615 1630 obliquus
1632 1569 1760 1631 perdire·

148 1637 292 1687 discesserit.
325 1638 369 1688 iiia
378 1651 438 1688 uero
447 1639 494 1688 alia
506 1639 580 1701 linea,
594 1639 619 1688 id
631 1644 668 1689 ost
679 1639 829 1702 >meantem
837 1641 932 1690 stellam
976 1645 1048 1692 ctum
1064 1644 1296 1703 eiusdemnuturm
1315 1651 1417 1700 metunt
1436 1655 1540 1702 vertens
1559 1659 1654 1718 senaet,
1670 1661 1759 1722 utpote

147 1723 298 1776 demonstret
310 1739 365 1776 esse
378 1726 504 1776 luciterum
517 1727 668 1790 temporibus
682 1729 808 1778 matutinis
822 1729 848 1778 in
863 1731 932 1794 signo
981 1733 1153 1794 constrictus,
1169 1731 1388 1797 circumferebat,
1400 1741 1505 1799 partina
1524 1740 1638 1806 majore,
1659 1747 1762 1807 purtim

149 1810 225 1861 literae
237 1830 261 1870 γ.
294 1815 346 1862 Hoc
367 1815 448 1862 antem
471 1813 513 1863 fiet
532 1815 657 1876 apertius,
681 1817 759 1879 siper
783 1818 931 1880 gutliueanr
976 1820 1080 1867 utinore
1095 1819 1195 1869 circuio
1209 1821 1475 1883 rotabuntur;eiiius
1488 1827 1596 1892 quidem
1613 1829 1762 1884 dimensum
1804 1895 1808 1904 ὓ

148 1896 341 1949 circumducatur
354 1899 477 1963 circulus,
490 1902 533 1964 qui
542 1902 665 1966 contingat
675 1903 737 1953 dnas
748 1918 764 1953 a
774 1918 802 1956 se
814 1905 932 1957 metantes
975 1912 1095 1971 spatium
1108 1914 1276 1974 peragentia,
1294 1927 1352 1978 quen
1366 1919 1482 1992 rninore,
1498 1918 1604 1970 tardius
1616 1934 1689 1986 uero,
1703 1935 1761 1988 qttte

147 1985 238 2047 bnans,
258 1986 282 2035 id
304 1989 343 2037 est
352 2004 386 2051 χα
400 1989 425 2038 et
439 2004 482 2051 χγ,
496 1988 563 2051 quod
577 1988 747 2040 demonstrant
764 1993 864 2042 modum
879 1993 930 2042 dis·
975 1995 1093 2057 majore,
1105 2000 1194 2061 utpote
1208 1999 1311 2050 ambitu
1322 2004 1486 2054 circumactu
1493 2006 1650 2069 proiiciore.

148 2073 263 2122 cessicriis
273 2087 288 2122 a
300 2073 370 2133 Sole,
382 2075 496 2126 Luciferi.
961 2154 963 2158 Ι
1008 2085 1107 2135 Diversa
1122 2092 1208 2135 natura
1218 2099 1273 2150 qum
1285 2088 1325 2149 sit,
1334 2091 1456 2153 tarpeiam
1467 2095 1592 2145 ostensum
1605 2099 1642 2148 cst
1654 2099 1678 2146 in
1691 2111 1761 2162 strpe-

179 2160 239 2208 cltL
257 2163 288 2208 at
303 2171 360 2208 vero
377 2161 461 2223 Plato,
475 2163 568 2226 quique
578 2163 652 2225 liuius
662 2166 781 2229 indaginis
793 2168 931 2230 diligentius
974 2171 1094 2236 rioribus,
1109 2174 1224 2238 qnodque
1242 2181 1323 2228 motus
1335 2178 1387 2239 eius
1407 2179 1439 2228 ab
1459 2181 1585 2234 occidente
1597 2185 1629 2234 ad
1641 2187 1761 2238 orientem

148 2259 248 2296 eramen
264 2247 384 2309 babuere,
406 2250 544 2314 affirmant,
563 2251 687 2316 aliquanto
705 2269 778 2317 quam
799 2257 863 2307 Solis
877 2271 931 2308 essa
975 2260 1077 2312 feratur.
1113 2265 1173 2312 iitec
1188 2277 1255 2326 ergo,
1269 2267 1761 2332 curnsitinterior,contiueaturneeesse

150 2335 274 2386 elatiorem
285 2337 388 2387 Luciferi
406 2338 521 2402 globum,
535 2343 578 2403 qni
595 2342 712 2393 limitatur
724 2346 791 2396 notis
807 2348 862 2406 dein
875 2361 932 2400 con-
974 2353 1013 2398 est
1021 2349 1053 2398 ab
1061 2351 1180 2401 exteriore
1191 2351 1267 2412 orbe,
1281 2354 1322 2416 qui
1335 2355 1441 2416 ἀπλανὴς
1452 2358 1542 2408 dicitur
1555 2381 1561 2410 e
1576 2362 1694 2426 tardaque
1707 2365 1761 2428 ipsa

58 2407 63 2420 '
148 2420 242 2483 tingens
259 2438 292 2471 ne
309 2422 407 2482 quidem
424 2423 511 2475 lineam
531 2440 604 2490 pere
626 2428 730 2493 literam,
746 2448 777 2493 sq
789 2445 848 2482 vero
859 2446 930 2496 pern
974 2440 1181 2504 inprogredieudo
1191 2443 1222 2492 ab
1231 2445 1324 2506 apianis
1334 2447 1454 2498 velociore
1467 2451 1559 2520 rapitur
1569 2451 1600 2504 ad
1610 2456 1761 2506 contrarium

149 2507 229 2569 (Vide
238 2508 350 2570 Figuram
360 2511 415 2560 xvi
424 2512 443 2574 ).
458 2517 547 2576 Quare,
563 2528 620 2564 eum
629 2516 724 2568 Lucifer
733 2518 840 2570 lustrans
851 2520 930 2572 circu·
975 2537 1080 2593 morum,
1091 2535 1117 2583 et
1128 2535 1303 2595 comprehensa
1312 2537 1381 2598 sequi
1391 2541 1543 2603 sequentem,
1557 2547 1762 2607 comprehendere

148 2595 200 2644 lum
219 2597 352 2660 proprium,
370 2601 494 2661 perveniet
511 2601 543 2652 ad
557 2619 578 2664 e,
591 2603 713 2655 ridebitur
729 2608 754 2656 in
772 2608 931 2672 eluminat
975 2619 1047 2669 ctiam
1059 2623 1303 2684 comprehendentem
1314 2625 1416 2675 ridetur.
1450 2628 1645 2683 Planetumrero
1662 2635 1761 2698 quidam

119 2653 125 2666 ·
148 2683 204 2733 ⁵⁰¹0
214 2683 354 2750 Plurimum,
377 2690 461 2748 ῑῑῖρθῑθ
476 2690 605 2739 momentus
618 2692 792 2756 quiaqmgints
806 2697 930 2758 omnibus,
974 2707 1056 2770 citius,
1066 2709 1105 2759 aiii
1115 2710 1216 2774 tardius,
1230 2725 1316 2762 cursus
1332 2726 1390 2763 suos
1403 2705 1528 2778 peragunt.
1552 2721 1651 2785 blerito;
1661 2723 1762 2774 circuio·

148 2771 324 2831 separatus3et
333 2770 364 2820 ad
374 2773 506 2836 orientem,
519 2789 549 2825 ac
561 2777 625 2828 diem
639 2793 750 2843 vergens.
784 2785 881 2847 Quippe
890 2787 931 2836 Sol
976 2807 1032 2844 nrm
1042 2795 1106 2844 enim
1118 2799 1238 2849 minorum
1251 2801 1394 2864 compendia
1406 2803 1535 2856 adversum
1548 2807 1760 2870 maiorumanfra-

149 2866 199 2902 non
213 2853 260 2903 uisi
278 2851 320 2905 ubi
339 2860 377 2907 cit
396 2860 412 2921 β
427 2859 504 2923 litere,
525 2861 688 2917 iudillerenler
709 2868 820 2921 videtur·
855 2875 931 2922 Porro
975 2884 1030 2931 ctus
1044 2886 1195 2947 comparata,
1208 2887 1309 2938 modicis
1321 2889 1458 2952 temporum
1474 2892 1602 2957 impendiis
1615 2897 1760 2951 circulorum

1230 2977 1257 3024 ut
1277 2978 1362 3041 Luna,
1382 2992 1439 3041 quae
1455 2982 1525 3043 iuxta
1543 2986 1655 3037 cubicum
1673 3003 1761 3043 uume-

147 3025 239 3077 eisdem
255 3029 431 3094 quinquaginta
451 3034 552 3096 demum
561 3044 692 3093 momentis
707 3044 740 3094 sd
761 3047 842 3097 solem
856 3053 882 3100 et
899 3050 930 3101 ad
977 3057 1032 3106 ruin
1049 3059 1134 3122 rigirni
1147 3063 1240 3123 septem
1260 3063 1345 3115 diebus
1363 3066 1480 3120 circulum
1499 3087 1569 3123 scum
1589 3078 1689 3143 instrat,
1705 3092 1760 3131 cnm

146 3114 384 3171 occiduaremotior.
420 3126 692 3192 cumvelpencsdvel
703 3138 929 3202 penestoonsistet,
961 3146 1116 3197 'satnmium
1128 3149 1195 3201 sidus
1206 3152 1300 3215 triginta
1314 3168 1389 3220 prope
1400 3161 1471 3209 anuis
1489 3163 1573 3215 redeat
1582 3167 1613 3215 ad

148 3201 249 3253 dubium
263 3209 365 3269 nonest,
375 3211 513 3271 proximum
526 3216 577 3266 soli
589 3216 681 3268 factum
693 3220 819 3283 risumlri‚
831 3237 931 3274 concur-
975 3235 1113 3287 exordium.

147 3303 251 3355 sumque
266 3293 442 3349 fecisseuuum
454 3302 609 3355 excelsiorem
622 3307 709 3370 procul
722 3322 737 3359 a
749 3311 846 3373 regione
858 3306 932 3364 terrac
1008 3326 1359 3395 cxlvmnttremoopopqze
1367 3333 1467 3398 τάχιστα
1477 3341 1594 3405 περιιόντα
1600 3346 1648 3396 ὑπὸ
1653 3353 1699 3398 τῶν
1707 3352 1761 3414 βρα-

147 3382 244 3440 penesd
258 3382 378 3435 :alierum
391 3386 501 3439 citimum
511 3394 633 3457 terreque
650 3395 797 3459 pmxtmnm,
808 3400 831 3451 in
841 3404 862 3459 ζ.
873 3404 930 3451 Idm
975 3410 1069 3474 δύτερον
1081 3412 1165 3463 ἰόντων
1177 3414 1282 3479 ἐφαίνετο
1296 3423 1505 3486 seruientium
1517 3432 1746 3494 καταλαμὸάνεσθαι.

147 3463 206 3514 illud
220 3468 391 3524 observatione
409 3474 561 3539 diligentiore
572 3488 724 3548 perceptum,
738 3486 833 3536 stellam
843 3488 930 3552 ipsam,
1010 3501 1067 3556 Qua
1090 3500 1122 3550 de
1136 3515 1218 3553 ceusu
1236 3504 1325 3570 fiebat,
1336 3512 1432 3573 inquit,
1444 3518 1477 3565 ut
1499 3530 1533 3565 esc
1544 3519 1673 3583 uniformi
1693 3524 1760 3585 ejus·

119 3547 121 3550 '
146 3549 173 3599 in
183 3553 289 3603 maxima
301 3558 447 3622 secessione,
458 3562 511 3612 stre
519 3566 651 3632 orientatis,
664 3569 825 3625 streoccidua
834 3576 879 3625 erit
889 3576 932 3627 illa
976 3584 1085 3651 deinque
1101 3594 1205 3640 nature
1228 3598 1393 3649 conversione
1400 3636 1408 3663 ,
1428 3614 1486 3665 qum
1499 3608 1579 3655 eitius
1597 3610 1759 3677 circuibunt,

138 3639 266 3701 ¹secessio,
276 3640 362 3692 diebus
377 3645 428 3695 fere
445 3649 581 3711 quingentis
592 3658 714 3729 octoginta
726 3662 839 3723 quatuor,
855 3664 885 3712 ad
896 3664 930 3725 id,
975 3672 1010 3723 ab
1018 3677 1051 3724 iis
1058 3688 1117 3739 que
1126 3679 1230 3730 tardius
1238 3684 1505 3754 circumferebantur,
1512 3696 1760 3757 comprehendentia

147 3726 173 3775 in
183 3742 233 3790 quo
243 3729 336 3791 pridem
345 3732 433 3799 fumat,
447 3739 486 3788 rel
500 3756 521 3801 e,
539 3743 605 3802 vein
620 3758 747 3811 remeare;
760 3755 787 3799 ut
799 3752 830 3801 sit
842 3755 934 3817 perspl-v
976 3764 1160 3825 ccmprebendi
1176 3769 1341 3822 uiderentur.

147 3828 231 3877 cuum,
242 3818 321 3868 toturn
331 3820 401 3873 obire
412 3824 532 3877 circulum
542 3842 625 3893 suum,
635 3834 676 3895 qni
688 3838 727 3886 est
738 3840 799 3898 δεζη,
810 3852 929 3892 memora·
1008 3848 1139 3901 Uniformis
1147 3852 1253 3913 ejusdem
1260 3862 1354 3911 nature
1367 3868 1492 3921 conversio
1506 3872 1673 3942 raptislellas,
1689 3887 1758 3932 motu

148 3904 198 3952 lam
210 3905 305 3957 stellam
320 3914 456 3963 memorato
470 3928 573 3967 numero
587 3918 691 3987 dierum,
713 3924 746 3975 ita
765 3932 793 3977 ut
811 3930 929 3991 maiorem
959 3936 1081 3988 ,nitentes
1092 3942 1227 4005 contrario,
1242 3946 1273 3995 ad
1286 3948 1395 4001 solatum
1405 3966 1479 4008 snum
1494 3962 1640 4019 quotidianis
1659 3966 1755 4020 diebus.

146 3993 245 4055 quidem
254 3994 409 4052 discessionis
420 4003 556 4070 ambitum,
566 4010 656 4072 quiest
666 4014 697 4062 ab
706 4017 756 4067 eois
770 4018 802 4067 ad
813 4021 929 4089 occidua,
975 4025 1028 4077 illae
1039 4030 1120 4079 antem
1132 4033 1273 4085 naturaliter
1291 4038 1409 4093 incedunt
1425 4059 1468 4108 per
1485 4061 1543 4099 suos
1563 4052 1666 4106 circulos
1674 4093 1682 4123 ,
1696 4073 1759 4123 quo·

149 4081 196 4131 boc
206 4086 244 4133 est
254 4085 313 4147 nde,
323 4088 504 4153 quadringentis
518 4097 675 4161 quadraginta
686 4106 744 4153 octo
759 4111 868 4170 peragret
878 4111 931 4163 die-
975 4128 1030 4165 rum
1041 4119 1131 4181 motus,
1153 4126 1226 4185 atque
1245 4126 1359 4191 agitatio,
1374 4131 1486 4187 dissentit
1499 4141 1614 4202 rapientis
1631 4158 1657 4196 se
1669 4150 1757 4202 motui.

146 4166 194 4217 bus
210 4183 216 4217 :
230 4170 350 4223 minomm
362 4188 429 4239 rero,
440 4180 673 4252 depressioremque,
687 4191 711 4241 id
721 4200 760 4243 ert
770 4200 795 4253 et
814 4198 931 4264 ,reliquis
974 4205 1060 4269 ltaque
1071 4209 1183 4270 quoniam
1196 4213 1303 4276 planetes
1319 4222 1405 4282 partim
1420 4224 1539 4290 minores,
1553 4232 1640 4294 partim
1655 4236 1759 4299 maiores

145 4261 243 4307 centurn
257 4260 282 4309 et
294 4261 392 4323 triginta
411 4278 462 4316 sex.
475 4272 588 4323 Maximae
601 4276 721 4339 siquidem
733 4284 889 4339 discessionis
898 4291 931 4341 ab
975 4292 1080 4345 clrcqus
1090 4297 1196 4364 obeunt,
1214 4303 1255 4365 qui
1269 4306 1376 4359 minores
1390 4311 1492 4364 circulos
1506 4317 1636 4370 obeuntia
1655 4323 1694 4377 illa
1711 4325 1758 4377 diei

144 4341 253 4392 occiduis
265 4346 296 4395 ad
308 4360 351 4397 eoa
368 4352 502 4418 prolapsio,
514 4357 561 4409 boe
573 4360 667 4415 dierum
678 4380 780 4422 numero
791 4383 928 4442 revocatur,
974 4386 1102 4451 noctisque
1112 4394 1246 4457 vertigine,
1258 4408 1439 4464 consequuntur
1450 4410 1543 4471 eosqui
1557 4410 1647 4473 pigrius
1660 4428 1758 4480 pmgre·

145 4432 174 4478 ut
184 4429 297 4493 frequens
308 4436 417 4487 referum
429 4440 536 4493 virorum
547 4446 685 4503 observatio
694 4455 773 4517 palam
786 4462 850 4513 lecit.
974 4473 1084 4539 dicutur,
1096 4480 1154 4542 quia
1172 4496 1214 4545 per
1232 4488 1376 4548 prolixiores
1396 4494 1468 4547 orbes
1482 4497 1602 4560 feruntur,
1621 4510 1757 4567 propterea·

178 4519 253 4569 cxli.
271 4523 376 4574 fiursum
387 4527 575 4585 subteritbmc:
974 4575 1024 4624 que
1032 4568 1276 4637 comprehendentes,
1287 4576 1311 4627 ei
1321 4562 1485 4646 ,transeuntes
1496 4589 1666 4651 comprehendi
1681 4594 1712 4644 ab
1728 4595 1758 4647 iis
1797 4591 1800 4601 ⁴

68 4648 72 4655 ,
178 4603 307 4667 ’Lmtind’
323 4611 364 4661 οὗν
377 4616 410 4673 εἰς
420 4618 462 4676 τὴν
472 4621 549 4687 ἐαυτῷ
563 4628 699 4688 πρέπουσαν
711 4632 814 4685 ἕκαστον
833 4638 928 4702 ἀφίκετο
974 4663 1036 4712 quos
1048 4657 1216 4722 praeterierint,
1228 4665 1350 4723 putantur.
1383 4671 1503 4726 comitata
1514 4676 1587 4741 enirn,
1601 4680 1669 4732 verbi
1682 4684 1758 4745 gralia

146 4695 231 4759 φοράν,
245 4705 292 4751 τῶν
306 4702 353 4752 dcc
360 4706 406 4755 ἔδει
418 4709 625 4775 ξυναπεργάζισθαι
641 4722 734 4784 χρόνον,
744 4725 838 4789 δεσμοῖς
844 4748 872 4779 τε
884 4734 926 4797 ip·
973 4737 1043 4799 juxta
1057 4742 1163 4804 primum
1178 4758 1329 4803 momentum
1345 4757 1427 4808 arietis
1444 4764 1511 4813 Luna
1525 4778 1580 4814 curn
1598 4770 1655 4820 Sole
1670 4770 1757 4823 diebus

146 4782 230 4846 ψύχοις
240 4788 341 4851 σώματα
350 4795 444 4846 δεθέντα
456 4804 504 4863 ζῷα
510 4803 614 4868 ἐγενήθη,
624 4808 653 4858 τό
661 4828 687 4861 τε
697 4819 841 4880 προσταχθὲν
848 4821 928 4885 ipsis.
974 4826 1057 4889 viginti
1068 4834 1092 4881 ot
1100 4846 1186 4885 norem
1195 4840 1272 4889 totum
1281 4842 1398 4896 circulum
1408 4850 1507 4915 transit,
1518 4859 1684 4920 ceteriqueet
1694 4864 1757 4927 rige-

179 4876 271 4936 lgitur
280 4881 395 4943 singuiis
406 4891 573 4955 uniuersique
582 4899 643 4959 cpio
652 4902 678 4950 et
686 4901 788 4955 decenti
795 4908 843 4958 sibi
855 4917 929 4964 motu
973 4914 1037 4966 simo
1050 4926 1174 4977 momento
1184 4926 1245 4989 sigui
1251 4928 1363 4990 eiusdem
1375 4936 1457 4987 solem
1467 4946 1687 5015 comprehendens,
1699 4954 1757 5020 quia

484 4991 543 5042 que
561 4996 721 5051 consequens
740 4997 799 5045 eret
816 4999 929 5063 tempore
973 5006 1061 5056 transit
1071 5022 1141 5074 eum,
1150 5016 1224 5077 atque
1238 5020 1398 5085 progreditur,
1409 5026 1565 5095 velutfugere
1577 5047 1642 5100 eum,
1654 5042 1679 5091 et
1692 5056 1756 5095 com·

146 5054 286 5109 provenire
299 5057 410 5110 nectitis
429 5066 567 5127 vitutibus,
588 5072 632 5123 ubl
654 5082 798 5132 canistriciu
815 5098 928 5150 corpora
973 5094 1090 5156 prebeudi
1105 5100 1136 5149 ab
1145 5104 1294 5167 co,videtur.
1327 5112 1755 5184 Eademistaratioetiamincaeteris

148 5134 222 5199 factu
236 5145 301 5194 sunt
312 5148 457 5217 animatia,
467 5157 678 5228 imperatumque
690 5168 848 5225 didicerunt.
974 5182 1056 5247 astris,
1069 5200 1171 5249 quorum
1182 5192 1264 5259 dispar
1274 5210 1361 5253 cursus
1372 5210 1419 5270 est,
1433 5203 1564 5263 inveniturl

146 2953 204 2991 eum
215 2941 241 2991 in
251 2958 267 3000 n
276 2943 438 3008 eritLucifer,
450 2946 571 3001 videbitur
580 2952 605 3003 in
615 2955 753 3007 excelsitate
762 2975 777 3021 γ
787 2961 930 3024 consistere,
976 2970 1057 3031 spatia
1072 2971 1211 3033 complent:

1631 3160 1761 3232 pristinum
1828 3175 1832 3182 '
