3959 5925
515 426 681 500 musque
701 392 911 486 uisoreuns
932 426 981 483 ur
1001 423 1316 484 suecessoanms.
1674 445 1711 485 ιο

118 560 195 635 leges
217 558 291 635 (ια).
318 556 389 615 inde
420 575 566 634 regressus
589 557 705 616 Samum
723 558 784 635 (ιλ)
807 576 896 635 quum
943 568 1045 614 cuncta
1058 556 1152 613 delata
1166 559 1197 613 in
1210 544 1347 631 ‘lunonis
1360 555 1449 613 aedem
1471 555 1529 632 ipsi
1548 556 1721 614 deaecouse·

118 644 329 725 rempublicam
341 665 358 702 a
372 658 497 722 tyranno
510 664 676 723 oppressam
692 659 722 705 et
744 644 896 723 perturba-
943 656 1076 714 cararent,
1098 663 1159 720 prat
1182 662 1213 701 se
1226 644 1366 715 ferentes,
1389 662 1459 700 vera
1477 658 1646 702 ornamenta
1661 664 1721 703 ma-

118 748 174 792 tam
197 734 384 804 offendisset,
401 733 554 791 Crotonem
576 736 607 792 in
629 734 714 792 ltalia
733 734 839 811 petiit..
851 733 897 791 lbi
943 745 1091 789 tronarum
1103 730 1288 808 pudicitiam,
1302 751 1362 788 uon
1376 744 1469 789 vestes
1483 751 1555 791 esse.
1569 732 1603 789 ln
1614 733 1721 809 juven-

119 823 195 899 leges
210 820 290 879 ltalis
312 820 392 877 dedit
417 820 596 897 multumque
617 822 693 899 apud
717 821 897 879 Crotoniatas
943 831 1003 876 tute
1018 838 1134 895 quoque
1147 831 1287 895 qnantum
1301 819 1441 876 vitiorum
1461 819 1646 895 profligatum
1670 822 1719 893 sit,

118 910 292 967 auctoritate
318 927 382 965 cum
405 907 557 985 discipulis
576 909 683 979 valuit,
709 908 759 984 qui
778 908 896 964 trecenti
944 907 1014 963 victi
1048 907 1218 964 seminarum
1244 920 1426 965 contumaces
1450 910 1541 965 animi
1563 909 1719 969 declarant.

121 998 211 1055 ferme
233 998 274 1053 ita
302 996 461 1072 prudenter
482 993 692 1073 rempublicam
710 995 898 1052 administra·
943 991 1029 1061 Quod
1048 993 1195 1069 reliquum
1206 1006 1260 1065 est,
1276 995 1358 1053 auxit
1372 993 1606 1053 Crotoniatarum
1621 998 1722 1055 civita·

119 1082 205 1153 bant,·
228 1094 259 1139 ut
281 1100 374 1159 prope
399 1081 581 1158 optimatium
613 1081 717 1138 civitas
742 1081 897 1138 videretur.
943 1080 981 1137 tis
1001 1080 1123 1155 gloriam
1145 1101 1205 1138 non
1230 1084 1324 1140 solum
1346 1083 1595 1160 Pythagoreorum
1621 1086 1721 1143 multi-

120 1170 211 1228 Porro
225 1169 366 1247 populum
384 1169 415 1225 in
435 1168 581 1226 luxuriam
596 1169 709 1246 lapsum
726 1168 762 1226 ad
778 1169 897 1243 frugali·
943 1169 1028 1240 tudo,
1051 1168 1102 1227 sed
1122 1170 1207 1227 etiam
1233 1170 1304 1229 lililo
1327 1171 1433 1231 athleta
1458 1172 1566 1231 nobilis
1587 1172 1723 1249 idemque

117 1272 202 1316 tatem
229 1258 389 1317 revocavit.
416 1257 500 1325 Quod
522 1277 581 1334 quo
605 1256 714 1315 facilius
737 1256 899 1334 obtineret,
942 1256 1115 1333 Pythagorae
1126 1258 1177 1315 diu
1188 1257 1219 1314 in
1232 1277 1267 1315 ea
1279 1258 1353 1317 urbe
1364 1263 1535 1319 commorati
1551 1261 1722 1338 discipulus,

119 1346 252 1405 laudabat
280 1345 412 1422 quotidie
436 1346 591 1415 virtutem,
608 1345 681 1402 vitia
700 1344 824 1401 luxuriae
847 1365 895 1403 ca·
944 1363 1030 1420 quem
1041 1345 1261 1423 plurimaatque
1268 1367 1303 1404 ea
1314 1347 1431 1424 quidem
1442 1349 1630 1408 incredibilia
1639 1351 1722 1409 mrti·

116 1451 224 1511 susque
238 1434 390 1491 civitatum
417 1451 451 1490 ea
475 1446 555 1511 peste
578 1432 757 1510 perditarum
780 1451 898 1491 enutne-
944 1434 1054 1491 tu'dinis
1068 1434 1241 1492 documenta
1254 1434 1367 1494 dedisse
1383 1449 1496 1495 veteres
1517 1439 1720 1497 testificantur.

117 1542 184 1581 rans
203 1522 275 1599 (ιη).
297 1520 444 1579 Matronas
465 1540 581 1597 qnoque
600 1539 730 1579 seorsum
751 1520 854 1577 aviris
869 1534 898 1579 et
943 1520 1016 1589 Quis
1043 1534 1139 1579 autem
1165 1522 1280 1593 credat,
1309 1522 1387 1599 quod
1423 1536 1467 1580 est
1491 1524 1568 1599 apud
1604 1524 1722 1582 Strabo-

117 1629 226 1685 pueros
237 1610 390 1688 separatim
404 1629 421 1667 a
438 1609 609 1687 parentibus
624 1608 659 1666 ad
674 1607 898 1685 hene'beateque
944 1630 1010 1667 nem
1026 1610 1104 1689 (ιθ),
1121 1610 1199 1669 hunc
1218 1611 1376 1687 aliqnando
1396 1613 1534 1669 columna
1547 1613 1579 1669 in
1590 1612 1721 1690 philoso-

117 1698 278 1755 vivendum
303 1698 469 1774 frequenter
490 1697 625 1757 instituit.
664 1694 792 1753 Docebat
821 1714 898 1753 nuuc
946 1696 1071 1774 phorum
1096 1696 1288 1757 contubernio
1314 1698 1427 1757 ruinam
1455 1701 1584 1755 minante
1604 1698 1636 1755 in
1659 1700 1723 1771 ejus

117 1784 171 1841 has
196 1783 366 1861 pudicitiam
391 1797 419 1842 et
446 1786 618 1861 obsequium
643 1784 673 1840 in
699 1784 796 1853 viros,
820 1802 898 1842 nuuc
945 1784 1042 1843 locum
1066 1785 1193 1845 subiisse
1209 1807 1300 1864 eaque
1324 1787 1438 1844 ratione
1463 1799 1492 1844 et
1519 1787 1650 1864 reliquos
1663 1806 1724 1845 ser·

118 1871 189 1928 illos
208 1853 380 1928 modestiam
397 1870 566 1946 litterasque
590 1883 619 1927 et
641 1870 782 1945 ingenuas
808 1883 895 1931 artes.
944 1892 1138 1933 vasseomnes
1151 1887 1179 1932 et
1193 1893 1226 1932 se
1238 1876 1333 1952 ipsum
1348 1873 1540 1933 subduxisset
1557 1874 1724 1953 Discipulo·

117 1957 195 2023 luter
207 1958 268 2017 haec
279 1958 359 2016 velut
369 1958 540 2034 genitricem
551 1958 691 2016 virtutum
706 1956 898 2033 frugalitatem
945 1982 1010 2021 rum
1022 1982 1175 2021 numerum
1188 1963 1239 2020 alii
1249 1961 1401 2039 majorem,
1415 1961 1466 2019 alii
1480 1962 1623 2019 minorem
1635 1962 1725 2020 luisse
1790 1999 1792 2002 ν

117 2045 254 2105 omuibus
265 2044 505 2118 commendabat,
519 2058 748 2122 consecutusque
762 2046 898 2124 disputa·
946 2052 1138 2128 scripserunt.
1154 2049 1212 2120 Qui
1224 2052 1368 2108 minorem
1378 2050 1486 2107 faciunt
1495 2062 1640 2107 trecentos
1652 2050 1723 2125 (ιθ),

117 2135 227 2193 tionum
254 2133 425 2193 assiduitate
451 2147 528 2215 erat,
554 2147 587 2191 ut
614 2146 753 2191 matronae
783 2148 897 2193 auratus
947 2137 1000 2213 qui
1026 2136 1164 2213 majorem
1193 2148 1343 2194 sexcentos
1357 2136 1414 2193 'vel
1440 2136 1538 2214 plures
1562 2136 1726 2213 discipulos

118 2235 212 2279 vestes
249 2234 411 2297 caeteraque
445 2221 596 2296 dignitatis
631 2241 691 2279 snae
719 2234 896 2293 ornamenta,
947 2222 1119 2300 Pythagora
1138 2223 1272 2282 tribuunt
1296 2220 1365 2302 (ιγ).
1381 2222 1535 2299 Utcunque
1559 2235 1612 2295 est,
1633 2240 1723 2299 quum

117 2322 253 2386 tanquam
266 2310 459 2367 instrumenta
470 2309 595 2367 luxuriae
607 2307 796 2385 deponerent,
808 2328 899 2386 eaque
946 2310 989 2367 illi
1006 2312 1126 2370 trecenti
1146 2312 1270 2388 juvenes
1294 2313 1469 2387 (sequamur
1491 2311 1569 2368 enim
1592 2329 1626 2368 ea
1645 2312 1678 2367 in
1692 2328 1724 2366 re

615 2472 945 2487 m

115 2586 241 2648 προρήταις
262 2584 300 2632 ἐπὶ
317 2583 404 2646 σοφίᾳ·
421 2586 462 2631 καί
480 2584 502 2638 ἐς
519 2583 549 2630 τὰ
564 2583 638 2631 ἄδυτα
658 2584 776 2632 κατελθὼν
787 2584 897 2645 ίξίμαθον
943 2588 1114 2646 γιγνομὲνουςῆ
1130 2590 1177 2633 τῶν
1195 2584 1287 2634 οΙιιείων
1304 2584 1503 2647 ἐπιμελουμένους.
1514 2584 1562 2632 ast
1578 2583 1668 2640 τούτοις
1681 2584 1725 2644 οὐχ

115 2656 156 2711 τὰς
172 2654 267 2717 βίίλους
282 2654 325 2710 τὰς
337 2654 412 2717 Ὤρου
429 2656 470 2702 καί
491 2654 587 2709 Ἴσιδος.
604 2653 688 2701 Cicero
704 2652 735 2701 de
757 2652 797 2702 fin.
814 2652 855 2702 lib.
866 2656 907 2711 V,·
944 2655 993 2703 olo'v
1004 2672 1030 2703 τε
1040 2656 1159 2703 ἀπιστεῖν·
1174 2655 1208 2704 ίτι
1218 2655 1263 2717 γὰρ
1272 2655 1313 2702 acl
1324 2659 1364 2703 νῦν
1374 2654 1427 2709 τοὺς
1444 2655 1655 2715 προσποιουμένους
1665 2653 1721 2703 ἐκεί·

116 2732 146 2775 29
160 2746 166 2773 :
178 2744 190 2767 α
203 2738 247 2773 cnr
261 2725 313 2786 ipse
328 2725 476 2785 Pythagoras
492 2726 518 2773 et
530 2726 658 2786 AEgyptnm
680 2724 791 2772 lustravit
805 2726 830 2773 el
845 2726 900 2772 Per·
942 2740 983 2773 νου
998 2725 1101 2786 μαθητὰς
1116 2726 1174 2773 εἶναι
1188 2725 1274 2785 μᾶλλον
1291 2728 1405 2785 σιγῶντας
1424 2725 1579 2786 θαυμάζουσιν
1590 2724 1670 2780 ἢτοίις
1686 2725 1725 2771 ἐπὶ

116 2808 196 2844 aarum
211 2808 294 2855 magos
308 2794 387 2843 adiit?
397 2808 442 2843 cnr
455 2797 533 2843 tantas
556 2796 663 2855 regiones
685 2793 845 2843 harbarorum
857 2806 899 2853 pe·
943 2799 977 2856 τῷ
987 2796 1061 2855 λε’γειν
1071 2795 1181 2857 μεγίστην
1191 2795 1258 2850 δόξαν
1267 2793 1370 2857 ἔχοντας.
1381 2793 1541 2854 Pythagoram
1550 2805 1608 2840 curu
1617 2792 1725 2841 Hebraeis

116 2864 188 2913 dibus
198 2864 278 2913 obiiti
288 2877 331 2913 cur
346 2868 382 2913 tot
399 2865 476 2913 maria
492 2858 643 2915 transmisit?
655 2884 667 2907 ν
681 2863 798 2926 Apuleius
808 2862 898 2912 vtorid.
945 2869 1068 2913 versatum
1084 2865 1158 2913 luisse
1176 2864 1210 2913 ait
1224 2862 1371 2925 Porphyrius
1386 2862 1410 2911 iu
1424 2862 1476 2923 ejus
1495 2863 1546 2910 rita
1566 2874 1618 2923 cap.
1640 2868 1728 2911 tuta.

116 2948 170 2997 pag.
188 2940 232 2986 129
248 2954 254 2984 ι
267 2954 280 2978 ι
293 2936 355 2984 suut
368 2937 409 2996 qui
423 2934 581 2997 Pythagoram
592 2934 658 2998 ajant
666 2946 696 2984 eo
708 2934 824 2996 temporis
837 2932 900 2981 inter
944 2935 1057 2984 Similiter
1069 2935 1216 2998 Hermippus
1227 2934 1291 2998 apud
1307 2936 1440 2996 losephum
1451 2932 1543 2982 advers.
1557 2932 1643 2994 Apion.
1655 2930 1698 2982 ΙΙΙ).
1713 2941 1722 2982 Ι

116 3005 226 3066 captivos
244 3003 369 3066 cambyses
388 3005 462 3067 regis,-
482 3007 611 3068 AEgyptum
629 3017 709 3067 quum
731 3003 898 3062 adveheretur,
945 3005 1069 3055 contendit
1082 3019 1138 3057 eum
1157 3006 1233 3054 πολλὰ
1243 3011 1290 3054 τῶν
1301 3006 1364 3068 παρὰ
1382 3004 1502 3060 Ἰουδαίοις
1518 3002 1625 3067 νομίμων
1634 3004 1666 3060 είς
1681 3005 1724 3061 τὴν

117 3074 232 3122 doctores
252 3073 361 3123 habuisse
373 3075 501 3123 Persarum
524 3087 605 3134 magos
619 3087 647 3123 ac
664 3073 786 3136 precipue
806 3078 897 3124 zoroa-
945 3077 1029 3123 ἑαυτοῦ
1044 3081 1188 3139 μετενεγκεῖν
1199 3073 1342 3138 ριλοσορίον.
1358 3074 1395 3123 ct.
1421 3075 1487 3135 orig.
1506 3079 1590 3121 contra
1606 3074 1671 3123 Cels.
1684 3073 1726 3122 lih.

118 3147 209 3205 strem,
222 3142 302 3191 omnia
315 3143 388 3192 divini
405 3145 487 3193 arcani
501 3143 649 3204 antistitem,
664 3145 796 3206 posteaque
807 3158 863 3194 enm
884 3157 899 3192 a
944 3147 965 3193 Ι.
981 3171 1013 3184 -
1027 3147 1076 3208 (ΙΙ)
1090 3147 1180 3196 Justiu.
1203 3146 1243 3194 ΙΙΙ).
1263 3147 1307 3194 xit
1321 3158 1375 3206 cap.
1393 3147 1416 3193 Ι.
1433 3144 1529 3205 -(13)
1551 3143 1620 3206 Diog.
1644 3145 1724 3193 Laert.

117 3213 223 3276 quodam
231 3214 295 3264 Gillo
304 3215 495 3266 crotoniensium
505 3216 611 3278 principe
624 3215 788 3277 reciperatum.
797 3219 900 3264 Verum·
944 3215 985 3264 lib.
1000 3219 1067 3278 ΙΙΙΙΙ,
1082 3221 1097 3264 3
1110 3235 1117 3264 ι
1131 3217 1182 3265 εἶτα
1193 3217 1317 3275 ἐπανῆλθεν
1333 3217 1365 3270 εΙς
1383 3214 1474 3276 Σάμον,
1489 3214 1530 3262 καί
1539 3215 1612 3274 εθρων
1627 3214 1669 3273 τὴν
1680 3230 1725 3263 πα·

113 3269 244 3332 'enimvero
262 3281 379 3332 celebrior
401 3285 466 3333 tama
492 3285 598 3347 obtinet,
625 3286 712 3347 sponte
737 3297 793 3334 eum
815 3284 900 3345 petisse
943 3287 1010 3349 τρίδα
1022 3289 1203 3351 τυραννουμένην
1221 3289 1268 3336 ὑπὸ
1287 3286 1449 3350 Πολυκράτους
1466 3285 1552 3346 ἀπῆρεν
1563 3285 1595 3341 sl<
1613 3285 1726 3348 Κροιωνα

119 3353 243 3416 AEgypliaa
264 3352 402 3415 disciplinas
412 3389 419 3416 ,
437 3357 510 3418 alque
526 3355 559 3403 ini
571 3369 585 3403 a
604 3354 771 3405 sacerdotibus
787 3367 902 3404 uteremu-
943 3363 984 3414 τῆς
996 3357 1102 3413 Ἰταλίας·
1116 3358 1186 3405 edati
1197 3356 1283 3418 νόμους
1291 3357 1336 3410 θείς
1346 3361 1393 3410 τοῖς
1405 3355 1546 3409 Ἰταλιώταις
1556 3355 1668 3412 ἐδοξάσθη
1678 3357 1721 3403 σιλν

117 3426 211 3474 uiarum
235 3423 395 3474 iucr'edendas
411 3426 549 3486 potentias,
572 3439 727 3474 numerorum
745 3425 901 3476 admirandas
944 3433 994 3483 τοῖς
1013 3428 1135 3489 μαθηταῖς·
1158 3427 1180 3474 σί
1197 3427 1249 3491 περί
1262 3426 1315 3482 τοὺς
1335 3426 1482 3488 τριακοσίους
1505 3425 1568 3479 ὄντες
1590 3426 1726 3488 ᾠκονόμουν

117 3496 196 3556 vices,
209 3495 349 3558 geometria
368 3495 547 3546 sollertissimas
572 3497 689 3546 formulas
713 3494 834 3558 didicisse,
856 3498 898 3546 sed
945 3501 1030 3563 ἄριστα
1049 3498 1210 3560 τὰπολιτιπυί,
1233 3500 1295 3546 ὥστε
1315 3499 1398 3561 σχεδὸν
1414 3495 1593 3558 ἀριστοκρατίαν
1611 3497 1670 3545 ιΙναι
1682 3502 1724 3555 ιγ’,ν

117 3580 162 3616 uec
177 3569 215 3616 hia
226 3567 322 3615 artibus
333 3567 409 3616 animi
420 3566 544 3630 expletum
558 3581 613 3616 mor
626 3565 835 3628 chaldaeamque
846 3567 901 3623 iude
945 3568 1071 3618 πολιτείαν.
1082 3567 1171 3617 strabo
1181 3566 1223 3614 ΙΙΙ).
1232 3569 1289 3615 xiv
1299 3579 1351 3628 cap.
1362 3570 1387 3626 Ι,
1400 3571 1428 3614 tu
1436 3578 1488 3626 pag.
1499 3570 1545 3613 stu
1555 3565 1594 3613 ed.
1605 3567 1724 3616 creauit:

118 3639 291 3698 Brachmanae,
314 3638 354 3698 (Ιιί
368 3639 488 3699 sapientes
500 3638 545 3686 viri
564 3640 634 3698 sant,
654 3637 730 3688 India
753 3649 812 3698 gens
827 3639 864 3686 est
876 3638 900 3698 ι)
947 3640 985 3686 tri
999 3639 1084 3688 τούτου
1097 3637 1155 3699 (τοῦ
1167 3636 1347 3699 Πολυκράτους)
1358 3636 1383 3683 δὲ
1395 3637 1434 3682 καί
1446 3636 1584 3696 Πυθαγόραν
1593 3637 1726 3698 Ιστοροῡσιν

115 3720 202 3756 eorum
223 3707 474 3768 ergoBrachmaaum
490 3707 707 3769 Gymnosophistas
723 3707 808 3756 adisse.
823 3708 900 3756 Chai·
945 3709 1025 3757 Ιδόνια
1033 3709 1149 3769 φυομένην
1161 3709 1203 3764 τὴν
1212 3705 1334 3767 τυραννίδα
1347 3707 1448 3754 ἐκλιπεῖν
1461 3708 1503 3763 τὴν
1520 3707 1586 3755 πόλιν
1597 3707 1637 3754 καί
1654 3707 1726 3755 ἀπελ·
1810 3762 1812 3766 ,

115 3777 163 3827 daei
189 3776 317 3826 sideralem
348 3777 491 3839 scientiam,
516 3777 633 3826 luminum
659 3778 797 3838 vagantium
826 3779 901 3826 elutos
947 3781 996 3827 θεῖν
1004 3780 1035 3833 είς
1046 3777 1161 3837 Αίγνπτον
1169 3777 1210 3824 καί
1220 3775 1347 3824 Βαθυλῶνα
1356 3775 1503 3837 φιλομαθείας
1516 3775 1592 3837 χάριν·
1604 3776 1728 3825 ἐπανιόντα

115 3849 233 3910 ambitus,
245 3851 407 3912 utrorumque
418 3848 496 3897 varios
506 3849 607 3898 allectus
618 3849 642 3899 Ια
653 3847 901 3910 geniturishominum
947 3851 966 3901 δ’
980 3853 1079 3913 ἐκεῖθεν,
1091 3851 1221 3913 θρῶνταίτι
1230 3850 1393 3912 συρμίνουσαν
1402 3851 1442 3906 τὴν
1451 3850 1585 3911 τυραννίδα,
1595 3851 1729 3900 πλεύσαντα

117 3919 246 3969 ostendere
260 3937 267 3967 ι
281 3932 326 3968 uec
349 3932 397 3967 non
419 3919 530 3968 medendi
545 3920 651 3969 remedia
670 3918 827 3978 mortalibus,
845 3919 901 3968 latis
948 3924 980 3978 εΙς
991 3921 1093 3971 Ἰταλίαν
1106 3920 1156 3969 ἐκεῖ
1166 3920 1296 3969 διατελέσαι
1307 3920 1346 3967 τὸν
1357 3919 1416 3980 βίον.
1430 3919 1580 3969 lamblichus
1595 3920 1638 3971 vit
1655 3922 1726 3984 Pyih.

118 3990 241 4050 pecuniis,
256 3991 322 4038 terra
336 3991 446 4051 coeloque
464 3993 488 4038 et
498 3991 560 4039 mari
578 3991 723 4052 mnqnisita.
744 3990 901 4040 Brachmanae
948 3996 967 4042 Ι.
985 3996 1013 4041 ΙΙΙ
1025 4011 1032 4040 ι
1045 3992 1113 4053 φησίν
1123 3991 1245 4052 &pretatur
1260 3989 1299 4038 τὸν
1310 3989 1480 4052 Πυθαγορανίξ
1493 3989 1583 4046 Ἰωνίας
1594 3996 1634 4039 καὶ
1647 3993 1728 4054 Σάμου

118 4062 199 4108 antem
216 4059 329 4121 pleraque
339 4058 495 4122 philosophiae
508 4059 560 4121 ejus
572 4061 727 4110 contulerunt
743 4073 750 4103 τ
767 4073 823 4122 que
834 4075 901 4111 meu-
946 4064 1008 4112 κατὰ
1016 4063 1058 4120 τὴν
1073 4060 1235 4123 Πολυκράτους
1246 4060 1381 4122 τυραννίδα,
1392 4059 1539 4121 ἀκμαζούσης
1551 4061 1656 4117 Ἰταλίας.
1672 4062 1729 4110 ovi-

119 4129 338 4188 tiumdocumeula,
351 4141 406 4192 quta
413 4133 812 4194 corporumexercuameuuquot
823 4135 902 4193 partes
948 4134 1003 4182 dius
1016 4132 1174 4193 hicumorph.
1188 4130 1232 4179 tih.
1250 4132 1383 4190 Πίου-ολ
1399 4129 1429 4177 de
1444 4131 1580 4191 Pythagora
1589 4131 1653 4191 apud
1665 4132 1726 4178 Cro-

119 4199 210 4258 animi;
225 4211 286 4262 quot
300 4197 365 4248 vices
379 4200 443 4261 vitae,
456 4201 565 4262 qnmdiis
576 4203 687 4251 manibus
700 4214 743 4264 pro
757 4201 843 4250 merito
856 4215 901 4251 sno
948 4204 1051 4253 ioniatas
1065 4203 1165 4264 degente
1179 4219 1185 4248 ι
1199 4219 1212 4242 ι
1225 4201 1267 4248 Vir
1280 4199 1326 4248 luit
1340 4198 1381 4247 hic
1390 4201 1444 4248 ortu
1458 4201 1567 4257 samius,
1579 4199 1622 4248 sed
1637 4200 1729 4259 ingerat

117 4269 207 4330 mique
215 4273 333 4317 tormenta
344 4271 381 4319 vel
394 4273 520 4332 praemia„
531 4274 647 4320 isocrates
657 4272 720 4320 laud.
733 4272 813 4321 θυσία.
827 4275 901 4322 att-us
946 4287 994 4322 una
1009 4274 1034 4322 et
1047 4275 1135 4322 samon
1146 4273 1171 4320 et
1181 4270 1292 4318 dominos
1303 4267 1408 4331 odioque
1418 4269 1550 4331 tyrannidis
1560 4269 1627 4318 exsui
1637 4270 1724 4330 sponte

119 4352 145 4401 p.
161 4342 205 4388 asi
220 4339 258 4387 etl.
271 4339 373 4388 Bethar.
390 4354 396 4382 ι
411 4341 461 4405 ίχυι
475 4343 496 4388 δ’
511 4341 539 4390 ἂν
552 4359 586 4398 τις
605 4343 637 4406 μὴ
652 4342 758 4391 σπεύδειν
768 4344 901 4405 ὡρμημένος
946 4346 1005 4393 erat.
1021 4362 1034 4386 ν
1050 4371 1080 4384 .-
1095 4342 1145 4403 (tt)
1158 4339 1270 4389 tustinus
1291 4339 1333 4387 lih.
1355 4341 1399 4388 lix
1414 4352 1466 4400 cap.
1488 4345 1513 4388 t.
1527 4365 1556 4374 -
1572 4338 1621 4395 tta)
1640 4338 1728 4387 Strabo

118 4410 195 4458 πολλὰ
205 4411 245 4458 καὶ
256 4411 380 4472 Θαυμαστὰ
391 4413 443 4474 περὶ
459 4417 499 4470 τῆς
514 4411 635 4470 ὁσιότητος
651 4411 727 4460 αὐτῶν
745 4412 853 4472 διελθεῖν,
873 4417 902 4471 ἣν
947 4413 988 4462 lib.
1002 4415 1037 4462 vt
1046 4425 1097 4474 cap.
1111 4415 1132 4473 1,
1147 4416 1176 4461 ta
1191 4425 1214 4473 p.
1228 4415 1273 4460 θθθ
1287 4409 1326 4459 ed.
1339 4409 1442 4458 Gasattb.
1453 4422 1459 4451 t
1469 4408 1600 4473 προσέλαθε
1613 4408 1638 4455 tt
1648 4412 1677 4470 τῇ
1689 4408 1728 4457 hi·

119 4480 173 4528 οὔτε
187 4481 256 4542 μόνος
278 4481 330 4528 οὗτε
353 4487 441 4543 πρῶτος
457 4482 504 4542 ἐγὼ
525 4481 634 4545 τυγχάνω
657 4483 825 4545 καθεωρακὼς,
844 4483 902 4530 ἄλλα
948 4485 1026 4547 ξῃιιαὶ
1040 4484 1068 4532 τὸ
1083 4488 1131 4531 τῶν
1146 4482 1310 4544 Πυθαγορείων
1324 4481 1409 4539 πλῆθος
1421 4480 1461 4527 παλ
1473 4481 1559 4533 Μίλων,
1575 4479 1729 4538 ἐπιφανέστα-

120 4550 203 4597 πολλοΙ
218 4551 271 4598 mi·
284 4555 332 4598 τῶν
351 4551 423 4599 ὄντων
441 4552 482 4599 καὶ
504 4557 552 4600 τῶν
569 4553 795 4616 προγεγενημένων,
809 4553 841 4601 ὧν
862 4555 901 4602 καὶ
946 4573 985 4611 τος
1001 4555 1043 4617 μὲν
1052 4557 1100 4602 τῶν
1118 4554 1222 4611 ἀθλητῶν
1232 4553 1346 4613 γεγονώς,
1362 4550 1471 4610 ὁμιλητὴς
1484 4550 1508 4596 δὲ
1525 4547 1671 4611 Πυθαγόρου,
1682 4551 1729 4598 θια-

120 4621 257 4683 ΙΙυθαγόρας
269 4622 283 4668 ὁ
297 4621 383 4684 Σάμιός
397 4623 468 4671 ἐστιν·
490 4623 515 4680 ὃς
530 4624 666 4686 ἀφικόμενος
681 4625 712 4680 είς
731 4622 846 4684 Αλγυπτον
862 4626 902 4673 acl
946 4626 1067 4688 τρίψοντος
1077 4625 1100 4672 tv
1113 4628 1142 4686 τῇ
1155 4622 1221 4672 πόλει
1233 4622 1304 4671 πολὺν
1316 4620 1406 4683 χρόνον.
1417 4619 1484 4668 (haul
1494 4617 1515 4690 θ’
1529 4619 1553 4666 ἐν
1564 4623 1598 4681 τῷ
1612 4620 1729 4684 συσσιτίῳ

121 4692 224 4751 μαθητὴς
238 4691 333 4740 ἐκείνων
349 4692 471 4756 γενόμενος
482 4695 523 4751 τήν
541 4711 566 4742 τε
586 4695 656 4753 ἄλλην
670 4694 804 4755 φιλοσοφίαν
814 4699 902 4757 πρῶτος
946 4698 1004 4744 ποτὲ
1013 4695 1059 4742 τῶν
1068 4692 1199 4752 ριλοσόρων
1208 4694 1351 4747 πονήσαντος
1364 4689 1448 4738 στύλον
1457 4689 1496 4737 τὸν
1508 4688 1603 4736 Μιλωνα
1611 4690 1729 4739 ὑποδύντα

119 4763 151 4816 sle
164 4761 220 4816 τοίις
237 4761 352 4820 Ἓλληνας
365 4763 473 4826 ἐκόμισε,
487 4765 527 4812 sul
538 4765 568 4813 τὰ
577 4770 633 4827 περὶ·
648 4767 688 4820 τὰς
707 4764 787 4820 θυσίας
803 4765 844 4813 καί
861 4765 902 4819 τὰς
947 4771 1023 4814 σῶσαι
1039 4764 1157 4824 ἅπαντας,
1169 4764 1307 4812 θποσποίσαι
1317 4760 1390 4809 δὲκαὶ
1405 4759 1494 4807 ἑαυτόν.
1504 4785 1537 4794 -
1549 4760 1597 4821 (ΙΙΙ)
1612 4760 1731 4822 Diogenes

120 4831 239 4893 ἁγιστείας
247 4833 288 4888 τὰς
300 4834 324 4880 tv
338 4821 387 4900 τλϊς
402 4837 472 4898 ἱεροῖς
484 4835 659 4898 ἐπιφανέστερον
667 4841 714 4884 τῶν
728 4835 804 4883 ἄλλων
814 4835 901 4885 θσποίι-
947 4833 1055 4884 Laertius
1065 4833 1106 4882 lib.
1122 4835 1188 4890 Viti,
1206 4837 1228 4880 ³.
1242 4831 1333 4880 Justiu.
1354 4830 1370 4878 Ι.
1386 4841 1408 4877 e.
1426 4829 1542 4888 Athenag.
1557 4827 1600 4889 hg.
1614 4841 1657 4890 pro
1670 4829 1728 4876 chr.

119 4902 202 4958 δοσιν,
222 4903 362 4966 ἡγούμενος,
384 4905 404 4953 el
425 4906 465 4952 καί
484 4906 553 4967 μηδὲν
572 4906 636 4968 αὐτῷ
647 4906 685 4954 διὰ
697 4909 770 4954 ταῦτα
784 4906 853 4954 πλέον
867 4905 901 4966 γί-
947 4919 972 4968 ρ.
991 4907 1021 4953 θθ
1036 4906 1116 4952 :otro
1136 4904 1177 4950 sat
1196 4902 1334 4964 Πυθαγόρας
1348 4899 1390 4959 μὲν
1406 4899 1455 4961 ἅμα
1468 4900 1610 4960 τριακοσίοις
1631 4898 1731 4960 ἑταίροις

119 4985 197 5031 matta
212 4971 276 5034 παρὰ
292 4978 340 5022 τῶν
357 4976 430 5035 θεῶν,
446 4975 494 5023 ἀλλΙ
506 4974 546 5024 οὖν
559 4977 657 5038 παράγε
674 4979 723 5028 τοῖς
735 4974 863 5035 ἀνθρώποις
876 4975 901 5022 ἐκ
946 4976 1096 5037 κατεφλέχθη.
1106 4973 1224 5022 tustanus
1232 4971 1288 5018 vttt.
1298 4971 1363 5044 nupt.
1374 4982 1427 5030 etp.
1437 4975 1452 5018 θ
1463 4988 1469 5016 ι
1481 4968 1557 5017 καίτοι
1567 4969 1611 5030 οὐχ
1620 4968 1661 5027 είς,
1672 4969 1730 5017 ἄλλα

119 5037 902 5107 mumadam·aamgrpq,22.‚ama1pmtwgepwe.
946 5047 1074 5110 τριακόσιοι
1086 5043 1171 5106 σχεδὸν
1183 5043 1295 5099 ἐώνηνται
1310 5040 1372 5089 κατὰ
1384 5041 1461 5088 κοινὸν
1472 5040 1543 5088 αὐτὸν
1559 5040 1611 5098 (τὸν
1622 5039 1728 5100 Πυθαγό·
1759 5075 1767 5084 .

120 5124 160 5158 W
169 5110 214 5174 rap
226 5111 380 5177 ῑῦδθίίᾳτοίνς
394 5117 476 5172 ἄλλους
485 5117 640 5179 θπερίθαλεν,
650 5117 711 5164 ὥστε
725 5117 765 5164 καί
779 5117 833 5173 τοὺς
842 5132 901 5165 νεω·
946 5117 1011 5180 ραν).
1020 5143 1049 5151 -
1060 5116 1110 5174 (17)
1126 5113 1192 5172 Diog.
1209 5114 1288 5161 baert.
1302 5111 1343 5160 lib.
1359 5111 1428 5169 vill,
1442 5115 1487 5159 ts:
1502 5116 1549 5158 τῶν
1561 5125 1586 5157 τε
1600 5110 1729 5163 ἑξακοσίων

121 5181 198 5250 sipont
221 5183 324 5240 ἅπαντας
345 5186 463 5248 ἐπιθυμεῖν
483 5187 556 5236 αίποῦ
575 5187 677 5249 μαθητὰς
698 5186 771 5244 εἶναι,
790 5189 830 5234 καὶ
850 5187 902 5242 τοὺς
947 5187 990 5235 οιλε
1001 5184 1106 5239 ἐλάττους
1124 5183 1162 5230 ἐπὶ
1179 5182 1222 5236 τὴν
1237 5173 1369 5244 νυκτερινὴν
1384 5179 1497 5242 ἀκρόασιν
1515 5179 1622 5236 ἀπήντων
1642 5179 1726 5227 αὑτοῦ.

121 5251 289 5316 πρεσθυτέρους
301 5255 366 5313 ἥδιον
375 5255 430 5320 θρᾷν
439 5255 492 5313 τοὺς
508 5257 593 5312 παῖδας
606 5256 659 5311 τοὺς
669 5257 745 5305 αὐτῶν
756 5257 837 5318 ἐκείνῳ
847 5273 902 5318 συγ·
948 5257 1033 5306 suidas
1045 5268 1069 5304 v.
1079 5253 1203 5316 γνώριμος·
1214 5253 1335 5316 γνώριμοι,
1345 5250 1460 5313 φοιτηταί.
1470 5244 1608 5312 Πυθαγόρας
1618 5250 1632 5296 ὅ
1641 5248 1729 5310 &lewe

1617 5345 1643 5377 ιι.
