3959 5925
714 411 950 472 FRAGMENTA
972 407 1157 468 Mentula,
1683 419 1717 468 ts

139 545 213 626 ρόόον
228 548 242 602 ὁ
256 545 334 622 νόμος
347 543 587 623 ε’μπαρασκευοίζεν,
602 541 648 600 τὰν
662 542 689 599 δὲ
703 543 768 600 αἰδῶ
781 541 812 600 nt
827 541 900 600 ἔθεα·
953 541 1037 598 totns.
1078 537 1125 599 Διδ
1146 539 1186 596 δεῖ
1208 535 1258 604 τὼς
1278 537 1415 615 νομοθέτας
1435 539 1479 598 καί
1503 536 1553 604 τὼς
1574 536 1720 616 ἀγελόρχας

140 635 176 692 τοὶ
188 635 238 712 γὰρ
251 630 391 698 ἐθισθέντες
401 633 486 697 καλῶς
496 631 623 689 αἰδέονται
634 629 667 688 τδι
677 629 772 707 αῖσχρδι
782 629 906 705 πρόσσεν·
954 628 1093 706 ἐπιμελέως
1114 626 1273 706 παρατηρίν,
1288 629 1310 684 τί
1328 627 1469 704 ίπιμιλίως
1483 629 1601 685 ἀσκεῖται
1614 625 1647 684 τίι
1661 627 1731 686 itta.

140 719 190 777 ὅδὲ
205 719 280 793 λόγος
292 718 338 775 τὰν
351 717 496 794 ἐπιθυμίαν·
511 717 611 795 αἰγεσγθν
629 715 679 795 γδρ
689 725 734 782 τᾶς
747 715 829 781 αἰτίας
843 714 908 772 ἀπό·
954 717 998 774 καλ
1008 717 1112 792 ὁμαλῶς
1122 714 1258 795 πορεύεται
1271 713 1313 772 διδ
1324 714 1437 774 πάντων·
1446 714 1484 772 ἔτι
1498 714 1525 773 δὲ
1538 717 1561 773 εί
1572 714 1601 772 τό
1614 714 1720 792 γνιίσιον

140 807 204 871 δσσις
224 804 282 880 ἅμα
302 802 713 883 καλέφελκυστικδντᾶςψυχᾶε,
731 803 814 868 ἄλλως
833 803 908 874 τιδὴ
954 805 1040 864 καὶτὸ
1056 803 1187 878 αὐθιγενὲς
1201 805 1297 868 πλῖθος
1314 811 1360 869 τᾶς
1379 802 1510 871 πολιτείας
1531 802 1646 878 διαμένει
1661 800 1722 859 εῖκί·

140 890 182 948 καῖ
202 891 338 969 γινόμενον
363 892 430 968 μετὰ
451 901 609 971 προτροπᾶς.
652 890 698 948 Διὸ
722 889 766 947 καλ
785 890 910 970 φρατρίας
955 916 1025 972 ραιον
1037 891 1081 949 καῖ
1095 890 1274 968 ἀπαρόμικτόν
1287 889 1404 968 ὑπάρχον
1421 891 1473 948 ἀπὸ
1485 895 1523 949 τῶ
1535 891 1606 949 ἄλλω
1619 889 1720 967 γένεος·
1757 920 1761 928 v

141 977 182 1036 καλ
193 979 314 1037 συσσίτια
326 980 370 1036 καλ
386 979 524 1044 συσκανίας
536 977 580 1036 καὶ
592 976 800 1056 συναγελισμόις,
815 976 848 1034 τῖε
863 976 909 1053 μὲν
954 980 999 1038 καλ
1011 980 1033 1036 εί
1044 977 1078 1036 τδι
1090 979 1198 1052 μεγέθεα
1209 981 1260 1034 τῶν
1274 975 1336 1054 βίων
1350 980 1377 1034 ἐν
1388 978 1440 1042 τοῖς
1453 979 1538 1043 αὐτοῖς
1552 977 1666 1053 διαμένει
1678 975 1723 1033 καί

142 1065 331 1142 στρατιωτικῶς
346 1067 379 1126 τὰ
400 1067 427 1123 δὲ
448 1065 493 1124 καλ
513 1062 667 1136 πολιτικοῖς,
691 1063 910 1145 παρασκειιιίζεν(Ι
955 1067 982 1148 αθ
1001 1063 1072 1142 παρὰ
1089 1063 1155 1121 πολθ
1170 1063 1305 1130 αὐξάνεται
1321 1068 1340 1099 ⁰·
1357 1061 1413 1140 ἅμα
1434 1063 1484 1143 γδρ
1504 1067 1541 1142 τῷ
1558 1063 1591 1120 τὰ
1611 1060 1723 1142 περισσδ

142 1154 178 1210 δεῖ
191 1161 247 1218 ταῖς
257 1156 307 1210 τῶν
323 1153 386 1210 νέων
398 1157 508 1232 ψυχαῖς,
524 1151 680 1231 συναρμόζιν
699 1152 725 1211 δὲ
746 1153 790 1211 καί
809 1151 839 1210 τὸ
859 1155 909 1210 τῶν
955 1156 1065 1210 κτᾶσθαι
1087 1149 1131 1207 καλ
1158 1148 1320 1228 anseprand
1346 1149 1506 1227 μαστεύοντι.
1548 1151 1601 1210 Καὶ
1622 1150 1655 1208 τὰ
1676 1149 1723 1226 μὲν

142 1239 319 1318 πρεσθυτέρων
342 1242 413 1318 γένος
438 1245 540 1312 αὐτοῖς,
567 1240 705 1320 ἐπειδήπερ
731 1240 770 1298 rol
792 1239 838 1316 μὲν
859 1239 911 1298 νέοι
956 1242 1014 1296 ἔθεα
1033 1237 1112 1303 οθτως
1131 1238 1315 1316 ἀσραλίζεοθαι
1328 1237 1393 1318 χρή·
1406 1236 1457 1305 τὼς
1476 1237 1504 1298 δὲ
1518 1239 1616 1316 λόγως,
1629 1236 1659 1297 τδ
1672 1243 1724 1296 τῶν

144 1319 240 1376 δίενται
253 1323 424 1398 supportans&
438 1319 482 1377 καὶ
494 1319 678 1398 κατερτθσῑῡς,
691 1319 729 1376 τοὶ
750 1319 776 1376 δὲ
795 1318 911 1397 spectil-
956 1335 1080 1406 σοριστᾶν
1094 1323 1165 1401 γένος
1178 1324 1351 1403 ἔπικρίνοντας
1365 1327 1409 1384 καὶ
1424 1326 1606 1402 δοκιμάζοντας
1625 1327 1647 1382 sl
1664 1325 1725 1383 ποτὶ

144 1427 211 1484 τερον
224 1407 412 1515 φιλορροσόνας
423 1406 468 1465 καὶ
482 1408 610 1484 διαγωγᾶς
623 1405 724 1466 ἀλόπω.
955 1411 1006 1480 τὼς
1020 1413 1103 1486 νόμως
1116 1412 1161 1468 καὶ
1174 1409 1207 1468 τὰ
1222 1411 1343 1470 πολιτικὰ
1357 1413 1480 1492 δόγματα
1491 1413 1536 1472 καὶ
1550 1411 1595 1478 τὰς
1609 1412 1673 1479 ἰδίας
1689 1413 1727 1470 cl·

181 1491 260 1551 Ἐπεὶ
278 1517 315 1551 ων
329 1493 370 1552 διὰ
383 1495 460 1572 τριῶν
475 1494 595 1569 ἔλίγομες
616 1493 754 1551 σπουδαῖον
774 1493 913 1551 ἄποτελίε-
956 1499 1078 1574 ναναμίας
1099 1502 1150 1557 τῶν
1173 1498 1236 1576 βίων
1259 1498 1378 1576 ὠφέλιμα
1402 1496 1513 1575 λίγοντι.
1540 1501 1569 1558 αθ
1597 1497 1646 1577 γδρ
1663 1493 1724 1556 ἐὰν

144 1585 201 1638 σθαι
222 1579 267 1637 τὸν
292 1582 436 1660 ἄνθρωπον,
449 1581 492 1639 διοί
505 1604 532 1638 τε
546 1585 596 1638 τῶν
610 1581 687 1639 ε’θέων
704 1579 747 1638 καί
761 1585 812 1638 τῶν
828 1580 913 1654 νόμων
956 1593 1094 1665 τυχοῦσαν,
1114 1586 1180 1643 ἀλλὰ
1198 1584 1243 1642 eds
1268 1585 1391 1660 μεγίσταν
1412 1584 1636 1660 κακοδαιμοσθναν
1657 1584 1727 1642 ίντί-

145 1667 187 1724 ani
199 1672 238 1725 τῶ
253 1669 339 1744 λόγω,
352 1669 534 1736 σκοπιάζεσθαι
547 1669 586 1724 δεῖ
605 1671 660 1733 πῶς
677 1691 704 1725 τε
725 1667 913 1746 διαφθείρεσθαι
957 1698 1043 1733 κτοντι
1065 1674 1103 1731 τοὶ
1126 1677 1176 1731 τῶν
1199 1682 1323 1752 σοριστᾶν
1347 1673 1419 1750 λόγοι
1437 1682 1494 1739 ταῖς
1512 1675 1565 1732 τῶν
1584 1673 1724 1751 ἀνθρώπων

143 1754 240 1832 elprae
251 1754 285 1811 τίε
297 1754 356 1813 ἔθεε
372 1757 416 1814 καὶ
433 1759 487 1821 πῶς
503 1756 630 1831 &uldila
671 1754 821 1830 Etpleoper
836 1752 866 1824 δὴ
881 1753 913 1811 τθ
958 1766 1068 1843 ψυχαῖς,
1082 1760 1144 1818 olna
1158 1762 1285 1836 τολμῶντί
1298 1783 1322 1818 τι
1336 1765 1410 1830 κινῆν
1425 1758 1497 1837 παρὰ
1519 1762 1564 1826 τὰς
1578 1759 1665 1841 κοινδς
1686 1762 1728 1836 tu-

146 1841 201 1900 ίθεα
221 1841 377 1923 φθειρόμενα
395 1843 463 1900 κατὰ
482 1843 525 1901 δύο
537 1840 680 1920 τρόπως,·ἢ
690 1839 739 1919 γδρ
751 1841 783 1899 δι’
798 1839 881 1906 αθτὼς
896 1839 912 1910 ἢ
958 1849 1027 1914 νοίας
1048 1848 1065 1917 ἢ
1085 1850 1136 1904 τῶν
1157 1845 1231 1905 θείων
1251 1844 1268 1916 ἢ
1283 1851 1334 1905 τῶν
1349 1847 1523 1925 ἀνθρωπίνων·
1538 1848 1552 1905 δ
1575 1846 1633 1905 οὗτε
1645 1845 1655 1881 ¹
1669 1850 1727 1906 ποτ’

147 1929 186 1985 διὰ
197 1926 247 1993 τὼς
260 1929 343 1994 ἐκτός.
364 1928 409 1988 καὶ
433 1929 475 1988 διδ
490 1929 536 2004 μὲν
552 1929 650 1999 surde,
663 1929 719 2000 ἤεεε
731 1929 772 1986 διὰ
784 1927 812 1986 τὸ
824 1926 914 2008 φεύγει
960 1936 1080 1993 ἀλάθειαν
1093 1933 1149 1991 οὐδὲ
1162 1935 1219 1992 ποτ’
1234 1934 1375 2012 ἀσφάλειαν
1392 1935 1448 1992 οὐδὲ
1463 1934 1523 1990 ποτὶ
1535 1933 1610 2002 δόξαν
1624 1934 1727 1991 satist

148 2015 193 2081 τὰς
213 2018 298 2082 λύπας
318 2017 334 2086 ἢ
352 2017 394 2074 θῑθ
411 2016 440 2074 τὸ
459 2015 590 2095 θίρίῑσθαῑ
612 2016 659 2082 τὰς
679 2016 784 2083 θθῦθᾶς·
802 2015 843 2073 θῑθ
868 2014 914 2091 ptr
960 2027 1031 2092 ε’στι,
1048 2021 1157 2100 ζόρωσιν
1170 2019 1197 2078 δὲ
1209 2020 1254 2079 καλ
1268 2021 1392 2100 σύγχυσιν
1406 2023 1519 2102 ἐπιρίρει
1532 2027 1569 2101 τῷ
1585 2026 1663 2102 κοινῷ
1681 2023 1729 2102 βίῳ

147 2103 194 2180 γὰρ
208 2102 237 2160 τὸ
251 2103 342 2182 φεύγει
356 2101 401 2169 als
414 2103 497 2168 λύπαι
512 2101 561 2168 τὼς
579 2103 661 2168 ciuus
675 2105 723 2180 οὐχ
740 2101 912 2177 1ὑπομένοντι,
959 2113 1010 2168 τῶν
1045 2108 1197 2188 ἀνθρώπων.
1226 2113 1336 2168 τοιοῦτον
1364 2108 1394 2167 δὲ
1425 2109 1497 2185 λόγον
1524 2110 1679 2189 τυγχάνοντι
1704 2112 1730 2169 σί

149 2191 188 2248 διὰ
208 2190 279 2248 δὲτὸ
294 2189 384 2248 διιίικεν
405 2191 451 2256 el<
469 2189 559 2255 ἁδονδς
579 2189 612 2248 τὰ
627 2189 711 2268 ἀγαθδ
726 2189 913 2247 inutiliore-
960 2196 1051 2277 φάντες
1070 2200 1096 2270 h,
1112 2196 1169 2267 ἤτοι
1183 2195 1220 2271 μὴ
1239 2187 1311 2272 εἶμεν
1324 2197 1354 2256 τὸ
1367 2203 1432 2256 θεῖον
1452 2195 1470 2267 ἢ
1490 2196 1535 2255 καλ
1555 2197 1595 2255 ἐὸν
1614 2195 1728 2276 μλίχεν

83 2283 87 2290 “
150 2276 309 2352 ἐργατειίοντι
324 2276 350 2334 δὲ
364 2276 403 2335 rol
417 2276 462 2354 μὲν
474 2279 546 2336 πόνοι
558 2277 590 2334 τὰ
602 2275 687 2354 ἀγαθὰ
697 2279 748 2342 ταῖς
760 2275 916 2354 ἀνθρώποις,
960 2283 1041 2352 οὕτως
1057 2283 1116 2342 ποτὶ
1137 2284 1168 2342 τὸ
1188 2288 1239 2343 τῶν
1258 2284 1398 2362 ἀνθρώπων
1417 2283 1502 2360 γένος,
1521 2282 1730 2344 ὥστ’ἕπνὸλξπαν

149 2365 191 2422 ταί
209 2365 236 2422 δὲ
255 2365 346 2422 ἇδοναὶ
360 2365 394 2423 τὰ
409 2364 492 2422 κακαί·
505 2363 627 2443 δκρατίες
639 2353 675 2421 όνν
688 2364 732 2421 καὶ
747 2360 860 2438 μαλακοὶ
874 2385 916 2440 γι-
962 2370 1025 2430 αὐτὸ
1048 2371 1092 2430 χαλ
1115 2372 1256 2450 φροντίζῃ,
1273 2373 1329 2429 ἀλλ’
1348 2375 1393 2429 ἐᾶν
1418 2371 1463 2429 καὶ
1482 2372 1664 2450 κατολγρωρίν,
1677 2372 1732 2431 ’καὶ

150 2453 248 2527 νόμενῡῑ
264 2451 398 2530 θθθῦτῑρθῑ
419 2451 530 2529 γίνονταί
549 2461 604 2515 ταῖς
624 2451 720 2531 ψυχαῖς
737 2450 782 2508 ret
799 2450 859 2507 ποτὶ
873 2447 918 2514 el<
961 2459 1011 2538 γδρ
1026 2458 1043 2516 δ
1058 2459 1166 2517 τοιαότα
1187 2457 1327 2535 παραδοχδ
1348 2459 1399 2523 τοῖς
1421 2458 1562 2536 ἀνθρώποις
1586 2457 1731 2539 ἀρρασόναν

152 2541 294 2605 ditium<
315 2535 567 2618 πολυδαπανώτερα·
582 2537 625 2596 &lt
645 2539 672 2595 δὲ
698 2535 746 2604 τὼς
761 2536 845 2607 {tidie
857 2535 919 2595 αἴκα
962 2546 1006 2604 καί
1029 2545 1131 2604 ἀδικίαν
1151 2544 1271 2616 ἐντίκτει,
1284 2545 1347 2602 ὅταν
1368 2547 1420 2604 οὔδ’
1434 2544 1503 2602 είπέν
1524 2547 1673 2623 δηλομῖνοις
1690 2549 1733 2604 εθ-

153 2625 243 2693 ξενικῖις
258 2626 382 2700 ἔπίδαμος
395 2625 470 2704 ὄχλος
484 2623 588 2701 γίνηται
599 2625 747 2700 εὐαμερίαες
765 2627 918 2701 ἐμπορικαῖς
964 2630 1043 2710 μαρές
1060 2634 1124 2688 ἐστι,
1143 2640 1194 2696 πᾶς
1217 2630 1267 2710 γὰρ
1285 2632 1416 2708 ἄνθρωπος
1438 2632 1563 2711 ἀναρχίας
1588 2633 1734 2713 πλαρανθιὶς

49 2746 57 2783 ,Ι
152 2713 285 2790 palparent
298 2713 342 2772 καλ
354 2713 393 2771 τοὶ
408 2711 581 2789 ἀστυγείτονες
595 2712 725 2791 φιλόδονοι
736 2711 780 2770 καί
792 2711 919 2790 τρθρακες
962 2718 1062 2777 καὶτὸν
1075 2721 1113 2775 τῶ
1124 2718 1214 2776 ὑπάτω
1230 2719 1237 2753 ¹
1250 2718 1418 2794 ἀπωσάμενος
1436 2717 1532 2798 ρόὸον,
1546 2728 1639 2799 σκιρτᾷ
1648 2744 1676 2778 τε
1688 2719 1739 2777 καλ·

154 2801 233 2867 ἰόνεει
248 2801 418 2878 pandulum
437 2809 489 2865 τοῖς
503 2799 672 2868 τλατεόίουεε
688 2803 740 2856 τῶν
759 2801 821 2876 παρ’
835 2799 922 2860 αὐτοῖς
945 2813 1127 2884 ιπαρανομεῖ,
1138 2804 1301 2869 παντοδαπὸς
1313 2803 1454 2881 γενόμενος.
1495 2807 1624 2886 Χρίεσθαι
1641 2807 1681 2866 δεῖ
1694 2797 1731 2866 ὧν

156 3000 262 3059 sumptus
274 2996 376 3057 divites,
390 2996 463 3045 athis
475 2995 584 3045 omnibus
594 2996 617 3044 in
629 3007 708 3045 rerum
718 2994 922 3043 administratione
965 3004 1066 3053 rumque
1085 3004 1184 3041 suorum
1197 2992 1336 3053 contagione
1358 2991 1502 3055 propinquos
1517 2993 1632 3044 alliciunt.
1666 2998 1733 3053 Qua·

157 3096 219 3144 scae,
242 3088 271 3133 nt
294 3084 376 3143 decet,
398 3082 534 3145 gerentibus
557 3082 631 3132 deblti
653 3082 755 3131 honores
777 3082 921 3131 tribuantur.
966 3082 1061 3141 propter
1077 3081 1168 3140 parest
1187 3078 1265 3140 legum
1285 3079 1373 3128 latores
1392 3082 1418 3129 et
1439 3080 1597 3130 multitudinis
1611 3085 1736 3144 prpelcctos

159 3173 269 3221 Praetema
280 3173 375 3221 uirtutis
382 3184 459 3221 causoe
469 3176 518 3221 tres
531 3172 692 3231 suntmelus,
704 3170 828 3232 cupiditas,
837 3168 921 3232 pudor.
965 3165 1049 3215 sedulo
1061 3166 1263 3226 animadvertere,
1276 3179 1335 3214 num
1352 3164 1509 3217 observentur
1522 3181 1600 3218 mores
1615 3172 1640 3219 ct
1654 3178 1746 3231 aqua*

157 3260 243 3308 lictum
256 3260 361 3308 incutere
372 3259 411 3309 len
425 3260 524 3320 poterit,
539 3258 653 3321 pudorem
666 3272 745 3307 mores
757 3277 763 3307 :
777 3258 845 3307 bonis
858 3257 921 3306 enirn
965 3254 1018 3302 liter
1032 3266 1072 3313 per
1087 3266 1170 3302 oannes
1183 3253 1327 3315 pertineant,
1342 3256 1455 3315 praeterea
1470 3268 1528 3304 num
1544 3269 1655 3317 germana
1674 3258 1735 3307 indi·

157 3346 259 3396 monins
275 3352 381 3395 assuetos
401 3349 470 3408 turpe
491 3345 550 3407 ninid
569 3345 694 3395 admittere
716 3345 802 3407 pudet;
816 3343 923 3393 doctrina
966 3352 1079 3401 genarum
1090 3337 1228 3401 civiumque
1243 3339 1372 3389 multitudo
1385 3340 1474 3389 daneta
1490 3345 1584 3391 maneat
1602 3344 1737 3404 nequeatis

159 3445 214 3482 nero
232 3433 373 3483 desiderium
391 3434 452 3494 parit
468 3444 541 3481 :narn
562 3432 654 3483 reddita
674 3432 707 3481 rei
728 3444 798 3481 causa
816 3430 922 3479 animum
965 3430 1036 3490 gente
1050 3428 1185 3490 misceatur,
1195 3428 1298 3491 denique
1310 3442 1369 3477 num
1384 3429 1417 3477 rei
1431 3430 1553 3480 familiaris
1565 3432 1639 3494 copiae
1650 3433 1736 3482 codena

159 3520 227 3569 allicit
237 3519 381 3581 attralritque
391 3532 445 3569 cum
455 3519 525 3581 alias,
536 3524 586 3568 tum
597 3520 617 3567 si
627 3518 783 3567 adlmrtationi
793 3518 874 3579 inuncta
883 3518 921 3566 sil.
967 3517 1030 3564 statu
1048 3517 1201 3576 permaneant
1224 3528 1301 3577 nequa
1324 3516 1421 3563 modum
1437 3517 1552 3566 excedant
1566 3533 1572 3565 :
1585 3530 1640 3567 nam
1654 3532 1736 3581 super·

161 3608 272 3663 Quocirca
292 3607 384 3666 curias,
398 3607 508 3655 convivia
524 3606 630 3667 publica,
651 3605 806 3655 contubernia
827 3610 850 3653 ct
869 3618 924 3652 con-
967 3614 1069 3651 uacanea
1079 3602 1123 3650 sibl
1139 3605 1303 3662 comparantes
1316 3614 1491 3663 supervacanea
1504 3603 1575 3651 etiam
1591 3604 1735 3657 desiderant.

161 3696 242 3741 ventus
253 3706 308 3743 cum
325 3692 438 3742 militares
452 3696 503 3742 tum
518 3693 601 3751 ciuiles
616 3693 745 3754 comparari
759 3676 853 3752 oportet
869 3690 923 3738 ado
968 3691 999 3739 at
1018 3690 1063 3738 lroc
1083 3689 1180 3751 quidem
1194 3687 1266 3736 modo
1279 3702 1358 3736 mores
1373 3690 1434 3737 tueri
1454 3690 1567 3739 convenit
1581 3710 1588 3740 ε
1602 3691 1737 3756 disciplinas

163 3781 295 3829 lescentium
308 3780 406 3841 animis,
417 3780 458 3829 sed
475 3780 579 3829 seniores
587 3780 658 3829 etiam
668 3779 697 3827 lis
707 3779 838 3839 conciliari,
850 3790 923 3839 ornan·
967 3778 1061 3836 autem‚
1074 3775 1200 3824 statuendo
1213 3774 1413 3836 explorandorum,
1423 3788 1481 3823 num
1491 3778 1650 3839 sophistarum
1661 3794 1737 3842 genua

162 3864 282 3926 doquidem
309 3869 337 3915 ut
362 3866 526 3917 adolescentes.
546 3866 698 3925 castigatione
730 3868 754 3914 ct
776 3864 923 3913 institutione
968 3862 999 3913 ad
1014 3863 1089 3925 leges,
1102 3862 1182 3911 civille
1194 3862 1302 3911 instituta
1314 3869 1338 3911 et
1352 3864 1470 3923 privatam
1480 3866 1535 3915 vitae
1545 3868 1658 3918 rationem
1669 3871 1738 3920 utilia

164 3956 242 4014 εςοιιι,
256 3954 289 4002 ita
302 3966 371 4002 senes
386 3952 550 4003 benevolentia
565 3957 590 4002 et
603 3952 825 4012 uitoejucunditate.
970 3950 1100 4012 praecipiat.
1132 3952 1214 4011 tienne
1236 3950 1299 3999 enirn
1321 3962 1434 4012 parvam,
1450 3952 1491 4000 sed
1512 3966 1583 4014 quant
1609 3958 1738 4009 maximam

194 4042 270 4093 Quum
291 4053 348 4102 ergo
369 4039 418 4099 jaun
441 4036 603 4099 docuerimus,
617 4040 694 4088 tribus
714 4039 785 4089 rebus
807 4038 925 4087 nominem
969 4038 1130 4087 intelicitatem
1145 4037 1269 4086 hominurn
1288 4038 1373 4087 animis
1396 4039 1502 4088 inserunt
1515 4041 1674 4102 sophistarum
1692 4046 1740 4096 dis-
1761 4073 1764 4080 ·

165 4124 285 4174 lmuestum
296 4125 411 4186 eradere,
424 4127 547 4187 moribus,
560 4126 666 4188 legibus,
683 4126 811 4188 disciplinis
827 4140 834 4173 ε
849 4125 927 4174 consi·
970 4126 1116 4188 putationes,
1141 4124 1240 4187 siquid
1261 4125 1374 4174 innovare
1394 4127 1474 4175 ausint
1498 4132 1580 4176 contra
1600 4142 1740 4183 communes

164 4210 288 4260 derandum
311 4218 361 4270 est,
383 4212 502 4274 quomodo
525 4224 603 4261 morea
625 4213 649 4260 ct
668 4211 787 4272 corrumpi
800 4210 891 4260 soleant
905 4212 928 4259 et
970 4213 1043 4261 animi
1055 4213 1161 4262 notiones
1174 4212 1198 4260 in
1214 4211 1284 4260 rebus
1297 4212 1334 4261 rel
1348 4212 1434 4262 divinis
1448 4214 1485 4263 vel
1499 4215 1607 4265 humanis
1620 4236 1627 4266 r
1641 4220 1664 4268 id
1675 4222 1741 4282 quod

165 4298 257 4346 serani.
287 4298 387 4347 Duobus
401 4311 456 4359 ergo
471 4298 547 4348 modis
561 4302 684 4362 corruptos
698 4299 831 4347 invenimus
841 4310 926 4357 mores,
971 4279 1049 4360 neque
1058 4299 1088 4348 ad
1098 4300 1221 4348 ueritatem
1231 4313 1308 4361 neque
1317 4300 1346 4347 ad
1357 4300 1506 4351 securitatem
1517 4305 1632 4365 nequead
1641 4307 1740 4367 gloriam

167 4386 207 4431 aut
220 4388 298 4433 nostra
311 4388 497 4435 sutexterorum
510 4387 587 4448 culpa.
620 4388 649 4435 Et
660 4389 742 4434 nostra
754 4385 850 4458 quidem
859 4384 929 4445 culpa
972 4386 1081 4446 prodest,
1094 4385 1268 4447 scdcaliginem
1279 4389 1304 4435 et
1315 4388 1476 4436 contusionem
1487 4391 1607 4438 communi
1618 4368 1740 4445 homiuum

168 4471 204 4519 vel
217 4472 276 4535 qnod
289 4474 408 4522 molestias
423 4474 538 4533 vitemus,
560 4474 597 4523 vel
613 4474 675 4535 quod
692 4474 824 4536 voluptates
847 4485 928 4521 conse·
972 4473 1028 4521 ritae
1042 4472 1121 4521 inient.
1155 4473 1224 4521 Tales
1238 4475 1295 4521 sunt
1308 4476 1388 4522 autent
1404 4474 1576 4535 disputationes
1591 4478 1741 4538 quibrrssta-

168 4560 254 4607 σῖειοιιι
264 4579 270 4609 ι
280 4573 334 4608 nam
344 4561 385 4622 qui
393 4561 510 4610 molestias
518 4560 649 4621 denticant,
658 4574 705 4609 non
714 4562 814 4609 tolerant
823 4559 928 4609 laboras:
973 4558 1048 4607 luitur
1062 4558 1164 4606 autnon
1178 4571 1229 4607 csse
1244 4572 1348 4620 numen,
1365 4564 1406 4607 aut
1418 4560 1509 4609 etiamsi
1522 4562 1568 4624 sit,
1579 4575 1626 4612 non
1645 4566 1678 4613 ita
1691 4578 1742 4617 ease

170 4644 312 4705 rutupinum
324 4647 405 4693 autem
420 4646 536 4707 cupiditas
548 4659 577 4695 eo
594 4648 654 4697 valet
670 4650 696 4695 ut
710 4626 929 4705 manumittantur,
973 4658 1029 4707 erga
1045 4644 1169 4693 lrominum
1182 4658 1256 4708 genua
1270 4646 1394 4712 allectum,
1408 4647 1505 4696 utillud
1520 4650 1628 4710 respiciat
1643 4651 1741 4715 ejusque

170 4720 279 4781 siquidem
301 4724 382 4773 labore
404 4722 466 4773 bona
484 4725 618 4774 hominibus
638 4726 781 4788 obveniunt,
802 4727 931 4787 voluptatis
974 4744 1057 4778 comm
1077 4733 1156 4791 gerat,
1173 4731 1214 4778 sed
1235 4729 1337 4792 negligat
1357 4732 1435 4792 potins
1450 4745 1479 4781 ac
1492 4732 1616 4797 despiciat.
1648 4738 1741 4790 atenim

170 4807 268 4859 studium
281 4811 343 4861 mna
357 4811 502 4860 comitantur
519 4834 525 4863 ι
540 4826 612 4874 quare
628 4814 798 4863 incontinentes
812 4816 835 4863 et
849 4814 931 4863 molles
975 4816 1026 4865 lraec
1038 4818 1071 4865 ita
1083 4818 1156 4865 semel
1167 4821 1281 4877 concepta
1293 4817 1375 4878 opinio
1388 4819 1513 4868 stultitiam
1525 4823 1550 4869 et
1563 4814 1701 4883 injustitiam
1717 4826 1743 4875 in

173 4892 225 4943 laci
248 4898 318 4959 magis
340 4902 393 4947 tum
413 4897 498 4947 animis
517 4899 682 4949 effeminantur
696 4902 749 4951 turn
762 4904 785 4950 iu
799 4902 932 4962 sumptibus
975 4902 1111 4953 hominibus
1126 4904 1212 4965 gignit,
1228 4909 1342 4965 quantam
1356 4905 1393 4954 vel
1412 4906 1547 4957 volentibus
1568 4923 1617 4981 non
1634 4911 1701 4962 lacile
1712 4912 1744 4963 sit

163 4980 281 5064 'iaciendis
292 4984 384 5047 prodigi
396 4985 509 5035 evadunt.
541 4990 682 5036 Exterorum
695 5000 750 5037 vero
764 4989 931 5051 cnlpn,quum
975 4992 1100 5055 explicare.
1133 4992 1218 5049 Quivis
1227 4992 1290 5041 enim
1304 4992 1376 5042 homo
1389 4992 1492 5045 licentiae
1504 4996 1589 5059 plenus
1602 5000 1689 5049 omisso
1701 5014 1743 5049 su·

174 5069 302 5130 peregrinus
316 5071 418 5133 populus
432 5071 554 5123 nobiscum
570 5072 660 5123 habitat
671 5075 808 5125 mercatoria
822 5075 932 5125 lelicitate
976 5078 1051 5141 premi
1072 5078 1174 5128 numinis
1194 5078 1282 5128 timore
1297 5081 1402 5130 excultat
1422 5082 1534 5146 legesque
1554 5084 1654 5147 migrat,
1667 5100 1742 5147 quum

176 5154 282 5219 attinens,
295 5163 337 5207 aut
349 5158 413 5207 urbis
426 5159 495 5209 ricini
507 5160 632 5222 voluptarii
646 5166 701 5211 sunt
717 5165 741 5212 et
754 5163 868 5212 luxuriosi
882 5174 930 5211 mo·
977 5165 1057 5215 varius
1076 5168 1108 5215 sit
1130 5170 1154 5217 et
1166 5165 1309 5217 inconstans.
1355 5171 1476 5221 Utendum
1491 5176 1527 5223 est
1543 5188 1599 5236 ergo
1613 5175 1676 5224 cirili
1689 5187 1742 5223 ora·
