3959 5925
710 278 948 341 uniondum
975 231 1106 337 vaura}
1515 250 1521 352 ζ
1663 284 1697 333 ιι

114 423 186 502 παρὰ
203 422 231 480 τῖι
246 420 307 499 μηδ’
330 418 413 497 ἀρχὴν
435 415 643 493 παρεσκευάσθαι
660 415 723 493 πρὸς
736 416 784 487 τὴν
804 415 885 491 ὀρθῶν
931 414 966 476 εἰς
981 409 1094 489 φαύλους
1106 406 1219 475 πίπτειν,
1233 405 1300 464 ὥστε
1312 404 1378 484 μηδὲ
1400 405 1445 472 τὴν
1462 403 1534 471 ἀξίαν
1550 408 1596 475 τῆς
1611 406 1721 482 ἀρετῆς

112 513 198 587 λόγων
219 506 393 586 παραδοχήν,
408 504 510 573 διδιτὴν
529 494 664 561 ἀποάᾶσαν
678 501 713 537 ¹⁰³
729 502 886 571 έκτῆςδια-
931 498 1001 555 δόσιν
1025 493 1154 554 ποιεῖσθαί
1178 516 1236 552 τινα
1249 496 1301 552 τῶν
1317 492 1434 573 φαύλων.
1460 494 1493 551 Ei
1516 490 1627 570 γάρτλν
1643 493 1702 547 κατ’

113 601 228 675 στροφῆς
242 594 400 675 ἀφροσύνην,
413 590 486 669 παρίι
496 590 527 649 τὸ
541 589 608 665 μήτε
621 588 813 667 προτετράφθαι
827 585 885 645 τινά
932 583 1004 653 ἀξίαν
1019 605 1057 649 τις
1078 585 1188 640 ἐποιεῖτο
1201 581 1271 639 δόσιν
1285 583 1338 638 τῶν
1353 579 1470 659 ἀφρόνων
1488 584 1534 650 τῆς
1546 582 1650 657 ἀρετῆς,
1664 576 1704 655 ἐφ’

111 689 166 743 τῶν
184 660 292 763 φαύλων
309 680 376 755 μήτε
399 679 553 757 προτρέπειν
572 676 636 755 πρὸς
656 672 758 754 ἀρετήν·
778 672 821 731 τὸν
836 670 887 750 γὰρ
931 670 989 729 ὅσον
1017 669 1094 745 ἐτίμα
1117 669 1230 741 ταύτην,
1256 671 1450 747 ἀπῳκονομεῖτο
1476 665 1507 723 ἀν
1525 666 1573 735 τὴν
1595 664 1701 725 κακίαν.

112 765 591 853 προτετραμμένανἢπροτρεπόμενον
602 762 701 841 ίτέρους
711 761 812 835 ἕτοιμον
823 750 888 819 εἶναι
933 763 991 823 Πᾶς
1014 757 1094 817 δέ’τε
1112 756 1200 834 ἄφρων
1221 755 1337 814 σύνεστιν
1356 753 1483 833 ἡδέωςτῇ
1509 757 1599 830 ἑαυτοῦ
1613 753 1703 833 κακίφ.

117 862 157 916 δεῖ
170 858 232 935 πρὸς
246 856 275 913 τδ
288 857 451 934 φιλοροφεῖν,
469 852 512 909 τθν
528 852 555 909 δέ
572 849 674 926 έτοιμον
695 847 888 925 ἀνεμποδίστως
934 849 1046 906 Σκοπεῖν
1060 843 1110 921 γδιρ
1126 845 1166 901 δεῖ
1181 840 1217 918 μὴ
1231 842 1274 900 τὸν
1286 841 1411 920 έξώφορον
1431 841 1515 899 αὐτῶν
1532 839 1623 915 λόγον,
1639 845 1705 915 φαῦ·

115 945 196 1023 έγειν,
210 942 309 1019 μηδένα
325 942 352 999 δὲ
368 944 419 999 τῶν
433 940 548 1019 ἀφρόνων
561 928 626 997 εῖναι
641 942 766 997 τοιοῦτον.
785 938 824 997 Oti
838 934 889 1013 γδρ
932 935 976 992 λον
989 930 1066 1002 ὄντα,
1081 929 1148 987 ἀλλά
1167 929 1209 987 τάν
1230 933 1281 987 τῶν
1294 929 1421 1007 πράξεων.
1478 926 1527 986 Ἐκ
1544 926 1641 983 τούτοιν
1655 925 1706 1003 γὰρ

115 1013 161 1088 τόν
181 1028 320 1108 προθύμοις
344 1029 469 1087 ἀκούοντα
493 1026 537 1085 καί
561 1024 832 1100 θπομνηματιζόμινον
855 1021 889 1081 τδι
934 1020 1122 1097 ἀπελέγχονται
1133 1016 1170 1093 pi,
1186 1017 1247 1097 περί
1264 1017 1296 1074 τδι
1311 1016 1380 1074 καλά
1398 1016 1442 1074 καὶ
1453 1015 1580 1073 σπουδαῖα
1595 1036 1712 1091 παρωρ-.

115 1117 246 1196 λεγόμενα
261 1117 311 1174 ὑπὸ
331 1118 382 1173 τῶν
406 1112 551 1193 φιλοσόφων
575 1112 676 1187 ἕτοιμον
694 1102 843 1190 εἶναιπρὸς
860 1108 890 1168 τδ
935 1106 1141 1185 μημένοι,ἀλλδι
1153 1105 1212 1184 περὶ
1225 1104 1270 1170 τάς
1284 1105 1490 1185 ἀνδραποδώδεις
1501 1103 1632 1181 ἀμέτρους.
1642 1105 1707 1159 ἀπο-

115 1208 283 1284 φιλοσοφεῖν,
298 1201 365 1261 ἀλλά
377 1202 420 1261 τὸν
433 1201 540 1277 ἑτοίμως
552 1198 646 1278 ἔχοντα
670 1200 733 1277 πρὸς
749 1199 779 1256 τὸ
794 1198 827 1257 τά
847 1197 890 1255 διδ
934 1193 1046 1261 λαύσεις.
1088 1192 1202 1272 Ἀρέσκει
1225 1192 1252 1249 δὲ
1278 1191 1323 1250 καί
1347 1200 1400 1249 πᾶν
1418 1191 1562 1269 δμοίρτημα
1584 1188 1706 1262 ἀσέόημα

115 1297 165 1363 τῆς
177 1292 325 1373 φιλοσοφίας
334 1290 565 1369 παραγγελλόμενα
578 1284 733 1367 μεταφέρειν
742 1284 786 1343 ἐπί
800 1283 833 1343 τδι
845 1284 890 1363 ἔρ·
934 1272 1010 1341 εἶναι.
1051 1279 1092 1339 Τδ
1105 1280 1155 1358 γδρ
1170 1279 1242 1354 παρὰ
1257 1278 1304 1348 τὴν
1318 1277 1440 1355 βούλησίν
1451 1302 1477 1334 τι
1492 1273 1651 1354 πράττεσθαι
1662 1280 1707 1331 τοῦ

115 1404 168 1457 γα,
185 1379 229 1438 καί
249 1377 307 1436 κατ’
322 1378 387 1435 αύτδ
410 1380 491 1456 βιοῦν.
548 1372 651 1435 Οὐδένα
665 1374 693 1431 δὲ
714 1376 765 1431 τῶν
784 1370 889 1453 φαύλων
935 1372 990 1427 θεοῦ
1001 1414 1009 1443 ,
1021 1366 1141 1432 ἀσεύείας
1155 1358 1221 1424 εἶναι
1231 1364 1383 1443 τεκμήριον.
1400 1368 1462 1423 Τῶν
1470 1364 1521 1442 γὰρ
1531 1368 1593 1422 θεῶν
1601 1366 1708 1422 οἰκειου-

116 1472 232 1525 τοιοῦτον
258 1454 341 1539 εῖναι,
369 1463 627 1541 προκατειλημμένον
654 1465 706 1527 τοῖς
728 1466 774 1531 τῆς
800 1462 890 1525 κακίας
936 1454 1021 1534 μένων
1046 1454 1092 1530 μὲν
1116 1458 1149 1532 τῇ
1164 1457 1243 1532 ἀρετῇ
1259 1452 1303 1510 καὶ
1323 1457 1376 1519 τοῖς
1398 1452 1494 1523 ταύτης
1510 1452 1605 1529 ἔργοις,
1626 1452 1708 1507 ἀλλο-

117 1554 256 1631 δόγμασιν.
277 1556 312 1613 El
323 1550 374 1629 γὰρ
390 1550 582 1629 προετίιραπιό
600 1574 638 1617 τις
649 1552 700 1607 τῶν
713 1550 832 1628 φαύλων,
846 1548 890 1607 καί
934 1542 1093 1621 epicopium
1108 1540 1181 1620 δὲτῇ
1200 1538 1280 1618 κακίᾳ
1300 1539 1345 1598 καὶ
1361 1547 1413 1605 τοῖς
1426 1539 1477 1596 ἀπὸ
1498 1538 1595 1607 ταύτης
1617 1560 1708 1595 συντε-

118 1643 171 1700 ἀπδ
186 1645 231 1711 τῆς
244 1640 337 1706 κακίας
348 1642 531 1717 ἀπετὲτραπτο,
542 1637 590 1697 ¹⁹⁴.
619 1638 711 1704 Οὐδείς
724 1636 750 1713 δέ
763 1636 830 1717 &Ama
844 1634 891 1705 τὴν
934 1630 1066 1705 λουμέναις
1073 1673 1082 1703 ,
1092 1627 1168 1687 τοῦδ’
1180 1625 1367 1703 ἁμαρτήματος
1377 1630 1446 1692 ὄντος
1456 1626 1629 1703 ἀνεργήματος
1641 1626 1709 1681 κατὰ

117 1730 215 1788 κακίαν
229 1728 292 1805 πρὸς
310 1727 404 1805 ἀρετὴν
423 1726 584 1803 τέτραπται,
598 1728 633 1792 ύις
653 1724 711 1783 οὐδὲ
730 1723 804 1782 νόσον
828 1722 892 1801 πρὸς
935 1716 1049 1794 κακίαν,
1065 1712 1233 1794 κατεφαίνετο
1246 1722 1298 1769 πᾶν
1322 1712 1467 1790 ἁμάρτημα
1487 1713 1630 1790 ἀπαρεστὸν
1645 1716 1710 1776 θεοῖς

118 1816 229 1894 ὑγίειαν.
245 1815 329 1874 Μόνον
347 1814 374 1871 δὲ
385 1812 579 1893 προτετράφθαι
592 1812 635 1870 τδν
647 1810 739 1889 σοφόν,
755 1810 799 1869 καί
815 1810 892 1888 μόνον
936 1804 1065 1881 θποίρχον,
1081 1804 1171 1882 (τοῦτο
1188 1800 1210 1859 δ’
1225 1800 1293 1858 ἐστίν
1309 1799 1463 1875 ἀσέόημα,λ
1478 1797 1522 1856 καί
1533 1800 1591 1857 καθ’
1600 1797 1709 1857 ἕκαστόν

119 1901 276 1982 προτρέπειν
298 1899 438 1972 δύνασθαι,
452 1903 504 1958 τῶν
521 1900 542 1957 δ’
561 1898 676 1979 ἀφρόνων
694 1899 803 1975 μηδένα·
824 1900 892 1959 κατδι
937 1924 966 1980 γε
982 1900 1127 1977 ἁμάρτημα
1140 1901 1155 1955 δ
1168 1898 1263 1977 φαῦλος
1275 1895 1421 1975 ἀπαρεστόν
1438 1918 1464 1952 τι
1479 1898 1549 1953 ποιεῖ
1559 1899 1633 1960 θεοῖς.
1648 1890 1711 1953 Ἔτι

118 1989 170 2068 γὰρ
185 1988 393 2067 παραγγέλματα
410 1991 479 2068 βιοῦν
495 1987 595 2063 μηδένα
616 1990 667 2045 τῶν
687 1986 813 2066 ἀφρόνων·
832 1988 892 2061 μηδ’
939 1989 983 2059 δὲ,
1009 1986 1066 2045 ἐπεί
1081 1995 1131 2052 πᾶς
1153 1990 1247 2065 φαῦλος
1269 1983 1317 2041 ὅσα
1340 1992 1409 2042 ποιεῖ
1429 1983 1497 2041 κατὰ
1511 1983 1604 2040 κακίαν
1628 1988 1709 2049 ποιεῖ,

119 2071 188 2139 εῖναι
202 2079 349 2159 φιλόλογον,
370 2074 505 2155 λογόφιλον
529 2076 555 2133 δὲ
577 2077 693 2152 μᾶλλον,
710 2074 788 2155 μέχρι
802 2078 893 2141 λαλιᾶς
938 2076 1057 2155 καθάπερ
1072 2078 1086 2133 δ
1100 2075 1239 2138 σπουδαῖος
1258 2072 1316 2129 κατ’
1331 2070 1442 2151 ἀρετήν,
1458 2069 1503 2129 καί
1524 2074 1538 2128 δ
1557 2069 1618 2147 μίαν
1641 2068 1708 2147 ἔχων

121 2164 273 2223 ἐπιπολαίου
286 2160 472 2243 πρσύαίνοντα,
488 2160 582 2237 μηκέτι
593 2160 620 2219 δὲ
634 2160 678 2218 καί
689 2166 741 2228 τοῖς
756 2160 837 2239 ἔργοις
851 2164 893 2237 dx·
939 2164 1034 2223 κακίαν
1047 2162 1133 2227 πείσας
1148 2161 1214 2238 ἔχει.
1256 2162 1303 2218 Ἐν
1314 2159 1341 2215 δὲ
1359 2159 1462 2223 ταύταις
1480 2161 1589 2237 δρᾶσθαι
1605 2155 1650 2216 καλ
1662 2163 1710 2227 τὴν

121 2252 307 2329 θεόαιούμενον
328 2249 372 2308 τδν
391 2253 438 2319 τῆς
454 2252 546 2322 ἀρετῆς
559 2248 646 2327 λόγον·
664 2248 729 2323 μηδὲ
749 2248 799 2327 γάρ
819 2246 893 2327 φιλό-
942 2251 1079 2321 ἀσέόειαν,
1100 2252 1131 2307 ού
1153 2248 1201 2317 τὴν
1225 2245 1385 2322 τεταγμένην
1408 2246 1476 2303 κατὰ
1499 2245 1546 2318 τὴν
1570 2246 1711 2322 ἀνέργειαν,

120 2340 199 2400 πονόν
212 2362 269 2396 τινα
283 2341 334 2396 τῶν
349 2337 453 2416 φαύλων
466 2330 544 2395 εῖναι·
558 2335 604 2406 τὴν
615 2337 665 2415 γδρ
676 2336 825 2415 φιλοπονίαν
841 2336 895 2396 διαί·
940 2337 1008 2395 ἀλλά
1021 2336 1113 2414 τὴντῇ
1129 2335 1246 2415 εὖτεόείρ
1261 2333 1377 2393 έναντίαν
1392 2333 1452 2402 έξιν.
1493 2335 1533 2393 Τὸ
1543 2332 1570 2392 δέ
1580 2336 1639 2391 κατ’
1653 2335 1713 2392 ἀσέ-

121 2433 191 2485 θεσιν
203 2424 383 2505 ἐξιργαστικὴν
394 2414 459 2481 εἶναι
473 2429 525 2482 τῶν
537 2422 730 2482 έπιόαλλύντων
742 2422 895 2490 ἀνυπόπτως
942 2426 1015 2485 όιιαν
1025 2424 1205 2503 πεπραγμένον
1216 2422 1338 2495 ἀσέόημα
1350 2412 1430 2493 εἶναι,
1444 2430 1496 2478 πᾶν
1510 2414 1553 2480 σύν
1568 2420 1713 2498 ἁμάρτημα

122 2515 165 2573 διδ
189 2514 286 2589 πόνου,
308 2512 398 2571 οὐδένα
413 2512 440 2569 δὲ
460 2514 511 2568 τῶν
526 2512 631 2592 φαύλων
652 2512 805 2578 ἀνυπόπτως
826 2512 895 2590 ἔχειν
941 2511 1065 2585 ἀσέύημα
1084 2501 1160 2570 εἶναι.
1201 2508 1263 2579 Ἔτι
1279 2509 1301 2567 δ’
1321 2512 1425 2587 ἀρέσκει
1447 2510 1547 2583 αὐτοῖς,
1573 2507 1617 2567 καῖ
1633 2507 1711 2562 πάντ’

121 2602 186 2679 πρὸς
200 2600 243 2659 τδν
259 2598 346 2659 πόνον.
367 2597 443 2669 Μηδὲ
464 2596 516 2677 γδρ
533 2597 579 2668 τὴν
603 2601 660 2656 κατ’
676 2598 749 2665 ἀξίαν
768 2604 896 2657 ποιεῖσθαι
942 2589 1006 2657 εἶναι
1021 2598 1064 2655 τὸν
1084 2598 1180 2677 ἄφρονα
1191 2601 1261 2660 θεοῖς
1276 2596 1377 2674 ἐχθρόν’·
1390 2597 1437 2667 τὴν
1454 2593 1505 2675 γδιρ
1518 2595 1611 2672 ἔχθραν
1625 2598 1714 2670 ἀσυμ-

122 2688 194 2746 δόσιν
205 2692 251 2759 τῆς
264 2689 355 2765 ἀρετῆς
368 2687 419 2742 τῶν
433 2684 537 2763 φαύλων
548 2685 605 2742 τινά
612 2730 622 2760 ,
634 2687 773 2743 σπουδαῖον
788 2685 835 2761 μὲν
846 2684 896 2763 γδιρ
943 2685 1039 2765 φοινίαν
1053 2674 1120 2741 εἶναι
1134 2687 1185 2741 τῶν
1201 2682 1268 2741 κατὰ
1283 2683 1327 2740 τὸν
1345 2682 1399 2761 βίον
1413 2683 1457 2739 καὶ
1469 2682 1612 2759 διχόνοιαν,
1624 2681 1713 2759 ὥσπερ

122 2766 190 2833 εῖναι
203 2774 249 2845 τὴν
262 2773 343 2843 δόσιν,
365 2772 512 2849 ἐπισταίμην
524 2762 620 2842 ούσαν,
637 2775 695 2830 καθ’
710 2772 742 2842 ἣν
766 2762 896 2847 ἀξιόλογόν
941 2771 986 2832 καί
997 2771 1044 2844 rip
1056 2770 1142 2849 φιλίαν
1153 2769 1304 2848 συμφωνίαν
1319 2771 1364 2827 καί
1376 2768 1506 2844 ὁμόνοιαν.
1549 2773 1713 2847 Διαφωνοῦσι

120 2884 147 2918 τι
162 2858 295 2938 ἡγούμεθα
317 2864 516 2939 περιποιεῖσθαι.
529 2861 590 2917 Τῶν
612 2858 639 2915 δὲ
653 2858 800 2917 σπουδαίαν
814 2858 896 2936 μηδέν
943 2860 964 2916 δ’
978 2862 1001 2918 οί
1014 2860 1108 2939 φαῦλοι
1121 2858 1185 2937 πρὸς
1201 2857 1260 2924 τοὺς
1278 2855 1348 2923 θεοὺς
1361 2857 1422 2935 περί
1438 2859 1488 2913 τῶν
1503 2855 1570 2913 κατὰ
1584 2858 1629 2913 τὀν
1646 2854 1713 2933 βίον,

121 3049 233 3097 laborem
247 3047 339 3098 subeat.
387 3049 480 3111 Quippe
493 3061 524 3098 na
536 3054 627 3097 rectam
640 3049 736 3110 qnidam
748 3049 842 3097 virtutis
856 3049 899 3097 do·
947 3050 988 3098 sed
1002 3051 1083 3112 pietati
1092 3053 1238 3100 contrarium
1256 3050 1373 3099 habitum.
1424 3050 1495 3112 atqui
1514 3049 1629 3111 quidquid
1646 3049 1717 3111 impia

122 3135 249 3184 nationem
262 3134 423 3196 improborum
434 3137 509 3184 iacere
519 3149 673 3197 quremquam,
684 3136 796 3198 quoniam
810 3136 899 3186 honum
944 3139 1096 3187 commissum
1107 3139 1147 3200 sit,
1157 3152 1209 3187 case
1218 3139 1318 3199 impium
1328 3137 1497 3198 lactum‚ergn
1509 3150 1580 3185 omne
1590 3141 1716 3197 peecatum

124 3223 159 3272 aii
177 3222 289 3284 donado,
306 3223 404 3271 seientia
424 3222 551 3282 videlicet,
573 3235 620 3283 qua
641 3221 694 3270 lrell
710 3221 827 3270 laudabile
842 3221 900 3295 qrrid
944 3225 1044 3286 impium
1059 3225 1149 3273 lactum
1166 3225 1292 3286 appellaui.
1326 3227 1401 3272 Porro
1411 3225 1439 3272 iis
1451 3225 1541 3285 placet,
1551 3238 1635 3272 ornnes
1645 3226 1716 3272 etium

124 3312 238 3372 eonaequl
249 3309 320 3359 nobie
337 3309 453 3370 ridemur.
465 3312 585 3359 Bonorum
602 3311 682 3357 autem
696 3309 754 3358 nihil
771 3311 795 3358 in
811 3310 899 3370 impro·
944 3313 1031 3360 stultos
1043 3312 1089 3360 diia
1098 3312 1207 3360 inimicus
1219 3325 1281 3373 ease,
1290 3311 1347 3372 quia
1356 3310 1479 3360 inimicitia
1490 3311 1521 3358 sit
1531 3312 1586 3359 vitu
1598 3311 1718 3359 discordia

125 3395 172 3443 lios
188 3395 287 3452 cadere;
301 3395 403 3456 ideoque
413 3395 530 3444 nemiuem
542 3395 706 3456 improborum
726 3397 790 3444 reate
803 3397 900 3444 uirtutis
944 3411 973 3446 ac
985 3399 1116 3458 dissensio,
1131 3399 1193 3447 sicut
1204 3399 1308 3447 amicitia
1323 3399 1451 3447 concordia
1461 3401 1484 3446 ct
1493 3398 1626 3446 consensio.
1666 3400 1716 3445 lm-

127 3483 279 3533 donatiouem
294 3484 378 3533 lacere.
411 3483 506 3545 Siquis
526 3485 588 3534 enim
608 3484 736 3533 stultorum
758 3498 800 3546 pre
819 3499 900 3534 rarum
946 3487 1014 3546 proti
1026 3499 1108 3535 veroa
1127 3486 1172 3534 diis
1193 3486 1225 3534 de
1240 3488 1296 3535 uilae
1317 3486 1431 3545 degendae
1453 3487 1542 3535 ratione
1562 3485 1717 3545 ιθι-σοιιιιυιιῐ,

125 3571 242 3632 ἀίριιίῑιισ
253 3572 348 3620 virtutis
359 3572 510 3621 donatiouem
523 3571 619 3633 iaceret,
635 3577 753 3633 quatenus
765 3573 826 3621 lianc
842 3575 902 3622 cole·
946 3573 1047 3635 ideoque
1059 3587 1142 3623 omnes
1159 3574 1225 3623 stulti
1238 3575 1286 3622 diis
1297 3573 1387 3621 inimici
1399 3572 1547 3632 judicantur,
1563 3559 1676 3633 quioniam
1696 3574 1715 3620 si

125 3665 178 3720 ret,
191 3660 442 3709 eatenuaauitioaeee
460 3659 596 3708 absuncrat.
652 3663 741 3708 omnes
761 3673 819 3708 veru
836 3661 902 3710 stulti
946 3664 1026 3711 cuncti
1041 3663 1094 3711 illos
1108 3662 1150 3724 qui
1162 3663 1221 3724 ipsis
1237 3663 1349 3711 contrarii
1369 3665 1426 3711 arunt
1445 3677 1487 3722 pro
1499 3662 1601 3710 inimicia
1620 3663 1719 3721 Ιιαοοιιῐ,

126 3745 408 3795 delectanturvitiueua.
464 3746 581 3796 Nimirum
596 3759 642 3794 nou
657 3745 820 3795 dietanullina
833 3747 901 3808 pretii
946 3750 1162 3798 virobonoautem
1183 3749 1260 3797 malus
1271 3749 1405 3797 contrarius
1417 3753 1471 3806 cat,
1485 3750 1565 3796 bonus
1582 3763 1640 3797 uero
1658 3751 1719 3799 dena

126 3845 185 3894 quae
196 3833 220 3881 i
236 3831 294 3882 alies
305 3834 429 3894 ingerunt,
445 3833 485 3882 aed
502 3835 563 3883 iacta
581 3847 664 3883 eorum
684 3833 785 3895 spectari
801 3836 902 3896 oportet.
946 3842 997 3897 ast,
1010 3836 1086 3885 malus
1099 3837 1146 3884 diis
1162 3837 1274 3885 inimicus
1283 3837 1314 3885 sii
1323 3839 1427 3897 oportet.
1461 3836 1720 3899 Quidiquodpceeata

33 3989 39 3994 ·
126 3919 244 3967 iliaanim
254 3920 792 3981 convincunturomnianimiimpetunuuad
806 3921 903 3971 lionesta
946 3923 1560 3986 omniaaequaliaessedicuut,nontamensimilia.
1597 3925 1718 3973 Nimirum

127 4007 154 4055 el
179 4005 307 4054 laudabilia
322 4006 392 4068 leni,
406 4005 448 4055 aad
469 4005 499 4054 ad
519 4019 601 4067 pravas
615 4008 639 4055 et
654 4006 820 4056 immoderatas
833 4009 903 4056 uolu·
948 4012 978 4059 ah
988 4023 1037 4060 uno
1050 4011 1109 4059 vitio
1126 4014 1242 4074 inaquam
1262 4013 1328 4061 lente
1345 4011 1460 4074 ρτοθιιοιο
1474 4013 1566 4070 aolenl,
1582 4011 1673 4072 judicio
1691 4015 1722 4061 da

128 4095 214 4152 piatas
235 4094 315 4142 Placet
322 4081 396 4142 'etiam
412 4093 560 4156 sapientibus
575 4107 646 4142 omne
660 4097 783 4154 peccalum
803 4095 903 4157 impium
947 4084 1059 4145 omuibus
1072 4097 1177 4158 precatis
1190 4096 1274 4144 andem
1286 4101 1410 4158 manarum
1421 4099 1462 4147 aad
1475 4113 1517 4159 pcr
1530 4102 1652 4148 externam
1666 4114 1721 4149 cau·

127 4181 220 4229 ίασΙιιιιι
234 4193 293 4229 auec.
336 4180 489 4230 Neminvitis
505 4179 649 4241 diiaaliquid
667 4181 757 4239 iacere,
777 4181 905 4242 impictatis
948 4196 1009 4243 εσιιι,
1020 4183 1210 4232 indillerentibus
1222 4184 1309 4246 quibus
1318 4184 1409 4244 judicia
1418 4187 1720 4236 accommodantururuta·

127 4266 328 4328 signumlrabcri.
360 4270 441 4325 Quum
452 4269 532 4316 autem
549 4265 582 4314 dii
597 4267 708 4316 virtulem
725 4281 870 4330 omnemque
880 4283 905 4317 u·
948 4272 1130 4330 tis‚dissimilia
1150 4285 1192 4331 pro
1213 4271 1327 4331 qualitate
1349 4271 1401 4320 lieri
1422 4277 1527 4333 peecata.
1561 4275 1625 4330 Quin
1650 4275 1722 4322 ctiam

127 4355 233 4402 ctionem
246 4353 370 4404 honestam
384 4354 451 4416 quasi
464 4367 506 4416 pro
518 4357 717 4417 cunegundem,
732 4369 747 4403 a
760 4355 818 4404 nitio
828 4356 906 4405 malis·
950 4359 1097 4421 perspicuam
1110 4360 1142 4407 rei
1156 4372 1228 4419 quam
1245 4359 1394 4408 illustramus
1411 4361 1539 4421 imaginem
1551 4361 1631 4409 animo
1643 4363 1721 4409 conci·

129 4453 179 4500 que
191 4439 334 4490 iecinoribus
343 4441 494 4502 abhorreant,
509 4444 633 4503 peecatum
644 4454 701 4490 vero
713 4442 801 4490 lactum
817 4443 906 4505 impro·
951 4447 1009 4507 pies,
1022 4446 1063 4495 ubi
1075 4447 1150 4494 trocae
1165 4449 1320 4507 reputaveris.
1349 4450 1428 4495 Omne
1440 4449 1591 4496 mendacium
1608 4449 1662 4496 sine
1673 4449 1723 4496 dia·-

129 4526 191 4574 bum
211 4527 257 4588 sit,
269 4533 368 4589 apparet
379 4509 451 4577 οαιύα
464 4533 587 4589 peccatum
601 4527 647 4576 diis
660 4529 819 4588 injucundum
838 4543 905 4592 σασα,
951 4533 1049 4582 crimine
1065 4533 1216 4582 mendacium
1228 4526 1275 4595 eal,
1286 4535 1510 4596 nequeenimaliud
1527 4536 1574 4583 alio
1588 4537 1723 4597 magiseasa

130 4613 184 4672 (ert
195 4619 277 4662 aulem
294 4615 340 4663 luoc
351 4613 451 4676 impium
466 4615 664 4677 lactum‚)atque
678 4615 768 4665 idcirco
782 4617 853 4665 lromo
863 4631 905 4668 uc·
951 4620 1036 4670 laisum
1051 4600 1136 4681 polest.
1169 4622 1265 4684 Quippe
1281 4626 1375 4671 uoctcm
1388 4622 1598 4683 esaatdiuaquum
1614 4623 1723 4685 sitluou

128 4712 205 4760 mnam
216 4700 241 4747 iu
250 4701 337 4762 qrroria
347 4705 412 4750 certe
423 4705 521 4763 peccato
534 4703 592 4750 lacit
605 4701 695 4764 aliquid
715 4703 760 4751 dlis
774 4703 904 4764 ingratum.
951 4710 1030 4756 minua
1046 4707 1132 4756 laisum
1145 4697 1190 4768 est,
1203 4723 1277 4770 quum
1296 4696 1378 4758 v'iuerc
1394 4710 1631 4772 hippocentaurum
1646 4723 1725 4771 neque

129 4790 250 4838 Pmterea
260 4801 336 4850 quum
348 4789 449 4852 improbi
463 4803 546 4839 omines
559 4779 719 4854 quoecumque
732 4791 822 4840 iaciunt
834 4807 907 4855 prava
951 4797 1053 4844 alterum
1064 4795 1139 4844 altero
1156 4798 1230 4858 magia
1241 4797 1326 4844 salsum
1343 4809 1428 4846 νοοοτο
1440 4797 1501 4846 licet
1519 4797 1565 4846 sed
1577 4811 1724 4857 quamquam

129 4873 237 4934 iaciant,
253 4879 280 4923 ut
290 4876 357 4936 probi
367 4889 451 4926 omnes
470 4883 550 4938 recle,
568 4879 638 4928 simul
652 4880 724 4929 etiarn
737 4893 785 4928 uno
799 4880 858 4929 viiio
873 4881 908 4930 la·
951 4896 1022 4932 omna
1032 4882 1182 4930 mendacium
1192 4896 1263 4944 aequo
1274 4883 1425 4931 mendacium
1438 4885 1484 4940 eat,
1496 4896 1543 4931 uon
1555 4887 1633 4930 tamen
1643 4896 1726 4932 omuca

130 4964 258 5012 norontem
274 4965 386 5013 omnibus
395 4965 504 5015 laborare
516 4951 612 5016 neccsse
623 4971 667 5016 est.
700 4969 856 5018 Caeterumin
872 4969 908 5018 iria
953 4970 994 5032 qui
1012 4970 1174 5035 decipiuntur,
1191 4969 1359 5019 eodemmodo
1375 4969 1536 5030 decipiuntur.
1581 4970 1647 5017 adda
1662 4970 1726 5030 qrrod

129 5051 280 5111 unpiatatarn
291 5065 385 5114 quoque
392 5055 472 5114 carni,
483 5067 529 5104 uon
542 5057 638 5116 quidem
652 5057 674 5105 in
693 5058 785 5106 uctirme
797 5057 906 5118 iimitem,
955 5059 1031 5121 magia
1050 5060 1088 5109 vel
1102 5059 1180 5107 miuus
1192 5071 1287 5121 peccare
1302 5058 1426 5120 nonlicet,
1441 5058 1634 5121 quandoquidem
1655 5072 1727 5109 aurire

242 5146 328 5185 ναιιυα.
344 5147 414 5184 enac
430 5151 453 5185 rr.
1648 5148 1661 5187 σ
