3959 5925
777 379 950 441 OEnounl
970 384 1219 453 FRAGMENTA.

148 498 171 553 οἱ
188 495 283 577 Πάριοι
297 498 388 558 Θάσον
403 498 521 579 ᾤκησαν.
565 505 625 563 Οὐκ
636 494 686 563 οἶδ’
697 498 741 565 orio
757 513 780 568 εἰ
796 508 827 568 σθ
841 510 926 583 λέγεις

148 583 195 659 μὲν
209 592 310 659 ταῦτα,
322 588 369 645 οὐκ
383 578 457 646 οἶσθα
470 589 497 647 δὲ
508 590 526 648 ἃ
539 592 632 671 λέγεις.
674 593 744 653 Ἀλλ’
754 598 810 655 ἐπεὶ
827 602 926 680 σχολὴν

1034 536 1126 620 ίίόστον
1140 541 1217 599 δίζηαι
1230 545 1328 609 πατρίην
1341 548 1363 603 ἐς
1374 557 1443 611 γαῖαν
1453 556 1543 605 triensi

1036 616 1054 657 A
1060 614 1210 673 μηιαρηῐαδη.

148 672 219 749 ἄγειν
234 672 355 751 ἐοίκαμεν
375 675 420 734 καί
443 679 533 756 μακρὰ
548 680 726 759 διαλέγεσθαι,
740 691 754 742 6
771 683 797 741 δὲ
811 687 885 760 λόγος
897 692 926 748 οὐ

148 758 293 840 πάρεργος,
307 765 389 822 ἐκεῖνό
410 788 454 838 μοι
478 767 551 842 λέγε·
573 767 644 843 (ἴσως
665 769 717 850 γάρ
740 773 785 830 καί
803 775 878 851 ὀλίγα
897 778 927 833 ἐκ
971 770 1041 829 Οὐδὲ
1055 773 1106 851 γάρ
1120 774 1150 832 σθ
1165 764 1239 834 οἶσθά
1255 801 1310 845 πως
1332 778 1356 837 εἴ
1375 779 1406 839 στ’
1420 805 1457 848 τις
1472 786 1556 861 ἐρωτᾷ
1572 786 1747 870 λδμριαρηῖά·

148 850 253 907 πολλῶν
266 854 340 928 ἀρκεῖ
346 853 364 927 l
377 842 430 929 ἀρά
442 854 473 930 γε’
483 854 508 910 τί
522 857 600 930 ἐσμεν
615 857 667 933 ἐγώ
680 882 708 915 τε
721 860 766 917 καί
779 860 825 933 ού,
837 862 926 934 Φαίης
972 861 1017 929 δης
1025 906 1033 933 ,
1050 864 1103 919 οὐδ’
1116 866 1139 920 εἰ
1153 864 1185 921 ori
1207 888 1232 923 rr
1245 856 1269 922 ci
1282 871 1295 925 6
1316 866 1499 946 ἐρωτώμενος,
1518 878 1563 937 καί
1582 874 1664 954 λέγειν
1683 879 1749 956 ἔγων

147 935 189 992 όν·
202 938 286 995 Τοῦτο
301 938 327 996 δέ
343 939 435 998 ὁπόθεν
449 940 541 1017 ἴσμεν,
557 946 593 1024 τῷ
609 948 667 1004 ποτ’
679 945 730 1022 ἀρα
743 954 818 1007 τοῦτο
832 950 926 1007 εἰδέναι
971 948 1033 1023 περὶ
1049 941 1084 1007 rin
1102 975 1140 1017 τις
1152 954 1245 1031 ἐρωτᾷ.
1263 956 1338 1025 Μηδὲ
1358 956 1513 1035 Χρύσιππος
1529 960 1579 1041 ἀρα
1593 966 1607 1020 6
1623 962 1670 1036 rip
1685 942 1748 1041 ἡμι-

148 1022 350 1102 ἐκρίναμεν;Ἧ
369 1030 417 1087 οὐκ
432 1028 496 1089 ἄλλο
515 1033 604 1089 ἱκανὸν
620 1031 718 1106 οὕτως,
734 1038 769 1100 ὡς
793 1040 810 1105 ἡ
836 1038 926 1093 συναί-
971 1038 1089 1097 δουλείαν
1104 1040 1225 1118 εἰσάγων,
1241 1040 1292 1114 δ,τι
1307 1044 1371 1103 ποτέ
1391 1049 1460 1104 ἐστιν
1476 1047 1540 1106 αὐτὸ
1557 1055 1633 1108 τοῦτο
1648 1053 1695 1110 οὐκ
1713 1055 1751 1111 εἶ·

147 1113 236 1184 σθησίς
257 1137 286 1172 τε
313 1115 358 1173 καί
389 1116 525 1197 ἀντίληψις
556 1123 632 1195 ἡμῶν
656 1124 756 1194 αὐτῶν,
778 1124 813 1181 Τί
836 1124 870 1196 δ’;
887 1126 927 1183 ὅτι
975 1124 1024 1188 δὼς
1035 1131 1056 1197 ⁸,
1069 1129 1211 1185 ἀπαντάτω
1226 1132 1260 1197 εἷς
1276 1130 1322 1203 τὴν
1337 1132 1431 1208 στοάν,
1449 1136 1511 1211 μηδ’
1528 1138 1618 1195 οἰέσθω
1633 1142 1752 1212 ἀπαντή-

146 1201 200 1279 ζῷά
223 1204 303 1278 ἐσμεν
327 1206 382 1270 πῶς
398 1208 456 1262 ποτ’
469 1205 521 1286 ἀρα
539 1206 691 1286 ἐξεόρομεν;
705 1213 760 1276 πῶς
785 1211 807 1267 δ’
820 1208 859 1268 ότι
882 1213 927 1270 καὶ
973 1216 1064 1271 σεσθαι
1079 1214 1137 1280 τοὺς
1153 1216 1273 1293 βλίννσυς
1285 1220 1396 1286 ἐκείνους
1410 1226 1444 1287 ὡς
1466 1222 1541 1281 αὐτὸν
1563 1227 1751 1301 ἀκουσομένους

146 1287 229 1367 ζῴων,
245 1294 280 1355 ὡς
295 1289 343 1367 μὲν
359 1289 390 1349 διν
405 1292 457 1368 ἐγὼ
472 1294 587 1371 εἴποιμι,
602 1294 746 1375 ἄνθρωποι·
761 1297 806 1356 καί
825 1298 924 1377 ἀνθρώ·

145 1398 203 1434 πων
214 1380 227 1433 6
240 1376 286 1452 μὲν
299 1377 375 1457 γόης,
391 1384 405 1437 6
419 1380 446 1437 δὲ
461 1379 553 1458 γόητος
569 1385 742 1461 ἀπελεγκτής·
753 1387 787 1451 ὡς
801 1386 864 1443 δ’ἀν
880 1388 923 1460 σύ,

136 1464 220 1539 ,ὁμὲν
243 1466 396 1545 ἄνθρωπος,
412 1473 426 1526 6
441 1468 468 1526 δὲ
483 1470 554 1541 θεός,
565 1472 610 1529 καὶ
631 1476 645 1529 6
670 1471 717 1548 μὲν
741 1473 848 1549 μάντις,
865 1480 879 1535 6
896 1478 923 1534 δὲ

148 1555 405 1634 συκοφάντης;“ίίαί
426 1556 494 1640 ἐστω
517 1558 547 1636 γέ
567 1582 608 1617 σοι
635 1559 715 1630 οὕτως
738 1560 809 1640 ἔχον,
831 1564 926 1645 ἐάνπερ

147 1640 228 1719 ἔγωγε
251 1644 319 1703 ἀλῶ.
352 1646 425 1711 Πῶς
439 1645 462 1702 δ’
476 1644 517 1704 ότι
531 1648 702 1725 διαλεγόμεθα
715 1653 741 1707 ἐν
754 1655 792 1732 τῷ
814 1654 926 1730 παρόντι

145 1730 342 1807 ἐγνώκαμενςΤ
344 1731 353 1790 ί
366 1731 429 1810 φίας
440 1724 481 1811 ἀρ’
487 1737 534 1793 οὐκ
549 1737 628 1812 ὀρθῶς
640 1736 779 1816 ἐκρίναμεν
789 1738 837 1811 τὴν
847 1744 922 1816 ἡμῶν

148 1820 233 1875 αὐτῶν
255 1820 394 1901 ἀντίληψιν
426 1825 464 1900 τῷ
492 1822 598 1881 πάντων
625 1825 759 1907 ἐγγυτάτω
786 1828 924 1905 πράγματι

147 1906 235 1986 αὐτῷ,
252 1908 387 1979 Δηλονότι.
429 1911 470 1968 Οὐ
482 1908 533 1989 γὰρ
547 1902 579 1983 ἦν
593 1911 658 1970 ἀλλο
676 1915 754 1971 αὐτοῦ
773 1914 831 1973 οὔτε
856 1917 925 1975 ἀνώ-

145 2018 229 2075 τερον,
249 1996 307 2055 οὔτε
330 1996 517 2077 πρεσόότερον,
531 1998 590 2057 οὔτε
604 2000 768 2080 πιστότερον.
810 2004 887 2063 Ἐπεί
902 2008 925 2063 εί

147 2084 184 2159 μὴ
200 2082 282 2150 οὕτως
297 2084 364 2157 ἕξει,
377 2084 443 2161 μήτε
458 2085 509 2163 άρα
523 2085 558 2152 ὥς
572 2088 602 2146 σε’
614 2112 652 2154 τις
664 2091 699 2155 είς
713 2090 828 2171 Δελιροδς
840 2114 923 2173 παρα-

143 2172 256 2246 γενέσθω
270 2174 359 2231 λοιπὸν
373 2172 456 2250 ὄνομα
470 2173 629 2251 Ἀλκμαίων,
644 2177 792 2244 ἀπεκτονὼς
804 2178 851 2248 την
867 2205 923 2255 μη-

143 2257 220 2335 τέρα,
233 2259 277 2318 καί
297 2260 395 2319 οίκοθεν
413 2259 597 2337 ἐλαυνόμενος,
610 2263 656 2321 καί
669 2263 757 2322 οἴκαδε
775 2268 921 2345 ἐπιθυμῶν.

144 2345 184 2402 Οὐ
202 2345 253 2424 γάρ
275 2339 352 2419 οἶδεν,
364 2346 419 2406 οὔτ’
435 2348 528 2407 εἶέστι
544 2373 569 2406 τι
590 2351 666 2417 αὐτὸς
681 2352 848 2431 τοπαράπαν,
863 2352 922 2411 οὔτε

143 2433 166 2488 εἰ
180 2431 278 2491 οἴκοθεν
292 2434 444 2507 ἐλαύνεται,
456 2436 510 2495 οὔτ’
521 2440 543 2497 εἰ
563 2438 650 2495 οἴκαδε
672 2440 806 2516 ἐπιθυμεῖ·
823 2443 881 2500 ἀλλ’
900 2445 922 2499 εἶ

144 2519 188 2578 καί
211 2520 332 2597 μαίνεται
347 2526 361 2579 6
376 2522 525 2600 Ἀλκμαίων
539 2525 584 2584 καί
599 2529 703 2585 ὑπονοεῖ
714 2530 747 2583 τδι
762 2528 800 2604 μὴ
819 2532 894 2599 ὄντα,
909 2530 925 2588 6

143 2631 173 2684 γε
191 2608 284 2676 Πύθιος
298 2612 328 2668 οὗ
343 2610 476 2687 μαίνεται.
518 2612 596 2684 Μηδὲ
610 2612 671 2690 λέγε
686 2612 766 2679 οὕτως
772 2660 780 2685 ,

971 1298 1013 1356 τὸν
1034 1290 1113 1358 οθτιν·
1129 1304 1195 1375 μηδὲ
1217 1306 1383 1365 διατεινέσθω
1402 1309 1463 1390 περί
1488 1312 1600 1387 μηδενός
1620 1316 1751 1383 καταστὰς

970 1386 1035 1465 πρὸς
1055 1388 1102 1464 μὲν
1124 1389 1288 1469 Ἀρκεσίλαον
1301 1394 1435 1476 παρόντα,
1461 1400 1524 1478 πρὸς
1547 1399 1574 1459 δὲ
1595 1401 1749 1482 Ἐπίκουρον

972 1476 1000 1530 οὗ
1016 1476 1143 1552 παρόντα.
1196 1478 1233 1538 Τί
1252 1480 1304 1560 γάρ
1320 1483 1390 1539 ἐστιν
1416 1487 1429 1541 6
1453 1484 1626 1562 Ἀρκεσίλαος,
1648 1488 1673 1548 τί
1694 1490 1750 1549 δέδ

971 1559 1144 1642 Ἐπίκουρος,
1158 1564 1175 1636 ἢ
1190 1566 1215 1624 τί
1231 1573 1246 1639 ἡ
1262 1570 1351 1646 Στοά,
1366 1570 1383 1642 ἢ
1398 1572 1424 1629 τί
1438 1575 1461 1631 οἱ
1475 1574 1542 1649 νέοι,
1557 1576 1621 1647 ἢτίς
1634 1581 1647 1635 6
1663 1570 1746 1650 οθτις,

970 1649 1024 1710 οὔτ’
1041 1644 1119 1725 citro,
1135 1654 1193 1714 οὔτε
1209 1648 1260 1723 οἶος
1281 1660 1384 1717 εἰδέναι·
1400 1661 1466 1720 πολὺ
1480 1663 1531 1744 γάρ
1554 1666 1680 1745 πρότερον
1695 1671 1748 1727 οὐδ’

970 1743 993 1799 εἰ
1009 1741 1083 1809 αὐτός
1098 1744 1123 1802 τί
1140 1748 1208 1803 ἐστιν
1224 1736 1301 1803 οἶδεν.
1315 1746 1385 1806 Ἀλλ’
1400 1750 1447 1807 οὐκ
1464 1751 1582 1821 ἀνέξεσθε
1597 1755 1655 1813 οὔτε
1666 1758 1749 1831 ὑμεῖς,

969 1828 1029 1887 οὔτε
1044 1833 1058 1887 6
1072 1831 1253 1911 Δημόκριτος,
1278 1836 1300 1891 εί
1320 1834 1391 1911 λε’γοι
1406 1861 1444 1904 τις
1458 1844 1554 1897 ταῦτα·
1571 1842 1600 1898 οὐ
1614 1843 1664 1921 γάρ
1683 1836 1750 1902 εἶναι

971 1917 1121 1998 πιστότερον
1135 1918 1228 1998 μέτρον
1238 1912 1269 1978 06
1282 1920 1359 1997 λέγω·
1373 1926 1425 1982 οὐδ’
1441 1928 1463 1985 εί
1474 1928 1544 1985 δοκεῖ
1552 1928 1597 1987 καί
1612 1929 1679 1989 ἀλλα
1691 1932 1749 1989 τινὰ

969 1995 1151 2088 εἶναι,τοιίτῳ
1177 2008 1200 2084 γ’
1225 2008 1256 2067 ἀν
1283 2012 1459 2090 παρισωθείη·
1479 2012 1495 2085 ἢ
1513 2017 1672 2094 παρισωθείη
1701 2019 1748 2096 μὲν

970 2092 1013 2171 ἀν,
1029 2096 1187 2174 ὑπερόάλλοι
1199 2097 1226 2155 δὲ
1239 2100 1286 2155 οὐκ
1297 2098 1337 2156 ἀν.
1381 2104 1493 2175 Οὐκοῦν,
1507 2104 1612 2184 φήσειεν
1623 2105 1654 2163 ἄν
1665 2130 1713 2178 τις,
1727 2098 1749 2166 ιδ

969 2174 1277 2262 Δημόκριτε,καίσθάν
1301 2186 1459 2265 Χρύσιππε,
1485 2191 1529 2249 καί
1550 2182 1623 2250 σθάν
1650 2195 1747 2269 μάντι,

969 2268 1060 2341 ἐπειδὴ
1076 2276 1246 2351 ἀγανακτεῖτε
1270 2274 1294 2331 εἴ
1318 2299 1356 2341 τις
1380 2278 1503 2349 ἐθελήσαι
1527 2278 1686 2357 παρελέσθαι
1701 2281 1748 2353 τὴν

969 2360 1040 2432 ὑμῶν
1056 2360 1141 2417 αὐτῶν
1156 2361 1302 2441 ἀντιληψιν·
1317 2364 1346 2420 οὖ
1361 2362 1410 2442 γάρ
1424 2363 1463 2423 ἔτι
1475 2368 1521 2433 τδις
1533 2368 1634 2434 ’πολλάς
1650 2367 1749 2436 ἐκείνας

969 2446 1076 2521 βίόλους
1090 2436 1165 2504 εἶναι·
1180 2449 1241 2528 ρέρε
1258 2450 1302 2507 καί
1319 2454 1396 2527 ἡμεῖς
1414 2454 1699 2529 ἀνταγανακτήσωμεν.
1716 2457 1749 2515 Τί

969 2533 1001 2601 δή
1017 2557 1080 2591 ποτε
1090 2557 1098 2609 3
1117 2532 1201 2593 Ἔνθα
1225 2534 1272 2609 μὲν
1287 2536 1319 2594 ἀν
1336 2540 1395 2612 ὑμῖν
1413 2538 1491 2617 δοκῇ,
1516 2538 1590 2597 ἔσται
1613 2543 1748 2602 τοῦτοκαὶ

970 2618 1128 2677 πιστότατον
1141 2621 1186 2677 καί
1200 2620 1390 2699 πρεσόιίτατον·
1402 2624 1462 2683 ἔνθα
1476 2624 1497 2682 δ’
1508 2623 1539 2683 ἀν
1555 2626 1592 2701 μὴ
1607 2629 1680 2707 δοκῇ,
1695 2632 1748 2687 ἐκεῖ

146 2750 1739 2786 -ῄ-ᾞ--ω-,Ρ-ῄ

140 2830 223 2878 iores:
244 2831 286 2893 qui
304 2831 350 2879 uisi
369 2844 425 2881 cum
439 2832 471 2881 rei
485 2834 614 2881 admonere
627 2834 759 2894 voluisses,
777 2849 820 2884 nec
840 2836 862 2885 ιιι
879 2851 923 2886 uu·

143 2928 214 2976 quarn
226 2916 277 2978 ipsc
288 2918 431 2978 nuntiasset,
442 2932 487 2968 nec
496 2919 654 2970 Archilochus
663 2921 715 2983 ejus
725 2922 788 2972 lrllus
798 2925 923 2974 Pariorum

142 3004 262 3053 coloniam
278 3018 308 3054 co
326 3005 479 3068 deduxisset,
497 3021 542 3056 nec
560 3009 622 3058 Parii
643 3010 749 3059 Thasum
767 3012 922 3062 tratrilasseul.

143 3093 261 3153 liquidem
278 3094 374 3154 nescio,
388 3107 418 3142 an
431 3098 457 3144 tu
471 3096 523 3145 lraec
538 3097 634 3158 quidem
649 3098 729 3158 dicas,
740 3099 782 3148 sort
801 3103 881 3149 lumen
897 3115 924 3150 ca

143 3193 200 3240 qure
214 3179 274 3228 dicis
285 3194 333 3229 uon
347 3181 474 3245 intelligas.
506 3187 596 3233 Verum
606 3186 720 3246 quoniam
732 3186 861 3248 longiorem
873 3201 924 3237 ser-

143 3280 239 3315 monem
252 3268 329 3317 otium
342 3274 452 3319 nostrum
464 3271 561 3333 patitur,
572 3275 620 3322 uec'
628 3274 648 3321 is
660 3273 751 3323 alienus
765 3276 802 3323 est
819 3275 923 3335 iuturus,

142 3354 202 3403 illud
217 3355 275 3404 milri
291 3355 329 3405 dic
343 3356 428 3418 (pauca
444 3359 510 3407 enirn
526 3360 626 3409 tortasse
640 3374 654 3410 e
667 3360 749 3410 multis
763 3361 896 3425 sufficiunt)
917 3383 922 3411 ι

144 3444 271 3507 numquid
286 3459 329 3506 ego
341 3449 366 3494 et
378 3449 403 3495 tu
417 3447 509 3496 simus?
520 3451 626 3509 Sunius,
637 3449 740 3511 inquies.
775 3452 827 3499 lloc
843 3454 923 3499 aulem

144 3531 207 3579 unde
227 3533 332 3580 scimus?
352 3536 395 3583 aut
416 3547 466 3596 quo
489 3535 586 3584 tandem
601 3539 742 3596 argumento
762 3550 806 3586 nos
825 3537 848 3586 ιιι
865 3538 925 3587 scire

143 3617 298 3678 collegimus?
311 3622 394 3669 Nonne
406 3621 498 3681 lateris,
510 3623 577 3671 nulla
586 3623 631 3671 alia
642 3637 667 3673 re
676 3624 773 3685 perinde
791 3625 837 3673 lroc
850 3627 923 3685 ellici,

143 3716 216 3765 quam
233 3714 305 3753 sensu
324 3705 429 3766 quodum
443 3711 468 3757 et
484 3711 635 3771 perceptione
650 3715 747 3759 nostra?
766 3712 829 3769 Quill
848 3718 923 3762 vcro?

144 3793 278 3841 animantes
298 3805 343 3840 nos
357 3806 423 3854 esse,
434 3796 556 3856 quomodo
569 3797 665 3846 tandem
679 3798 857 3858 comperimus?
866 3814 924 3860 quo·

145 3879 218 3927 modo
231 3893 261 3929 ex
278 3879 457 3942 animantibus,
478 3883 506 3930 ut
522 3883 581 3931 milri
597 3884 695 3945 quidem
720 3884 868 3947 loquendum
892 3887 924 3935 ri-

143 3968 222 4030 detur,
245 3969 365 4030 lromines,
384 3981 414 4017 cx
434 3968 573 4018 homiuibus
595 3972 791 4034 praestigiatorem
807 3972 923 4034 alterum,

145 4055 246 4104 alterum
256 4056 432 4118 praestigiatoris
441 4057 610 4118 exagitatorern
620 4078 627 4108 ι
638 4061 664 4108 ut
674 4062 699 4108 tu
711 4072 768 4109 reru
775 4059 843 4122 dicis,
851 4061 923 4110 dnum

143 4135 252 4199 alterum,
264 4141 365 4191 alterurn
384 4141 521 4192 lrominern?
532 4145 637 4207 itemque
646 4149 725 4193 ratem
735 4144 837 4194 alterum
847 4183 854 4205 ,
865 4146 922 4196 allo·

144 4243 197 4278 rum
207 4230 359 4280 delatorem?
370 4234 400 4280 Ει
413 4233 444 4280 sit
457 4232 555 4301 quidem
572 4233 616 4282 tibi
633 4247 714 4283 rerum
734 4233 795 4284 ratio
816 4237 885 4296 talis,
902 4239 923 4286 si

144 4329 187 4378 ego
201 4318 324 4367 convictus
338 4318 412 4368 luero.
445 4322 495 4368 Nos
506 4321 622 4370 antemio
636 4323 762 4383 presentia
774 4325 826 4372 luen
840 4324 922 4385 ‹lispu-

144 4408 208 4464 tare,
221 4418 270 4466 quo
289 4409 357 4466 pacto
373 4407 550 4468 cognorimus?
568 4409 632 4467 Quid
646 4410 700 4458 uis?
712 4424 791 4459 nonne
810 4413 877 4460 recle
894 4411 924 4460 de

146 4495 229 4539 nostra
238 4492 383 4554 percipiendi
394 4495 418 4541 ri
430 4507 458 4542 err
473 4507 501 4543 eo
516 4495 557 4558 qui
570 4495 634 4545 inter
645 4509 731 4546 manus
742 4502 780 4545 est
793 4496 846 4545 loco
858 4496 923 4556 jndi-

1023 2846 1056 2885 ἰιι
1067 2842 1165 2887 cortitum
1177 2846 1200 2887 in
1211 2844 1304 2899 patriam
1318 2846 1377 2890 rotis
1388 2845 1533 2902 llagrentibus
1542 2859 1617 2903 urges,

1023 2920 1203 2977 nnrplruratnrlc.

971 3089 1030 3136 Nam
1044 3087 1147 3148 primum
1160 3101 1189 3137 nc
1200 3089 1252 3151 ipse
1266 3089 1363 3151 quidem
1383 3091 1432 3138 ullo
1450 3090 1521 3140 morlo
1544 3091 1674 3155 intelligis,
1689 3107 1745 3142 nrun

967 3174 1025 3235 quis
1038 3176 1061 3222 te
1074 3160 1201 3236 rntciroget
1211 3176 1347 3252 Aruplriarai
1359 3177 1434 3238 filius,
1444 3178 1530 3228 duride
1541 3179 1665 3242 numquid
1679 3183 1704 3228 tu
1715 3182 1748 3228 sis

968 3262 1010 3323 qui
1023 3262 1191 3324 interrogaris,
1207 3265 1309 3327 denique
1327 3279 1385 3314 nuru
1397 3266 1539 3327 respondere
1546 3268 1624 3329 possis
1636 3267 1666 3317 cle
1683 3269 1749 3317 rede

969 3363 1017 3411 que
1031 3351 1084 3413 quis
1100 3358 1122 3400 te
1132 3353 1242 3401 consulit.
1253 3355 1286 3401 lle
1299 3355 1371 3414 igitur
1383 3355 1533 3417 Chrysippus
1549 3355 1697 3406 dimidiatam
1711 3357 1748 3404 irr-
1795 3415 1798 3419 ¹

969 3441 1100 3490 treducens
1114 3443 1268 3505 seruitutem,
1286 3457 1362 3506 quum
1382 3449 1462 3494 tamen
1474 3459 1530 3507 quoe
1544 3446 1576 3495 sit
1586 3459 1615 3494 ea
1628 3459 1665 3495 res
1679 3459 1748 3504 pror·

969 3541 1011 3576 sus
1030 3528 1135 3590 ignoret,
1148 3529 1173 3578 in
1189 3529 1307 3591 porticum
1328 3531 1445 3578 rontilaro
1463 3533 1573 3592 conetur,
1588 3545 1647 3580 nere
1663 3531 1748 3580 eodem

970 3616 1071 3664 stolidos
1086 3617 1193 3664 lromines
1210 3617 1240 3665 ad
1265 3616 1345 3678 ipsum
1362 3617 1507 3666 audiendum
1533 3631 1604 3679 quem
1629 3618 1749 3667 neminem

969 3705 1150 3765 existimomus,
1162 3706 1274 3753 rentur-os
1293 3708 1373 3764 μυίαις
1390 3715 1449 3752 nero
1465 3705 1515 3763 jam
1531 3704 1563 3753 de
1578 3704 1658 3753 stabili
1674 3704 1749 3766 gradu

968 3795 1010 3841 aut
1026 3799 1143 3852 praesente
1154 3805 1208 3841 cum
1226 3792 1329 3840 Arcesila
1343 3793 1384 3839 aut
1393 3805 1447 3838 cnm
1464 3791 1567 3852 Epicuro
1581 3792 1678 3841 absente
1690 3805 1748 3841 corr-

969 3881 1064 3938 tendat:
1079 3880 1173 3941 quamlo
1184 3880 1217 3939 is,
1227 3879 1284 3941 quid
1300 3882 1342 3929 aul
1356 3881 1480 3940 Arcesilas,
1495 3881 1538 3931 aut
1555 3881 1684 3943 Epicurus,
1707 3883 1749 3930 aul

968 3969 1026 4032 quid
1050 3969 1172 4026 Porticus,
1194 3967 1252 4029 quid
1273 3967 1445 4030 adolescentes,
1466 3969 1523 4030 qrrirl
1542 3983 1614 4019 nemo
1631 3969 1682 4032 lpse
1704 3973 1748 4032 sil,

968 4069 1012 4105 nec
1028 4054 1148 4116 intelligit,
1167 4067 1213 4104 nec
1228 4054 1358 4116 inlelligere
1372 4055 1469 4106 omnino
1495 4059 1587 4116 polest,
1608 4070 1663 4104 narn
1684 4057 1748 4117 quod

969 4143 1045 4192 multo
1061 4143 1126 4202 prius
1138 4145 1188 4202 est,
1207 4143 1267 4192 sitne
1283 4143 1332 4205 ipse
1359 4142 1447 4204 aliquid
1462 4144 1623 4203 annihilati,
1649 4156 1679 4192 ne
1703 4142 1748 4192 lrnc

968 4231 1065 4292 quidem
1081 4231 1229 4294 exploratum
1248 4231 1327 4280 lrabet.
1339 4234 1370 4280 At
1385 4231 1516 4280 orationem
1532 4231 1602 4279 islam
1614 4243 1692 4292 nequo
1706 4242 1749 4279 ros

969 4318 1072 4380 scilicet,
1091 4331 1169 4380 neque
1186 4319 1336 4368 Democritus
1350 4318 1417 4381 ierat,
1436 4319 1502 4381 quod
1513 4319 1558 4367 ulia
1568 4319 1664 4378 certior,
1676 4331 1747 4379 quam

968 4420 997 4456 ea
1015 4407 1084 4469 cujus
1104 4407 1217 4467 memini,
1232 4407 1304 4466 liuius
1321 4407 1355 4454 rel
1374 4406 1521 4456 estimanda)
1541 4405 1601 4454 ratio
1615 4405 1680 4454 nulla
1696 4418 1748 4454 csse

970 4500 1059 4556 queul;
1070 4496 1112 4543 aut
1124 4494 1144 4543 si
1157 4494 1210 4543 aliae
1218 4501 1332 4556 practerea
1345 4493 1406 4555 τίοι,
1417 4507 1471 4542 cum
1482 4494 1521 4542 illa
1532 4495 1611 4542 tamen
1625 4491 1747 4554 adequari

144 4580 367 4629 camuslomnino.
399 4585 483 4645 Neque
501 4583 564 4632 enim
583 4584 648 4632 alind
663 4598 692 4633 eo
707 4584 746 4633 rel
760 4584 869 4646 superius
886 4585 923 4632 rel
969 4595 1017 4631 nnn
1031 4581 1141 4644 possinl;
1156 4585 1198 4630 aul
1212 4582 1233 4630 sl
1246 4583 1305 4631 torte
1316 4581 1436 4642 acloequari
1451 4581 1550 4644 possint,
1563 4593 1616 4629 eam
1627 4583 1691 4629 certe
1705 4593 1746 4631 su·

145 4665 267 4727 antiquins
285 4668 323 4716 rel
338 4667 384 4718 fide
398 4670 492 4730 dignius
506 4673 552 4720 eal.
584 4673 698 4734 Alioquin
713 4672 777 4721 enim
795 4671 923 4721 deriuatio
969 4682 1053 4732 perare
1071 4674 1198 4731 nequeant.
1225 4669 1396 4728 Quamobrem,
1416 4669 1506 4730 inquiet
1520 4667 1653 4730 quispiam,
1668 4680 1684 4716 o
1698 4670 1746 4716 De·

146 4758 268 4811 posterum
295 4756 319 4804 le
340 4755 463 4806 Alcmaeon
493 4758 574 4807 nescio
596 4759 664 4820 quis,
687 4759 809 4809 interiecta
832 4760 922 4818 matre,
968 4757 1200 4818 ruocrile,luqueo
1219 4756 1351 4818 clrrpsippe
1367 4760 1391 4806 et
1404 4760 1429 4805 tu
1451 4757 1511 4804 bone
1525 4759 1611 4814 vates,
1633 4754 1746 4816 quonium

145 4839 219 4889 domo
234 4843 315 4904 pulsus
331 4843 431 4907 ejusque
447 4848 525 4896 tamen
541 4847 656 4910 cupidus,
674 4847 770 4909 Dolplris
786 4848 922 4897 convenire.
969 4845 1121 4905 indignemini
1138 4845 1221 4907 siquis
1236 4845 1303 4894 robis
1317 4845 1391 4894 animi
1409 4843 1588 4908 perceptionem
1603 4843 1694 4906 eripere
1705 4855 1746 4892 co·

146 4929 241 4992 Quippe
263 4945 341 4994 neque
364 4933 430 4996 ipse,
444 4935 507 4985 sitne
521 4937 619 4985 omnino
638 4936 745 5000 aliquid,
762 4951 808 4987 nec
822 4937 925 5001 dornone
969 4937 1054 4994 netum
1065 4945 1142 4993 neque
1153 4933 1218 4981 enim
1228 4931 1251 4980 ld
1262 4933 1310 4994 jam
1320 4935 1365 4992 est,
1378 4931 1495 4994 ingentem
1508 4931 1579 4980 islam
1588 4931 1745 4992 nescioquam

147 5016 259 5078 pellatur,
280 5032 325 5069 nec
345 5020 484 5081 ‘tristiumue
503 5024 605 5086 cupidus
625 5025 657 5073 sit
673 5025 789 5086 intelligit.
823 5028 854 5075 At
870 5025 925 5073 ticet
970 5022 1085 5070 lilrrorurn
1097 5020 1269 5084 supellectilem
1288 5020 1379 5081 eripere
1394 5034 1400 5068 τ
1413 5033 1456 5082 nge
1472 5033 1517 5068 nos
1527 5030 1622 5081 quoque
1637 5017 1745 5080 indigne·

148 5104 251 5155 luciosus
265 5106 296 5157 sit
308 5107 444 5170 Alcmaeon,
458 5124 561 5174 quaeque
578 5125 625 5161 nun
642 5115 699 5162 sunt
717 5112 858 5176 suspicetur,
877 5125 924 5160 nou
969 5123 1032 5160 mur.
1047 5110 1111 5168 Quid
1126 5110 1238 5159 landem?
1252 5110 1298 5158 Ubi
1311 5109 1381 5158 robis
1397 5109 1428 5158 ita
1447 5108 1527 5158 risnrn
1548 5107 1633 5170 luerit,
1643 5107 1746 5157 certissi-

147 5192 204 5243 lurit
217 5195 315 5257 quidem
326 5197 435 5259 Pptlriua.
468 5200 755 5251 carentiamriccanas:
970 5213 1037 5248 muru
1056 5200 1101 5248 lrnc
1122 5198 1232 5249 νιιιοιιοει
1245 5201 1269 5249 et
1288 5197 1667 5259 antiquissimumrarpumenlnm
1686 5195 1743 5256 erit3
