3959 5925
783 366 833 447 'nn
855 386 1067 451 soranus,
1680 411 1735 453 iu

52 597 67 613 ,
127 522 284 585 suavitatis
299 533 328 579 et
346 519 511 578 dulcedinis
530 520 809 581 commendationem
824 521 916 581 habe-
935 526 940 547 ⁸
961 525 993 582 in
1003 523 1082 582 bello
1094 542 1148 581 nec
1159 524 1257 582 minor
1269 525 1300 582 in
1314 544 1396 603 paco.
1439 525 1495 583 Sed
1508 527 1740 602 quamvisAthe·

129 626 188 671 ret.
232 612 271 668 At
290 612 371 687 ipsas
392 628 493 666 eorum
509 609 655 667 orationes
681 630 739 667 non
762 611 868 688 politas
888 624 917 671 et
937 630 940 673 t
961 610 1077 670 nieuses
1090 612 1227 672 libertate
1245 613 1422 685 fruerentur,
1443 615 1611 673 tamenhaec
1624 614 1741 675 dicendi

127 707 295 781 elegantes,
310 701 360 760 sed
373 713 493 779 propter
507 702 689 777 antiquitatis
702 704 785 779 quasi
800 703 915 779 rubigi-
937 676 940 785 l
960 700 1008 758 vis
1025 713 1054 758 et
1066 700 1151 777 copia
1163 720 1223 758 nou
1239 715 1306 759 autc
1317 703 1466 760 inventam
1479 716 1571 760 artem
1584 704 1742 761 oratoriam

129 812 199 851 nem
215 789 397 849 horridiores
414 789 502 847 fuisse
514 808 599 846 nemo
613 809 674 847 non
685 790 775 850 ridet.
818 791 916 869 Neque
961 788 1090 865 perfecta
1108 802 1162 846 est.
1207 789 1302 867 Hujus
1324 792 1459 849 inventio
1479 790 1586 849 Siculis
1607 790 1737 852 debetur.

130 900 207 941 vero
230 880 324 939 soluta
346 876 442 934 oratio
468 895 521 953 per
546 896 575 934 se
596 876 706 935 sufficit
729 878 765 935 ad
789 878 915 939 disertos
937 927 940 969 Ι
960 876 1102 949 Aitenim
1121 877 1291 936 Aristoteles
1305 878 1427 937 sublatis
1441 880 1473 938 in
1491 878 1593 937 Sicilia
1606 880 1738 955 tyrannis

132 967 293 1035 faciendos,
308 964 366 1023 nisi
381 983 415 1021 ea
427 976 472 1022 est
483 963 652 1040 reipublicae
663 966 754 1024 forma
766 986 830 1042 quar
844 968 915 1025 civi·
937 974 940 1043 l
959 965 982 1026 i.
1009 984 1034 1025 e.
1055 958 1150 1023 'tertio
1171 963 1359 1044 Olympiadis
1384 968 1604 1045 septuagesimae
1632 980 1741 1025 octavae

131 1058 192 1117 bus
208 1054 338 1133 quotidie
356 1050 531 1110 uberrimam
544 1052 661 1113 dicendi
676 1056 824 1114 materiam
839 1076 915 1135 prae·
961 1071 1039 1110 anno
1053 1052 1099 1110 vel
1121 1067 1187 1112 ante
1207 1054 1274 1114 Chr.
1293 1076 1323 1115 n.
1344 1056 1422 1131 466,
1442 1076 1533 1133 quum
1554 1074 1600 1114 res
1617 1055 1740 1133 p'riratae

134 1145 201 1204 beat
212 1142 422 1217 hominumque
434 1142 553 1216 ingenia
567 1142 721 1201 multarum
735 1164 916 1220 magnarum·
960 1143 1051 1217 longo
1062 1141 1219 1199 intervallo
1232 1140 1357 1217 judiciis
1368 1154 1579 1220 repeterentur,
1593 1153 1654 1198 tum
1669 1144 1738 1219 pri-

131 1254 191 1312 que
205 1252 303 1292 rerum
315 1228 502 1287 meditatione
512 1231 580 1291 alat.
623 1231 764 1291 Praeterea
777 1252 870 1312 neque
884 1236 915 1292 in
960 1248 1058 1299 mum,
1073 1230 1151 1306 quod
1166 1242 1242 1288 esset
1256 1242 1340 1287 acuta
1359 1230 1412 1287 illa
1427 1248 1497 1305 gens
1512 1241 1542 1286 et
1552 1242 1741 1286 controversa

133 1319 322 1387 nascentibus
337 1316 507 1375 civitatibus
522 1336 616 1395 neque
628 1320 659 1377 in
674 1318 916 1397 belligerantibus
960 1320 1083 1390 natura,
1097 1330 1189 1375 artem
1209 1328 1237 1374 et
1257 1330 1401 1394 praecepta
1425 1318 1537 1375 Siculos
1556 1316 1693 1374 Coracem
1712 1327 1741 1374 et

132 1407 248 1467 dicendi
265 1405 414 1484 cupiditas
433 1406 507 1463 oriri
529 1406 612 1466 solet.
654 1404 739 1465 Pacis
759 1421 803 1465 est
820 1428 915 1467 comes
959 1404 1071 1462 'l'isiam
1086 1404 1302 1481 conscripsisse.
1344 1404 1415 1462 Nam
1428 1417 1511 1463 antea
1522 1405 1667 1462 neminem
1684 1419 1739 1462 so*

133 1498 247 1574 otiique
270 1494 351 1553 socia
374 1506 402 1551 et
420 1491 482 1570 jam
505 1492 581 1551 bene
602 1494 764 1552 constitutae
789 1496 915 1556 civitatis
937 1520 940 1571 Ι
960 1491 1052 1549 litum
1066 1492 1116 1549 via
1139 1504 1286 1564 necarte,
1308 1493 1360 1551 sed
1381 1505 1514 1550 accurate
1532 1504 1643 1567 tamen,
1659 1504 1689 1549 et
1705 1492 1741 1549 de

134 1584 220 1663 quasi
242 1584 359 1641 alumna
381 1580 512 1658 quaedam
535 1581 711 1659 eloquentia.
756 1583 805 1642 Est
825 1604 915 1662 porro
937 1572 940 1633 l
960 1582 1069 1656 scripto
1094 1580 1254 1657 plerosque
1281 1580 1390 1641 dicere.
1434 1580 1524 1637 Addit
1546 1579 1741 1657 philosophus

135 1690 213 1751 opus
230 1670 365 1728 libertate
395 1668 519 1745 quadam
544 1679 573 1726 et
601 1669 679 1746 juris
702 1670 914 1748 aequabilitate,
960 1669 1085 1743 scriptas
1098 1685 1162 1725 esse
1182 1678 1212 1724 et
1225 1680 1369 1744 paratasa
1386 1666 1545 1741 Protagora
1556 1684 1655 1724 rerum
1669 1667 1740 1724 illu·

133 1778 201 1836 quae
217 1776 276 1815 nou
297 1756 443 1833 reperitur
458 1756 515 1813 nisi
532 1756 563 1814 in
578 1755 728 1834 republica
742 1758 829 1817 bonis
846 1761 916 1835 legi·
960 1755 1063 1813 atrium
1076 1755 1290 1832 disputationes
1301 1774 1367 1832 quae
1376 1775 1454 1833 nunc
1464 1773 1634 1812 communes
1645 1756 1741 1833 appel-

133 1849 190 1907 bus
204 1858 376 1924 temperata,
396 1856 428 1903 ut
439 1857 573 1903 oratores
591 1858 647 1903 tam
663 1865 679 1903 a
693 1846 794 1904 servili
815 1845 916 1905 adula-
937 1840 940 1881 ¹
960 1841 1057 1900 luntur
1070 1842 1138 1904 loci.
1181 1843 1267 1913 Quod
1280 1842 1358 1901 idem
1371 1843 1472 1901 fecisse
1483 1842 1639 1921 Gorgiam,
1650 1864 1739 1921 quum

135 1936 215 1994 tione
228 1946 257 1993 et
270 1932 469 2010 potentiorum
483 1936 562 1988 'ntetu
576 1950 662 2009 quam
678 1932 714 1989 ab
726 1933 915 1991 humiliorum
936 1884 941 1983 l
958 1930 1140 2005 singularum
1153 1951 1250 2001 rerum
1259 1932 1360 1989 laudes
1371 1933 1661 2008 vituperationesque
1672 1952 1742 1989 cou-

134 2034 283 2081 contemtu
305 2018 404 2077 absint
428 2031 518 2095 utque
543 2020 606 2077 sine
627 2019 696 2077 odio
714 2032 800 2097 atque
819 2040 917 2080 amore
960 2018 1141 2094 scripsisset,
1166 2019 1237 2095 quia
1263 2018 1413 2095 judicaret
1438 2019 1494 2077 hoc
1522 2020 1648 2078 oratoris
1677 2037 1740 2077 esse

135 2131 191 2189 pro
205 2128 301 2167 rerum
314 2106 457 2182 dignitate
468 2098 687 2165 verba‘faciant.
712 2108 809 2182 Agunt
821 2121 915 2167 autem
961 2106 1089 2164 maxime
1102 2110 1271 2187 proprium,
1285 2127 1346 2165 rem
1365 2127 1472 2183 augere
1485 2126 1573 2183 posse
1589 2106 1737 2165 laudando

135 2198 196 2256 viri
209 2198 379 2272 eloquentes
391 2196 422 2252 in
435 2194 647 2268 concionibus,
662 2198 805 2268 comitiis,
819 2198 916 2256 conci·
937 2188 941 2281 ἰ
960 2194 1214 2273 vituperandoque
1236 2214 1339 2254 rursus
1366 2195 1504 2271 affligere.
1549 2196 1593 2253 De
1615 2196 1733 2271 reliquo

136 2288 204 2356 liis,
222 2283 345 2362 judiciis
368 2282 404 2349 de
426 2284 508 2341 omni
527 2282 711 2361 publicorum
730 2286 915 2360 negotiorum
937 2282 940 2299 '
960 2281 1037 2338 inter
1055 2296 1190 2340 auctores
1206 2284 1344 2340 convenit
1363 2282 1503 2359 Gorgiam
1522 2280 1741 2341 dialecticorum

135 2396 169 2433 ae
183 2388 345 2450 temporum
360 2372 519 2439 varietate,
538 2370 574 2429 de
586 2391 656 2449 pace
667 2385 696 2429 et
713 2371 811 2443 bello,
825 2372 861 2431 de
875 2373 915 2431 le·
961 2388 1043 2427 more
1062 2366 1097 2427 de'
1113 2372 1195 2428 omui
1216 2390 1247 2428 re
1266 2372 1420 2448 proposita
1442 2372 1607 2449 disputasse
1629 2390 1742 2447 suaque

135 2462 223 2539 gibus
246 2460 291 2517 vel
316 2459 444 2519 ferendis
467 2461 514 2517 vel
537 2458 732 2535 abrogandis,
747 2461 783 2517 de
804 2462 915 2521 civium
961 2456 1126 2516 disserendi
1152 2458 1265 2517 ratione
1289 2458 1325 2516 ad
1348 2459 1556 2536 perficiendam
1581 2460 1741 2518 oratoriam

135 2549 253 2621 litibus,
268 2547 304 2604 de
321 2545 497 2624 sapientium
519 2560 547 2605 et
566 2546 684 2629 fortium
703 2551 847 2623 virorum,
865 2553 915 2628 qui
960 2558 1051 2603 artem
1067 2545 1190 2604 multum
1202 2547 1343 2607 attulisse.
1388 2547 1470 2604 Adde
1484 2546 1740 2624 quodnonsolum

134 2638 215 2696 domi
230 2635 400 2712 militiaque
412 2634 449 2693 de
462 2634 644 2717 patriabene
657 2651 841 2709 meruerunt,
857 2640 915 2697 lau·
961 2633 1040 2709 apud
1053 2633 1212 2692 Leontinos
1224 2636 1255 2692 in
1267 2634 1384 2705 Sicilia,
1399 2634 1450 2693 sed
1462 2633 1539 2712 apud
1550 2634 1742 2694 Athenienses

134 2724 223 2782 dibus
238 2736 333 2799 atque·
348 2724 545 2796 ornamentis,
570 2723 605 2780 de
628 2712 845 2798 magistratibus
868 2727 915 2785 uel
937 2746 940 2811 q
961 2740 1084 2798 quoque
1097 2734 1187 2779 artem
1202 2721 1353 2798 professus
1368 2734 1428 2791 est,
1444 2721 1495 2798 qui
1511 2719 1599 2797 hujus
1613 2740 1742 2797 aqueae

133 2810 260 2869 ducibus
270 2808 468 2883 creandis‚de
477 2808 672 2885 legationibus
682 2809 825 2869 obeundis
837 2813 916 2871 aliis·
937 2812 940 2867 l
962 2808 1131 2883 Protagorae
1152 2809 1303 2883 ingenium
1328 2808 1503 2884 dicendique
1527 2807 1691 2866 facultatem
1712 2822 1741 2867 et

136 2918 195 2977 que
212 2897 385 2976 hujusmodi
404 2895 503 2964 rebus.
546 2896 641 2968 Quum
658 2898 747 2974 igitur
759 2899 917 2959 Athenien·
960 2912 1106 2975 praecepta
1127 2897 1262 2955 admirati
1286 2910 1365 2957 sunt.
1419 2896 1585 2975 Caetemqui
1610 2898 1741 2974 Gorgias

137 2992 216 3046 sium
231 2985 570 3063 respublicaillustribus
583 2987 658 3045 viris
669 2990 701 3044 in
716 2990 796 3046 omni
809 2989 916 3047 artium
961 2985 1147 3064 Empedoclis
1165 2986 1329 3064 discipulus
1342 2988 1413 3058 fuit,
1430 3005 1533 3064 quern,
1546 2987 1572 3044 si
1587 3006 1658 3043 vera
1673 3001 1742 3045 sunt

138 3097 174 3134 ac
196 3074 393 3133 doctrinarum
414 3094 519 3150 genere
542 3074 703 3133 abundaret
724 3095 818 3154 neque
840 3098 916 3155 prar—
962 3095 1028 3151 quae
1052 3079 1201 3151 Diogenes
1220 3073 1354 3134 Laertius
1376 3073 1432 3134 lib.
1457 3074 1597 3147 Vllt‚·57
1623 3075 1741 3149 scribit,

36 3159 38 3162 ’
136 3162 284 3222 stantibus
307 3160 378 3219 belli
400 3161 525 3221 ducibus
549 3177 660 3221 careret
687 3176 773 3240 atque
795 3166 916 3244 insuper
961 3154 1133 3221 Aristoteles
1143 3161 1425 3240 inSophista,libro
1438 3163 1599 3240 deperdito,
1612 3164 1740 3240 primum

136 3263 393 3324 rerumgestarum
417 3250 513 3324 gloria
536 3251 675 3309 floreret:
697 3273 755 3310 non
776 3257 914 3332 estquod
963 3250 1094 3326 attigisse
1117 3249 1284 3307 rhetoricen
1306 3264 1393 3327 atque
1412 3250 1486 3309 adeo
1506 3264 1596 3309 artem
1614 3254 1741 3329 primum

136 3340 277 3397 miremur
291 3337 323 3394 in
337 3337 391 3394 illo
405 3337 553 3396 Musarum
569 3353 597 3397 et
614 3339 780 3398 Gratiarum
794 3342 917 3402 domici·
939 3365 942 3428 Ι
963 3338 1160 3396 commovisse
1182 3337 1380 3416 (κεκινηκέναι)
1397 3339 1528 3399 tradidit·
1571 3339 1628 3397 Sed
1643 3355 1676 3399 ut
1690 3342 1742 3399 in·

136 3429 179 3484 lio
190 3423 361 3483 hominibus
377 3425 510 3484 facundis
525 3427 641 3485 dicendi
657 3442 824 3502 argumenta
839 3449 917 3488 nun·
963 3425 1109 3484 tellectum
1123 3438 1183 3497 est,
1202 3439 1337 3502 quautam
1351 3427 1413 3484 vim
1429 3426 1551 3485 haberet
1569 3440 1702 3486 accurata
1713 3443 1743 3488 et

137 3531 224 3590 quam
245 3511 382 3573 defuisse.
427 3513 503 3571 llinc
523 3514 626 3589 ingens
641 3527 788 3573 oratorum
809 3535 910 3594 nume·
962 3515 1036 3570 facta
1057 3513 1273 3590 quodammodo
1288 3514 1399 3587 oratio,
1418 3527 1478 3572 tum
1500 3518 1586 3571 etiam
1607 3516 1742 3590 magistri

139 3620 190 3658 rus
206 3598 283 3677 apud
303 3598 381 3657 solos
397 3600 589 3658 Athenienses
603 3615 721 3659 exortus
734 3614 777 3660 cst
791 3622 918 3679 quorum
963 3601 1081 3660 dicendi
1103 3603 1188 3659 multi
1207 3601 1306 3661 subito
1320 3605 1505 3661 exstiterunt.
1545 3602 1616 3660 Nam
1638 3617 1743 3680 praeter

138 3690 186 3746 rel
202 3685 372 3746 nominibus
382 3689 615 3746 commemoratis
628 3690 846 3767 perfectissima
861 3693 919 3750 elo·
962 3689 1102 3766 Gorgiam
1119 3689 1293 3748 Leontinum
1312 3704 1340 3748 et
1354 3690 1544 3766 Protagoram
1563 3688 1740 3762 Abderiten,

137 3776 265 3854 quentiae
273 3776 389 3852 species
401 3777 506 3834 animis
525 3776 705 3836 audientium
727 3779 864 3838 occurrit.
883 3781 917 3839 Et
964 3777 989 3834 Τ
991 3778 1201 3854 hrasymachus
1227 3777 1455 3848 Chalcedonius,
1480 3777 1625 3836 Prodicus
1648 3777 1740 3848 Ceus,

137 3882 238 3923 revera
253 3881 312 3920 una
329 3862 401 3922 urbs
418 3865 514 3922 Attica
528 3865 663 3942 pluribus
685 3886 762 3924 sanae
777 3867 915 3943 eloquen·
963 3865 1087 3943 Hippias
1100 3865 1187 3922 Eleus
1201 3865 1313 3941 aliique
1329 3865 1359 3922 in
1373 3864 1486 3922 honore
1497 3885 1601 3940 magno
1614 3866 1739 3924 fuerunt.

137 3955 186 4013 tiae
199 3950 341 4032 operibus
361 3971 449 4028 quam
475 3956 614 4018 universa
636 3953 749 4012 Graecia
768 3953 916 4016 excelluit.
961 3954 1058 4024 Quum
1081 3954 1173 4029 igitur
1198 3952 1342 4031 Sophistae
1363 3954 1493 4011 animum
1516 3953 1553 4011 ad
1579 3955 1741 4031 ornandam

137 4040 269 4115 Namque
290 4036 346 4094 hoc
367 4037 494 4096 studium
520 4059 580 4096 uon
603 4059 756 4098 commune
779 4040 916 4116 Graeciae,
962 4042 1137 4100 rhetoricam
1155 4041 1341 4120 disciplinam
1354 4043 1549 4119 appulissent,
1563 4062 1665 4100 omnes
1677 4043 1742 4120 ejus

138 4124 357 4202 sedproprium
369 4124 547 4183 Athenarum
564 4126 627 4186 fuit.
669 4127 742 4197 Quis
761 4142 855 4186 autem
871 4144 919 4189 aut
963 4144 1061 4209 partes
1082 4150 1196 4189 summa
1212 4151 1284 4189 cura
1307 4143 1434 4189 tractatae
1454 4143 1522 4187 sunt
1546 4130 1662 4207 ipsique
1682 4131 1742 4189 elo·

137 4214 280 4288 Argivum
296 4225 441 4271 oratorem
459 4215 560 4286 novit,
583 4228 633 4271 aut
651 4215 848 4288 Corinthium,
870 4233 919 4278 aut
963 4221 1089 4295 quentiae
1104 4225 1205 4277 eorum
1221 4223 1310 4298 operat
1326 4219 1474 4293 fastigium
1489 4219 1660 4296 impositum
1683 4232 1737 4279 est.

136 4300 329 4371 Tlrebanurri,
352 4313 402 4358 aut
425 4301 699 4360 Lacedaemonium?
728 4303 873 4363 Nimirum
893 4308 918 4364 si
964 4307 1026 4364 Etsi
1037 4309 1116 4366 enim
1127 4321 1229 4386 postea
1239 4308 1391 4386 Antiphon
1404 4307 1612 4378 Rhamnusius,
1626 4307 1740 4382 Lysias,

136 4388 191 4466 qui
205 4387 279 4445 forte
291 4388 368 4445 inter
380 4390 452 4447 isto's
464 4394 614 4462 exstitere,
627 4391 707 4448 velut
719 4393 795 4449 inter
808 4392 919 4451 Theba·
964 4393 1106 4453 lsocrates
1124 4398 1280 4471 caeterique
1295 4409 1424 4454 oratores
1447 4394 1538 4452 Attici
1553 4407 1611 4451 tam
1630 4409 1741 4472 praece-
1811 4467 1814 4474 Ι

137 4495 194 4534 nos
207 4474 440 4553 Epaminondas,
453 4489 481 4532 et
495 4477 581 4554 pauci
598 4477 716 4537 fuereet
736 4480 919 4541 Atheniensi-
964 4484 1023 4560 ptis
1046 4503 1132 4560 quarn
1153 4484 1324 4562 quotidiano
1346 4482 1464 4542 dicendi
1485 4501 1540 4540 usu
1564 4495 1592 4539 ct
1605 4485 1743 4543 exercita·

136 4564 196 4622 bus
207 4563 370 4621 inferiores
412 4563 552 4623 Caeterum
563 4565 641 4624 haud
657 4569 742 4644 pauci
757 4569 919 4644 quiveram
964 4572 1043 4628 tione
1066 4572 1233 4631 inchoatum
1262 4571 1297 4629 ab
1322 4572 1388 4629 aliis
1415 4589 1491 4648 opus
1519 4568 1739 4631 absolverunt:

132 4649 335 4708 eruditionem
368 4669 434 4709 cum
465 4651 632 4728 eloquentia
657 4654 868 4731 conjungerent
888 4659 919 4716 in
965 4670 1061 4715 tamen
1078 4678 1095 4715 a
1113 4659 1259 4737 Sophistis
1273 4660 1316 4716 rei
1332 4660 1518 4717 fundamenta
1531 4669 1587 4714 tarn
1604 4658 1742 4736 praeclare

138 4739 363 4796 Atheniensium
380 4737 533 4816 republica
551 4761 693 4819 prospero
713 4742 836 4801 fortunae
851 4745 919 4804 flatu
960 4746 1039 4821 jacta
1053 4761 1149 4821 crant,
1162 4761 1193 4805 ut
1204 4748 1263 4824 ipsi
1275 4747 1329 4803 soli
1345 4746 1501 4802 oratoriam
1516 4757 1606 4802 artem
1620 4747 1742 4805 et'inve-

135 4825 187 4884 usi
203 4844 332 4884 summos
345 4826 613 4904 bonormugradus
628 4830 752 4888 assecuti
767 4835 919 4891 suntmul·
964 4834 1042 4892 nisse
1067 4848 1096 4892 et
1118 4836 1276 4913 perfecisse
1297 4833 1478 4892 viderentur.
1522 4833 1640 4890 Accedit
1664 4831 1742 4908 quod

136 4927 261 4990 tumque
287 4914 365 4992 apud
390 4916 532 4993 populum
558 4919 728 4975 auctoritate
752 4919 916 4980 valuerunt.
965 4934 1066 5000 postea
1080 4923 1182 4981 Asiani
1196 4922 1233 4980 ab
1246 4924 1342 4979 atticae
1355 4922 1530 4998 eloquentiae
1544 4940 1647 4980 norma
1659 4921 1742 4979 aber·

133 5001 192 5059 llis
210 5002 422 5060 annumerandi
442 5005 568 5080 primum
590 5003 697 5076 Solon,
723 5025 811 5081 aquo
829 5008 918 5066 Athe·
965 5024 1062 5069 rantes
1078 5029 1177 5068 reram
1190 5011 1307 5068 dicendi
1321 5011 1382 5068 vim
1397 5029 1483 5086 quam
1499 5010 1587 5087 primi
1602 5008 1743 5087 Sophistae

134 5089 292 5148 niensium
302 5089 459 5168 disciplina
475 5093 588 5168 legibus
598 5094 719 5152 ,astricta
733 5107 789 5166 est,
801 5108 830 5153 et
844 5095 920 5154 Pisi·
968 5109 1177 5175 perspexerant
1205 5097 1352 5172 fregerunt
1377 5098 1598 5172 orationemque
1621 5114 1742 5153 enerra-

136 5183 248 5238 stratus
270 5192 430 5256 tyrannus,
451 5181 556 5240 deinde
571 5181 779 5242 Themistocles
800 5204 920 5261 magnus
969 5199 1046 5244 runt.
1088 5184 1184 5243 blanet
1198 5185 1288 5262 igitur
1308 5185 1451 5264 Sophistis
1466 5186 1516 5243 illa
1534 5185 1597 5241 laus
1611 5202 1740 5260 semper·
