3959 5925
898 434 950 495 DE
971 434 1205 496 PYTHAGORA

248 560 327 636 gitur
347 582 471 641 quame
496 577 623 625 veterum
637 568 813 645 scriptorum
837 568 1024 629 testimoniis.
1073 569 1165 627 mines
1180 567 1303 625 deorum
1324 566 1493 625 nominibus
1505 578 1655 624 ornarunt.
1668 564 1739 623 Nam
1760 564 1848 623 trian-

248 649 392 709 Nimirum
418 672 516 729 paucae
538 653 567 711 ei
589 654 775 713 ascribuntur
794 656 943 714 sententiae
963 676 1027 732 quaa
1071 658 1169 730 gnlum
1181 653 1335 730 aequalium
1353 653 1476 711 laterum
1490 652 1716 711 nominaverunt
1735 650 1848 709 Miner-

248 735 285 793 ad
299 738 436 795 moralem
450 738 645 816 philosophiae
656 755 766 819 partem
780 743 955 819 pertineant.
963 743 1027 801 lluc
1071 760 1137 800 vam
1169 760 1185 800 e
1216 741 1327 799 vertice
1348 753 1446 798 natam
1476 753 1505 796 et
1536 739 1754 813 Tritogeniam,
1778 739 1848 815 quia

248 824 357 883 accedit
370 826 448 903 quod
463 827 562 885 omnia
576 830 744 888 necessitate
756 842 785 887 et
798 830 950 889 harmonia
962 831 1025 889 fieri
1073 829 1182 907 triplici
1196 826 1406 906 perpendiculo
1420 847 1437 886 e
1450 827 1545 885 tribus
1559 826 1672 901 angulis
1688 826 1749 885 suis
1761 825 1847 885 ducto

247 924 325 969 ratus
340 910 419 992 (161)
434 914 561 977 liberum
574 916 691 975 videtur
704 916 855 975 hominum
870 915 1025 976 arbitrium
1071 915 1223 973 dividitur.
1235 914 1381 973 Unitatem
1406 914 1552 992 Apollinis
1570 912 1713 972 vocabulo
1736 933 1846 971 nuncu·

246 998 394 1057 sustulisse
409 999 504 1077 (165).
528 1000 721 1070 Quamobrem
739 1003 891 1075 lanaticos,
912 1005 1024 1081 inquit,
1071 1015 1192 1079 parunt,
1216 1001 1365 1059 binarium
1388 1020 1540 1059 numerum
1573 999 1795 1059 contentionem
1818 1014 1846 1058 et

246 1098 275 1143 et
290 1086 386 1144 sutura
403 1087 610 1166 praedicentes,
623 1090 758 1165 quamvis
772 1090 936 1149 intellectus
950 1112 1025 1168 opus
1069 1088 1229 1147 Audaciam
1244 1102 1439 1159 vocaverunt,
1455 1088 1614 1146 ternarium
1633 1105 1706 1144 vero
1722 1087 1847 1147 iustitiae

247 1171 367 1250 saciant,
384 1188 479 1232 tamen
502 1194 639 1250 negamus
662 1188 771 1234 tantum
797 1178 955 1249 valere,ut
975 1192 1025 1236 aut
1069 1176 1155 1234 titulo
1169 1177 1281 1252 dignati
1296 1189 1370 1233 sunt.
1384 1176 1493 1234 Omitto
1518 1187 1701 1251 caeteraquae
1716 1193 1846 1232 comme-

245 1277 299 1316 suo
313 1264 404 1318 Marte
423 1260 520 1317 dicant
530 1280 594 1336 quae
605 1262 758 1339 dixerunt,
773 1275 823 1321 aut
837 1264 943 1321 iaciant
960 1285 1025 1341 quae
1069 1284 1182 1323 morare
1196 1284 1256 1323 non
1267 1276 1362 1324 vacat.
1636 1289 1640 1294 ’

246 1344 384 1405 fecerunt.
399 1347 454 1405 Sed
469 1366 505 1404 ne
518 1366 572 1423 per
583 1347 768 1425 cupiditatem
781 1350 911 1427 quidem.
923 1352 1024 1429 ltaque
1111 1355 1232 1407 iimaeus
1243 1350 1354 1409 Locrus
1366 1362 1450 1407 natus
1462 1350 1493 1407 in
1504 1367 1540 1406 ea
1550 1348 1641 1405 ltaliae
1653 1348 1771 1406 civitate
1782 1367 1847 1423 quae

245 1434 432 1508 cogitationes
454 1432 583 1509 quaedam
598 1445 626 1492 et
643 1434 811 1495 affectiones
829 1438 875 1495 vel
896 1438 1024 1498 actiones
1067 1438 1187 1515 optimis
1201 1451 1230 1496 et
1243 1437 1384 1497 institutis
1406 1449 1435 1494 et
1457 1434 1571 1511 legibus
1592 1446 1751 1512 temperata
1770 1447 1848 1510 erat,

245 1519 351 1579 talibus
365 1519 591 1595 cogitationibus
601 1534 630 1578 et
644 1522 808 1582 rationibus
823 1521 1022 1585 consentaneae
1068 1544 1128 1582 non
1151 1526 1243 1601 magis
1265 1524 1407 1583 natalium
1425 1522 1580 1601 splendore
1593 1534 1622 1579 ct
1639 1520 1747 1599 opibus
1760 1540 1845 1597 quam

245 1626 304 1664 non
327 1607 440 1665 suntin
457 1620 556 1666 nostra
573 1621 728 1686 potestate,
744 1611 794 1669 sed
817 1612 948 1688 quadam
972 1632 1021 1671 ra·
1067 1612 1187 1687 ingenio
1206 1612 1297 1670 lertur
1307 1610 1487 1671 excelluisse.
1503 1610 1620 1686 Quippe
1632 1608 1788 1667 multarum
1802 1627 1847 1665 re·

246 1694 339 1752 tiones
355 1693 441 1751 nobis
463 1707 531 1752 sunt
547 1697 735 1770 potentiores.
750 1697 789 1756 Ut
809 1712 904 1757 autem
928 1699 1022 1759 ionici
1067 1718 1132 1757 rum
1155 1712 1290 1778 percepta
1310 1698 1431 1757 scientia
1453 1698 1485 1754 in
1505 1697 1570 1773 ipso
1589 1695 1783 1773 philosophiae
1804 1695 1847 1753 fa·

243 1780 412 1859 philosophi
434 1794 589 1859 posteaque
612 1782 696 1841 Plato
714 1796 846 1841 naturam
869 1785 1021 1844 hominum
1067 1786 1154 1862 stigio
1183 1806 1250 1845 eum
1276 1786 1389 1843 stetisse
1414 1785 1491 1842 inter
1521 1783 1678 1861 locupletes
1713 1796 1846 1840 auctores

242 1870 375 1926 instituto
389 1882 591 1946 opposuerunt
608 1890 614 1925 :
632 1869 766 1928 itaetiam
780 1870 928 1930 Philolaus
940 1872 1020 1953 (166)
1068 1875 1216 1933 convenit.
1231 1872 1330 1950 Neque
1343 1891 1415 1931 vero
1429 1872 1502 1930 solis
1517 1870 1656 1927 doctrinae
1676 1869 1778 1933 studiis
1796 1870 1848 1928 de-

242 1954 303 2013 baec
320 1956 464 2013 contraria
477 1975 540 2015 esse
552 1956 655 2014 voluit.
673 1992 707 2003 —
722 1959 765 2016 De
777 1960 969 2034 cognoscendi
980 1963 1022 2019 la·
1068 1960 1147 2019 ditus
1168 1961 1239 2031 suit,
1253 1959 1304 2018 sed
1328 1957 1449 2017 summis
1470 1957 1557 2015 etiam
1579 1956 1794 2030 magistratibus
1818 1971 1847 2015 et

242 2044 346 2101 cultate
364 2043 540 2121 paucissima
560 2043 724 2103 Philolaum
740 2044 849 2105 dixisse
869 2060 1019 2124 putamus,
1067 2047 1229 2106 honoribus
1238 2046 1315 2126 apud
1324 2045 1403 2104 cives
1414 2063 1483 2104 suos
1493 2045 1607 2102 iunctus
1616 2056 1660 2101 est
1671 2043 1759 2119 (171).
1769 2043 1847 2113 Quin

241 2143 274 2189 nt
294 2134 341 2189 cui
361 2131 454 2189 omnis
470 2150 567 2189 rerum
589 2133 710 2190 scientia
733 2152 798 2189 cum
822 2146 931 2192 naturae
952 2156 1021 2194 con·
1067 2135 1166 2205 ctiam,
1180 2135 1205 2191 si
1217 2132 1340 2209 Synesio
1352 2131 1431 2208 (171)
1449 2130 1539 2201 fides,
1552 2128 1640 2186 obitis
1651 2128 1847 2203 legationibus

242 2220 427 2296 templatione
445 2217 649 2295 conjungenda
667 2219 825 2279 videretur.
838 2219 909 2289 Quae
931 2223 1022 2297 igitur
1066 2221 1103 2280 de
1116 2225 1209 2300 patria
1223 2221 1297 2280 bene
1321 2217 1437 2279 meruit.
1460 2218 1555 2287 Quare
1576 2216 1689 2291 magnis
1710 2214 1846 2274 laudibus

242 2306 277 2364 ad
303 2306 385 2363 illum
412 2304 607 2383 philosophia
634 2306 729 2364 locum
767 2307 932 2366 reseruntur
959 2308 1020 2385 jam
1067 2323 1181 2367 veteres
1202 2308 1359 2385 scriptores
1373 2325 1439 2364 eum
1461 2305 1646 2361 decorarunt.
1660 2300 1745 2361 llunc
1766 2304 1846 2359 enim

241 2412 330 2471 supra
345 2394 503 2469 tetigimus.
515 2392 613 2450 Unum
624 2394 825 2471 superioribus
835 2394 1022 2473 adjungimus
1067 2408 1100 2453 ut
1124 2395 1332 2474 peritissimum
1356 2393 1423 2451 cdeli
1448 2391 1635 2467 siderumque
1656 2401 1845 2466 spectatorem

240 2478 320 2539 Sexti
333 2480 473 2558 Empirici
488 2479 525 2537 de
538 2480 594 2537 hoc
607 2480 756 2557 sapientiae
766 2481 930 2559 professore
940 2484 1021 2541 testi·
1067 2503 1100 2541 ac
1121 2482 1378 2558 diligentissimum
1400 2480 1488 2537 totius
1511 2490 1621 2535 naturae
1642 2476 1847 2551 inquisitorem

241 2572 381 2627 monium.
394 2568 580 2643 'Anaxagoras
594 2564 687 2647 (167),
702 2568 813 2645 inquit,
835 2570 955 2627 omnino
976 2589 1021 2626 ra·
1068 2570 1150 2628 Plato
1164 2571 1240 2628 ineo
1252 2569 1368 2643 dialogo
1381 2566 1433 2644 qui
1444 2565 1570 2623 Timaeus
1583 2560 1663 2641 (173)
1676 2561 1847 2620 inscribitur

242 2655 352 2714 tionem
372 2674 469 2713 rerum
493 2654 630 2715 arbitram
653 2673 715 2713 esse
741 2656 781 2713 ait
802 2676 810 2712 1
835 2655 1022 2733 Pythagorici
1070 2678 1136 2718 cum
1150 2661 1266 2716 Socrate
1282 2656 1477 2733 disputantem
1492 2652 1560 2709 lacit
1575 2649 1611 2707 de
1630 2648 1719 2707 rebus
1732 2660 1848 2707 natura·

242 2761 314 2803 vero
328 2744 469 2802 rationem
486 2741 624 2801 arbitram
647 2745 765 2821 quidem
783 2746 944 2823 appellant,
963 2766 1022 2805 non
1070 2744 1149 2803 libus
1162 2764 1196 2801 11
1210 2744 1246 2802 de
1261 2742 1391 2801 universi
1408 2753 1484 2797 ortu.
1497 2738 1532 2795 ln
1546 2757 1605 2814 quo
1622 2735 1844 2813 reprehenditur

241 2832 362 2891 omnino
380 2844 493 2903 tamen,
519 2831 569 2889 sed
590 2851 652 2889 eam
671 2851 736 2907 quar
758 2832 909 2891 literarum
933 2834 1022 2893 disci·
1067 2822 1844 2904 aMacrobioSaturn.lib.lcap.l,quodcolloquentes

242 2917 334 2996 plinis
360 2918 526 2994 contingat,
550 2918 792 2995 quemadmodum
817 2934 846 2979 et
872 2920 1022 2983 Philolaus
1067 2917 1216 2976 induxerit
1229 2917 1309 2976 viros
1329 2934 1403 2994 quos
1417 2913 1517 2973 eodem
1543 2910 1647 2970 saeculo
1674 2929 1735 2968 non
1759 2910 1844 2968 luisse

243 3002 359 3061 dicebat
371 3022 508 3078 :eamque
519 3004 552 3060 in
562 3006 806 3083 contemplatione
815 3020 924 3066 naturae
935 3009 1023 3088 hujus
1068 3018 1190 3064 constet.
1204 3007 1243 3062 At
1265 3003 1339 3061 ratio
1360 3003 1433 3076 fugit
1449 2998 1629 3058 Macrobium
1642 2999 1668 3055 si
1682 3015 1785 3055 verum
1804 3010 1847 3056 est

243 3091 375 3148 universi
400 3089 524 3147 defixam
544 3090 653 3150 habere
669 3093 812 3169 quandam
837 3114 902 3152 cum
923 3113 956 3152 ea
974 3118 1022 3155 co·
1068 3093 1146 3169 quod
1160 3092 1288 3150 referunt
1305 3091 1408 3148 Cicero
1426 3089 1469 3147 De
1491 3085 1576 3144 linib.
1595 3084 1649 3143 lib.
1671 3083 1706 3158 V,
1719 3103 1782 3160 cap.
1796 3104 1847 3160 29,

252 445 329 488 xxiv

237 3175 415 3250 ,gnationem
432 3175 569 3252 quoniam
580 3176 773 3234 similisimile
782 3176 907 3254 intelligi
918 3180 1018 3240 soleat.

242 3263 376 3339 Denique
406 3274 554 3335 notamus,
580 3283 669 3340 quum
704 3263 854 3322 Philolaus
884 3267 1023 3343 trianguli

243 3349 380 3424 angulum
405 3349 548 3421 Saturno,
569 3350 647 3422 Diti,
663 3348 765 3426 Marti,
791 3351 900 3410 Baccho
922 3373 1023 3428 conse·

243 3435 345 3509 crarit,
362 3435 494 3514 quadrati
519 3438 656 3514 angulum
670 3449 763 3496 autem
786 3438 889 3511 Rheae,
905 3439 1021 3514 Cereri,

242 3523 332 3582 Vestae
362 3523 503 3582 dicaverit
541 3526 634 3602 (168),
675 3526 830 3604 plerosque
875 3525 1024 3604 Pythago-

242 3631 308 3670 reos
329 3613 408 3690 (169)
435 3612 572 3689 trianguli
598 3614 659 3671 vim
685 3613 762 3687 Diti,
787 3613 915 3686 Baccho,
939 3614 1023 3674 Marti

242 3697 424 3771 vindicasse,
436 3701 567 3776 quadrati
579 3719 649 3759 vero
662 3699 762 3772 llheae,
774 3699 895 3774 Veneri,
907 3701 1022 3775 Cereri,

242 3783 332 3842 Vesiae
345 3798 373 3843 et
395 3784 504 3845 Junoni
520 3788 706 3865 ascripsisse,
721 3786 875 3845 duodecim
901 3789 1022 3864 angulo·

155 3883 161 3896 '
243 3892 309 3931 rum
320 3873 441 3947 figuram
452 3872 535 3933 Jovis
545 3875 702 3952 atque'eam
714 3895 778 3952 quae
786 3894 803 3932 e
812 3875 1024 3952 quinquaginta

243 3960 422 4034 sexangulis
436 3974 547 4018 constat
557 3962 710 4038 Typhonis
724 3981 784 4022 esse
798 3963 934 4021 voluisse.
944 3962 1023 4032 Quin

243 4049 330 4108 etiarn
346 4066 482 4105 numeros
496 4047 573 4128 (171)
595 4062 623 4106 et
640 4049 747 4126 figuras
762 4049 850 4126 hujus
871 4063 954 4108 sectae
969 4051 1023 4108 ho-

242 4295 307 4360 Seip.
318 4299 341 4344 3.
351 4298 422 4347 Tusc.
434 4295 477 4344 lib.
487 4295 509 4352 1,
519 4297 558 4342 30.
568 4322 598 4332 -
607 4295 727 4354 Diogenes
738 4295 848 4344 Laertius
855 4294 897 4343 lib.
907 4296 973 4354 vill,
982 4297 1021 4344 85.

245 4391 276 4402 -
287 4363 352 4430 (165)
371 4363 427 4414 vid.
440 4364 524 4424 fragm.
535 4365 573 4412 11.
583 4391 613 4406 -
624 4362 687 4423 (loo)
703 4362 760 4411 vid.
771 4363 854 4424 fragm.
868 4370 906 4412 25.
917 4393 947 4404 -
957 4361 1024 4426 (1117)

1067 3180 1136 3237 item
1145 3179 1264 3238 Tuscul.
1278 3176 1332 3234 lib.
1343 3176 1369 3247 l,
1382 3195 1446 3252 cap.
1461 3195 1508 3246 17,
1519 3173 1715 3248 llieronymus
1721 3171 1753 3228 in
1766 3171 1846 3248 Apo·

1069 3266 1146 3340 logia
1153 3279 1253 3323 contra
1265 3263 1402 3322 Rufinum
1411 3281 1474 3338 cap.
1483 3273 1556 3318 extr.
1564 3259 1683 3334 aliique,
1694 3256 1846 3314 Platonem

1067 3362 1100 3408 ut
1120 3351 1317 3428 Pythagoreos
1338 3360 1523 3423 cognosceret
1543 3347 1575 3404 in
1596 3344 1706 3402 ltaliam
1729 3344 1845 3401 venisse

1067 3437 1168 3515 ibique
1179 3456 1244 3495 cum
1257 3437 1331 3493 alios
1343 3436 1461 3506 multos,
1470 3431 1677 3491 tum'l'imaeum
1685 3428 1843 3486 audivisse.

1068 3524 1161 3582 Porro
1188 3523 1364 3597 singularem
1388 3541 1421 3580 ac
1439 3539 1531 3598 prope
1553 3517 1684 3576 divinam
1700 3527 1846 3572 astrorum

1068 3611 1265 3686 cognitionem
1279 3628 1296 3667 1
1308 3607 1475 3684 Pythagora
1489 3606 1629 3682 magistro
1649 3615 1792 3680 acceptam
1813 3602 1847 3659 in

1068 3697 1179 3756 Timaeo
1193 3697 1281 3755 luisse
1292 3694 1460 3754 Chalcidius
1479 3714 1510 3772 p.
1526 3693 1562 3765 75
1578 3691 1699 3751 censuit.
1716 3688 1775 3747 Nec
1789 3688 1843 3746 mi·

1068 3786 1190 3844 randum
1200 3784 1279 3862 quod
1285 3783 1399 3841 Plinius
1410 3782 1475 3841 Nat.
1485 3780 1554 3838 hist.
1566 3777 1617 3837 lib.
1630 3776 1671 3854 ll,
1682 3795 1746 3854 cap.
1760 3776 1778 3832 6
1791 3772 1850 3832 ubi'

1066 4013 1244 4078 amalachitas<
1260 4011 1307 4060 ἀπὸ
1323 4017 1370 4060 τῶν
1385 4014 1455 4074 τριῶν
1467 4013 1559 4071 γωνιῶν
1570 4006 1693 4070 ἀγομέναις
1711 4005 1845 4066 διαιρεῖται·

1067 4087 1095 4135 τδ
1106 4085 1131 4134 61
1144 4085 1168 4133 lv
1179 4082 1325 4144 Ἀπόλλωνα,
1335 4082 1398 4144 Ἔριν
1410 4080 1435 4128 61
1451 4081 1494 4137 τὴν
1509 4078 1584 4127 &adds
1598 4077 1638 4126 ascl
1655 4073 1758 4136 Τόλμον·
1772 4071 1846 4129 ditus

145 4199 149 4210 .
1020 4154 1249 4218 ·&fflmQ.

160 4227 164 4240 “
244 4223 410 4284 Pythagoreus
424 4219 487 4282 apud
501 4219 588 4269 Athen.
601 4221 637 4269 lv
648 4232 671 4281 p.
688 4223 739 4269 157.
756 4223 783 4271 c.
799 4220 835 4269 01.
847 4219 930 4270 Cicero
942 4232 1021 4269 somn.

1099 4225 1164 4286 (171)
1181 4225 1250 4273 Plato
1263 4223 1326 4273 Tim.
1340 4234 1364 4283 ρ.
1375 4224 1435 4270 201
1449 4238 1455 4266 ι
1468 4217 1565 4280 Τίμαιός
1574 4231 1599 4264 τι
1612 4213 1657 4278 γὰρ
1674 4215 1727 4274 δδε,
1740 4211 1844 4274 εὐνομο-

1066 4293 1136 4350 τάτης
1150 4294 1182 4340 ὢν
1199 4293 1289 4348 πόλεως
1302 4296 1342 4349 τῆς
1360 4289 1384 4336 ἐν
1402 4288 1489 4350 Ἰταλίᾳ
1503 4283 1630 4350 Λοκρίδος,
1647 4282 1718 4345 οὐσίᾳ
1731 4282 1771 4330 acl
1785 4281 1843 4341 γέντο

1068 4363 1159 4417 οὐδενὸς
1172 4363 1266 4424 ὕστερος
1278 4363 1310 4410 ὢν
1321 4365 1368 4408 τῶν
1379 4359 1443 4420 ἐκεῖ,
1452 4357 1494 4412 τὰς
1511 4353 1620 4416 μεγίστας
1629 4353 1671 4413 μὲν
1682 4351 1756 4415 ἀρχάς
1768 4365 1794 4398 τι
1804 4350 1843 4397 aci

244 4433 301 4485 vid.
323 4437 407 4497 lragm.
423 4433 575 4496 ts.-(tts)
594 4431 656 4481 Vide
675 4432 756 4481 Procli
771 4432 851 4481 locum
867 4432 967 4482 allatum
988 4433 1019 4482 16
1068 4434 1136 4495 τιμὰς
1145 4437 1193 4480 τῶν
1205 4431 1342 4494 ἐντῇιιόλει
1355 4425 1554 4490 μετακεχείρισται
1561 4422 1713 4485 ,φιλοσοφίας
1722 4420 1743 4470 δ’
1751 4418 1782 4467 at
1793 4417 1846 4466 κατ’

244 4505 328 4568 fragm.
341 4511 377 4556 17.
388 4531 418 4542 -
429 4505 494 4566 (169)
504 4502 647 4552 Plutarchus
656 4502 686 4552 de
693 4504 727 4552 Is.
738 4505 763 4552 et
773 4503 835 4552 osir.
849 4502 1021 4565 111301711-
1068 4501 1251 4565 1ρ1ν16εανὶιι·
1266 4501 1337 4563 ἄκρον
1348 4497 1442 4553 ἁπάσης
1459 4491 1719 4553 ditate-synesius
1728 4491 1764 4538 De
1782 4487 1846 4536 dono

246 4591 320 4624 ιοντοι
333 4575 358 4624 δὲ
373 4577 413 4624 καὶ
432 4577 454 4623 οἱ
467 4573 622 4635 Πυθαγορικοὶ
633 4573 673 4622 τὸν
686 4576 785 4635 Τυρῶνοι
799 4575 935 4636 δαιμονικὴν
948 4574 1020 4635 lycii·
1066 4569 1189 4622 astrolabii
1200 4564 1496 4631 poeninitentiam
1508 4563 1580 4613 τάλαι
1592 4559 1739 4616 τοὺςαύτοὺτ
1752 4557 1842 4640 21⁰3ss
1899 4579 1908 4597 ¹

245 4659 309 4707 paror
323 4645 426 4707 δύναμιν.
437 4645 539 4704 Λέγουσι
555 4643 599 4707 γὰρ
608 4643 631 4691 ἐν
643 4641 715 4707 ἀρτίῳ
729 4645 804 4707 μέτρῳ
816 4645 876 4706 διιτιρ
889 4644 927 4690 καὶ
938 4660 1022 4702 πεντη·
1068 4641 1207 4704 Πυθαγόρου
1223 4656 1249 4689 τε
1261 4637 1377 4692 tmere:
1390 4636 1430 4683 ml
1442 4639 1489 4683 cuv
1502 4634 1592 4682 πόλων
1608 4628 1725 4696 &Primii
1736 4627 1845 4712 ‘Ql

244 4717 323 4776 τοστῷ
336 4715 452 4774 γεγονέναι
464 4714 580 4772 Τυφῶνα·
591 4711 631 4758 καὶ
652 4712 721 4760 πάλιν
737 4713 779 4769 τὴν
797 4711 838 4774 μὲν
855 4716 896 4759 τοῦ
910 4713 1023 4773 τριγώνου
1068 4712 1157 4776 μεγάλη
1171 4709 1366 4773 προσηγορεύετο.
1379 4705 1425 4753 Καὶ
1436 4703 1498 4766 μάλα
1506 4702 1529 4751 la
1539 4701 1606 4764 61117,
1615 4698 1670 4761 παρ’
1678 4697 1713 4753 ol<
1720 4696 1846 4758 him<

243 4782 315 4846 ᾍδου
327 4783 367 4830 aci
378 4782 539 4831 Διονύσουιιαὶ
555 4781 631 4844 Ἄρεος
641 4781 713 4841 εἶναι,
731 4783 773 4840 τήν
785 4783 809 4830 61
822 4786 864 4830 τοῦ
875 4782 1022 4845 τετραγώνου
1069 4783 1250 4846 metropolites
1271 4780 1312 4828 acl
1333 4776 1460 4836 6111111101,
1471 4772 1627 4836 ὶΠΡΜῆΥΜ
1645 4769 1671 4818 ἃ
1682 4767 1789 4830 ’66111111
1803 4764 1845 4813 ²⁸¹²

141 4849 144 4857 '
244 4850 310 4906 Ῥέας
326 4851 367 4899 οιαὶ
381 4850 509 4913 Ἀφροδίτης
526 4851 566 4899 aui
585 4850 706 4914 Δήμητρος
719 4853 758 4900 καὶ
768 4851 863 4907 Ἑστίας
882 4852 921 4899 ael
933 4851 1022 4914 Ἥρας,
1067 4852 1193 4913 Φιλόλαοι,
1203 4851 1247 4899 δ’δ’
1255 4846 1484 4911 ἀστρονομινιῲτατος
1495 4843 1591 4906 Tipaso<
1603 4838 1749 4901 ἐπολιτάρχει
1764 4851 1791 4886 τε
1801 4837 1843 4884 asi

245 4921 287 4979 τὴν
298 4919 323 4968 δὲ
335 4923 377 4969 τοῦ
395 4920 562 4981 δωδεκαγώνου
576 4917 644 4980 Διός,
654 4921 695 4979 τήν
707 4921 731 4970 di
743 4925 785 4970 τοῦ
798 4923 1020 4980 tauctoritatem·
1067 4921 1191 4984 imploderit
1200 4919 1241 4967 καὶ
1255 4916 1328 4965 τᾶλλα
1347 4912 1497 4962 tentantem·
1508 4912 1562 4974 παρ’
1573 4909 1601 4959 οὗ
1618 4909 1657 4957 aci
1675 4907 1774 4956 Πλατων
1790 4908 1845 4964 ἡμῖν

245 4991 330 5053 rusios
342 4993 459 5052 Τυφῶνος,
471 4992 502 5046 ὡς
512 4989 611 5045 Εὔδοξος
620 4990 749 5054 ἱστόρηκεν.
756 5019 787 5033 -
797 4991 861 5052 (170)
876 4991 1022 5040 Plutarchus
1067 4991 1118 5054 sapi
1128 4990 1219 5050 κόσμου
1230 4987 1320 5048 φύσεως
1333 4983 1470 5044 διαὶέγτται.
1700 5045 1706 5058 .

243 5061 275 5110 611
285 5063 318 5110 lc.
334 5063 358 5110 ei
370 5061 432 5111 Osir.
444 5073 496 5122 etp.
509 5063 556 5108 761
570 5061 592 5107 ol
607 5061 630 5108 61
643 5063 795 5127 Πυθαγόρειοι
805 5063 844 5112 aul
862 5063 970 5125 ἀριθμοὺς
981 5062 1021 5110 ital
1099 5062 1164 5123 (173)
1176 5060 1246 5110 Pltlo
1258 5057 1319 5107 Um.
1334 5069 1360 5118 p.
1372 5059 1400 5105 27
1411 5059 1431 5104 A
1443 5073 1449 5104 :
1462 5053 1525 5109 ideis
1542 5051 1586 5114 rito
1605 5051 1660 5111 111111
1677 5049 1777 5110 Τιμαων
1793 5043 1845 5104 uh,

245 5129 419 5194 σχήματαθεῶν
425 5129 560 5190 limitent
566 5133 738 5194 προσηγορίαις.
747 5135 780 5184 Τὸ
789 5133 830 5196 μὲν
836 5133 881 5196 γὰρ
886 5133 1022 5194 ἰσόπλευρον
1067 5129 1171 5179 δτεδντο
1180 5126 1411 5192 ἂοτρονομιιιώτιιτον
1420 5127 1486 5187 ἡμῶν
1498 5121 1598 5183 καὶπερὶ
1610 5120 1700 5182 pictus
1710 5121 1751 5167 wit
1759 5113 1847 5167 παντὸς

243 5200 355 5266 τρίγωνον
371 5200 468 5250 ἰκάλουν
481 5201 574 5258 Ἀθηνᾶν
591 5207 735 5263 ιιορυραγενῆ
752 5205 791 5252 aul
808 5203 970 5265 τριτογένειαν,
984 5201 1022 5250 ὅτι
1067 5201 1151 5250 εἰδέναι
1161 5197 1263 5261 μάλιστα
1273 5195 1339 5261 ἔργον
1350 5194 1504 5256 1110111116
1513 5192 1564 5240 1111·
