3959 5925
250 399 308 452 818
797 391 1023 452 etnicouutt
1046 391 1295 452 FRAGMENTA.

161 517 164 522 ¹
247 545 301 602 χος·
320 520 367 592 τὴν
390 520 417 580 δὲ
436 519 565 599 ψιλότητα
585 526 630 577 τοῦ
645 519 766 595 σώματος
793 523 874 597 μηδὲν
900 524 1026 601 ἐνοχλεῖν.
1076 524 1101 580 ἓν
1115 530 1168 587 τοῖς
1180 521 1372 588 εὐδιεινοτάτοις
1383 523 1428 590 τῆς
1440 519 1535 586 Ἄσίας·
1551 523 1595 578 τοῦ
1610 516 1637 578 δὲ
1651 517 1737 596 θέρους
1752 520 1780 578 ἐν
1794 521 1870 580 Ἐκ-

247 609 414 671 Ἐπεδείκνυε
429 608 456 666 δὲ
468 605 526 672 τούς
535 625 561 664 τε
576 607 734 687 βατράχους,
746 609 791 666 καὶ
807 609 875 668 ἀλλα
891 612 939 668 οθιι
952 611 1029 687 ὀλίγα
1075 608 1197 674 ύατάνοις
1219 613 1265 678 τῆς
1287 610 1424 681 Μηδικῆς,
1441 607 1505 667 ὅπου
1526 605 1689 686 ψυχρότατος
1708 609 1722 664 ὁ
1742 605 1796 685 ἀὴρ
1816 607 1872 666 ἀεί

247 702 316 778 ζῷα,
334 694 398 754 πολὺ
415 694 461 770 μέν
476 693 635 771 ἁπαλώτερα
656 696 806 773 ἀνθρώπου,
828 698 894 756 πολὺ
909 697 936 755 δὲ
953 699 1028 777 ψιλά·
1075 694 1139 754 ποτέ
1155 698 1226 766 ἐστι,
1250 696 1295 752 καῖ
1310 699 1347 775 τῷ
1362 697 1422 772 περί
1438 695 1584 755 Βαύυλῶῖια
1599 697 1711 772 χειμῶνι
1732 693 1761 752 τδ
1784 695 1867 773 θέρος

246 809 322 866 τερα,
335 783 380 843 καὶ
395 783 450 840 ἔνιοι
465 781 563 840 τούτων
578 781 740 861 ἀνεχόμενα,
756 785 785 842 σθ
796 786 838 844 τὸν
850 787 915 862 ἀέρα
936 787 1027 860 μόνον,
1075 785 1172 861 ὅμοιον·
1188 784 1253 842 οὕτω
1273 785 1299 841 δὲ
1320 783 1363 842 καὶ
1382 785 1457 850 αὐτὸς
1471 779 1663 860 Ιμεταλλάττειν
1683 780 1730 853 τὴν
1755 781 1868 853 οἴκησιν

248 872 315 931 ἀλλά
330 877 374 930 καὶ
391 875 417 930 ἐν
436 875 473 949 τῷ
490 871 648 950 ψυχροτάτῳ
665 872 739 929 ίίδατι
762 877 807 944 ζῆν
832 875 961 949 δυνάμενα
982 882 1028 933 τοῦ
1076 872 1143 930 κατὰ
1157 869 1202 937 τάς
1214 871 1283 948 ὥρας
1293 876 1336 930 τοῦ
1348 874 1427 937 ἔτους.

246 961 386 1038 χειμῶνος.
400 958 569 1018 Ἐπεδιίιινυε
592 958 619 1018 δὲ
634 963 685 1017 τῶν
702 962 849 1038 ἀνθρώπων
870 966 956 1020 αὐτῶν
969 962 1029 1030 τούς
1119 958 1620 1037 (DioChtp‘sostonillSOlbiNi,pag·
1634 957 1740 1033 197ed.
1750 958 1868 1030 Reisk„

246 1072 275 1106 τε
287 1047 435 1126 δρθαλμοῦς
449 1048 494 1105 καλ
507 1049 536 1106 τδ
550 1049 690 1127 πρόσωπον
702 1049 774 1108 οὐδέν
785 1050 905 1126 δεόμενον
917 1052 1027 1122 σκέπης.
1115 1067 1166 1107 2⁹⁰·
1189 1044 1313 1122 Διογένης
1326 1045 1397 1123 ἔλεγε
1411 1046 1463 1102 δεῖν
1473 1043 1516 1102 τὸν
1531 1043 1656 1123 φρόνιμον
1668 1044 1757 1123 ἀνδρα,
1767 1043 1868 1124 ὥσπερ

249 1137 369 1198 Καθόλου
385 1137 412 1195 δὲ
432 1140 458 1196 ἐν
476 1139 569 1214 μηδενὶ
582 1139 656 1219 τόπῳ
667 1139 799 1216 γίγνεσθαι
813 1142 876 1217 ζῷον
887 1183 896 1215 ,
908 1139 922 1198 ὃ
934 1138 971 1213 μὴ
985 1139 1029 1196 δύ·
1076 1133 1118 1192 τὸν
1134 1133 1229 1211 ἀγαθὸν
1245 1133 1349 1212 ἰατρόν,
1365 1131 1429 1192 ὅπου
1444 1132 1536 1191 πολλοὶ
1550 1136 1683 1204 νοσοῦσιν,
1694 1133 1776 1191 ἐκεῖσε
1792 1131 1866 1190 ἰέναι

246 1249 323 1284 ναται
336 1229 381 1294 ζῆν
396 1227 421 1282 ἐν
439 1229 518 1306 αὐτῷ·
536 1225 553 1297 ἦ
568 1232 623 1292 πῶς
633 1226 672 1284 ἀν
688 1225 823 1297 ἐσώθησαν
834 1229 857 1284 oi
870 1230 968 1306 πρῶτοι
983 1251 1029 1304 γε·
1077 1223 1250 1302 βοηθήσοντα,
1266 1221 1345 1286 οὕτως
1358 1220 1422 1280 ὅπου
1442 1219 1559 1279 πλεῖστοί
1574 1221 1637 1277 εἰσιν
1660 1220 1863 1298 ἀφρονέστεροι)

246 1314 348 1388 νόμενοι
370 1313 609 1393 άνθροιποι,,μήτε
623 1315 702 1391 πυρὸς
722 1314 808 1386 ὄντος,
831 1313 899 1389 μήτε
921 1317 1027 1388 οἰκιῶν,
1076 1314 1129 1370 ἐκεῖ
1154 1312 1269 1387 μάλιστα
1286 1311 1431 1386 ἀποδημεῖν
1459 1308 1626 1386 ἐξελέγχοντα
1648 1309 1694 1365 καὶ
1714 1308 1863 1376 κολάζοντα

247 1394 315 1468 μήτε
326 1396 447 1464 ἐσθῆτος,
470 1392 537 1468 μήτε
553 1395 633 1462 ἀλλης
648 1398 758 1472 τρορῆς,
772 1391 789 1462 ἢ
802 1398 848 1464 τῆς
863 1395 1027 1470 αύτομάτου;
1075 1398 1121 1468 τὴν
1137 1399 1225 1456 ἀνοιαυ
1240 1398 1336 1457 αὐτῶν.

160 1489 164 1494 ’
247 1482 315 1539 ἀλλὰ
329 1480 376 1548 τὴν
390 1484 548 1558 πανουργίαν
563 1489 615 1547 τοῖς
636 1481 742 1560 ὕστερον
756 1481 801 1539 καὶ
813 1481 846 1539 τὰ
860 1483 946 1540 πολλὰ
958 1481 1030 1559 εύρί-
1117 1486 1184 1556 [Dio
1207 1483 1697 1562 Chrysnstomusot·at.l'iil‚pag.
1728 1486 1785 1558 276
1809 1485 1861 1542 ed.

246 1593 317 1627 σκειν
336 1570 379 1626 καὶ
404 1575 573 1648 μηχανᾶσθαι
585 1567 649 1648 πρδς
663 1569 705 1626 τὸν
725 1569 779 1646 βίον
799 1570 828 1626 οὗ
845 1569 914 1628 πάνυ
927 1593 953 1628 τι
967 1593 1027 1627 συν·
1077 1573 1181 1650 beist.)

247 1662 369 1734 ενεγκεῖν·
383 1662 411 1714 ού
424 1657 474 1735 γάρ
483 1660 544 1737 πρὸς
554 1659 673 1737 ἀνδρείαν
682 1658 726 1716 καῖ
737 1659 902 1730 δικαιοσύνην
915 1664 1029 1737 χρῆσθαι
1115 1682 1165 1722 ant.
1190 1659 1314 1738 Ποιρέσχε
1326 1659 1351 1718 δέ
1362 1661 1407 1718 καί
1423 1661 1498 1719 αὑτὸν
1512 1664 1550 1740 τῷ
1568 1659 1721 1740 βουλομένῳ
1732 1662 1863 1739 ἐντυγχά·

246 1753 444 1832 τῇσορίαρτοθς
460 1753 705 1830 ἀνθράιπους,οἰλλά
721 1754 1028 1831 πρδςῆδονιίν·διύικον-
1075 1774 1144 1823 νειν,
1162 1749 1207 1808 καί
1226 1749 1299 1826 ἔλεγε
1315 1751 1472 1826 θαυμάζειν,
1492 1750 1548 1822 ὅτι,
1569 1752 1591 1806 εἰ
1617 1748 1665 1824 μὲν
1691 1751 1739 1829 ἔφη
1754 1749 1864 1814 ὀδόντας

246 1864 292 1906 τας
302 1841 329 1898 δὲ
343 1843 373 1900 τὸ
393 1839 442 1910 ἡδὺ
458 1840 504 1898 καί
523 1840 548 1906 ἐξ
564 1841 676 1907 ἅπαντας
691 1842 730 1898 ἀεί
746 1845 792 1912 ζῆν
807 1841 964 1921 ἀηδέστερον
982 1845 1028 1902 καί
1077 1844 1180 1910 ἰᾶσθαι,
1193 1837 1288 1903 πάντες
1304 1837 1334 1896 ἀν
1348 1841 1419 1918 αὐτῷ
1430 1837 1579 1916 προσῄεσαν
1594 1839 1618 1894 oi
1636 1838 1753 1912 deciperem
1768 1839 1865 1898 ὀδόντα

248 1927 447 2006 ἓπιπονύιτέρον·
469 1929 512 1987 καί
529 1931 667 1996 δοκοῦντας
687 1936 878 2008 προμηθεῖσθαι
891 1935 961 2012 σφῶν
979 1934 1029 1990 αθ·
1078 1924 1218 1992 ἕξίδέῦθαῑ·
1239 1925 1284 1983 mi
1298 1923 1329 1996 νὴ
1352 1925 1402 1983 nia
1418 1926 1441 1982 ῑῖ
1459 1923 1589 2004 ὓπὲῦγρτῡ
1607 1923 1755 2004 ὅφθαλμῡθς
1778 1930 1864 2002 iim·

232 2017 314 2084 Ιτῶν,
330 2014 443 2072 κάκιστα
458 2016 631 2090 ἀπολλυσθαι,
650 2018 692 2076 brt
704 2017 751 2088 τὴν
765 2018 864 2089 πολλὴν
877 2019 1029 2094 ἐπιμέλειάν
1078 2014 1185 2086 mitit,
1205 2013 1301 2080 πάντες
1323 2011 1354 2070 ἂν
1376 2011 1525 2092 Ὑδαμυρθθς
1539 2010 1686 2094 ὀφθαλμοὺς
1704 2013 1774 2090 “titii
1797 2015 1865 2070 ἕπε-

248 2125 276 2161 τι
291 2101 335 2160 καί
350 2103 521 2179 προμήθειαν·
543 2106 588 2162 καὶ
611 2103 680 2166 οὕτω
707 2106 738 2176 δὴ
756 2105 799 2163 τὸν
823 2107 967 2184 Προμηθέα
991 2110 1029 2164 δι·
1079 2101 1204 2161 δείκνυσι·
1221 2100 1316 2178 ὁμοίοις
1332 2100 1358 2159 δὲ
1375 2103 1396 2160 εί
1409 2100 1550 2172 σπληνὸς-*η
1567 2101 1697 2180 ποδάγρας
1716 2098 1732 2168 ἢ
1748 2100 1867 2178 κορύζης

247 2190 327 2257 καίως
339 2189 459 2267 λέγεσθαι
474 2192 651 2270 δεδεμένοντῇ
667 2193 751 2274 πέτρα
769 2193 900 2273 κείρεσθαι
914 2195 944 2254 τὸ
955 2187 1029 2276 ἧπαρ
1078 2190 1173 2250 εἰδέναι
1190 2190 1338 2270 ράρμοκον·
1352 2191 1407 2250 ἐπεὶ
1419 2190 1446 2248 δὲ
1462 2189 1510 2270 έρη
1533 2190 1641 2250 παύσειν
1661 2186 1716 2254 τοῦς
1729 2189 1864 2264 πεισομέ-

247 2281 298 2336 ίιπδ
310 2285 355 2336 τοῦ
367 2282 452 2338 ἀετοῦ.
1078 2303 1134 2344 νους
1149 2281 1220 2358 αὐτῷ
1234 2281 1338 2355 ἀγνοίας
1353 2281 1397 2337 καὶ
1412 2279 1537 2356 πονηρίας
1550 2279 1595 2336 καί
1611 2275 1760 2348 ἀκολασίας,
1775 2276 1867 2344 οὐδεὶς

289 2367 793 2447 (DioClrcysostomusorat.l''l‚pag.
804 2373 912 2441 207ed.
922 2371 1029 2450 Remi.)
1078 2369 1149 2444 αὐτῷ
1161 2374 1319 2444 προσεῖχεν,
1337 2366 1393 2429 οὐδὲ
1409 2364 1543 2452 ἐκέλερσεν
1556 2369 1646 2423 ἰᾶσθαι
1660 2365 1752 2436 αὐτόν,
1767 2365 1819 2422 οὐδ’
1836 2368 1864 2422 εἰ

287 2465 338 2506 ian.
360 2446 483 2522 Διογένης
500 2451 514 2504 θ
529 2448 672 2518 Σινωπεύς,
687 2448 729 2508 ὅτε
746 2451 838 2528 έρυγεν
850 2453 881 2509 ἐκ
895 2451 1030 2528 Σινώπης,
1077 2455 1144 2513 πολὺ
1158 2456 1354 2534 προσλήψεσθαι
1369 2454 1489 2533 ἀργύριον
1500 2454 1619 2528 ἔμελλεν.

248 2535 403 2615 ἀφικόμενος
415 2532 506 2604 είςτὴν
519 2534 637 2595 Ἑλλάδα
649 2537 791 2614 διῆγεποτὲ
802 2537 848 2614 μὲν
861 2542 887 2598 ἐν
901 2540 1029 2618 Κορίνθῳ,
1120 2544 1185 2617 (Dio
1207 2543 1434 2619 Chrysostomus
1455 2557 1529 2602 orat.
1545 2542 1613 2600 λἸΙΙ
1640 2562 1707 2620 pag.
1734 2563 1787 2614 αρ’,-
1813 2542 1860 2600 ed.

249 2622 311 2680 ποτὲ
326 2623 353 2682 δὲ
367 2623 513 2697 Ἀθήνησιν.
526 2623 597 2704 Ἔφη
610 2625 636 2685 δὲ
649 2630 785 2702 μιμεῖσθαι
794 2633 840 2686 τοῦ
856 2631 965 2707 Περσῶν
985 2633 1029 2707 βα·
1083 2629 1180 2688 lloistr.
1196 2631 1322 2709 Reposni
1338 2629 1432 2696 πάντες
1443 2628 1474 2687 διν
1490 2627 1638 2710 γλαμυροθς
1649 2628 1795 2710 όρθαλμοθς
1806 2650 1861 2708 pro

249 2712 342 2777 σιλέως
353 2711 399 2780 τὴν
412 2713 522 2770 δίαιταν·
535 2712 580 2771 καί
595 2712 646 2793 γάρ
659 2719 753 2782 ἐκεῖνος
766 2719 803 2793 τῷ
818 2716 865 2791 μὲν
880 2721 991 2795 χειμῶνι
1004 2721 1030 2775 ἐν
1078 2719 1309 2778 meruluanarum
1338 2720 1461 2778 lectione
1483 2718 1578 2784 πάντες
1605 2717 1737 2799 ἄνθρωποι
1764 2719 1861 2798 dabui-

253 2796 393 2857 Βαθυλῶνι
403 2798 448 2856 καί
464 2798 592 2870 Σούσοις,
612 2803 692 2858 ἐνίοτε
706 2803 729 2858 δ’
748 2804 774 2860 ἐν
787 2803 916 2881 Βάκτροις
931 2805 1030 2882 διῆγεν,
1080 2808 1165 2883 ρούς.)

260 2922 1859 2944 *m

250 2994 366 3049 tetemet
375 2992 602 3055 qnianndnsioret‚
614 2996 702 3057 qnippe
712 2997 754 3058 qni
769 3010 847 3059 nenne
859 2998 922 3047 riitls
932 3000 1032 3047 restitns
1109 3005 1163 3047 ten.
1181 3000 1298 3061 Diogenes
1312 3000 1450 3062 Sinopensis
1463 3013 1538 3061 qrrrrm
1551 3013 1579 3047 cx
1594 3000 1670 3062 patria
1685 2999 1743 3047 urbo
1756 2999 1860 3057 ingeret.

248 3081 326 3135 esset.
342 3084 368 3128 nt
382 3080 501 3141 pleraeque
512 3080 617 3142 belluae,
631 3094 710 3144 nequo
720 3085 839 3146 penniger,
857 3098 934 3146 neqrre
950 3099 1032 3135 crasso
1076 3086 1100 3134 in
1111 3088 1230 3137 Graeciam
1243 3088 1307 3137 venit
1318 3088 1398 3149 ibique
1412 3100 1476 3136 nnnc
1486 3088 1594 3137 Corintbl
1608 3101 1671 3137 nune
1683 3087 1781 3136 Athenis
1793 3088 1861 3135 rire-

248 3167 416 3227 materanos,
430 3167 607 3229 trierespondrn
621 3168 729 3219 homines
744 3171 804 3221 adeo
816 3174 901 3223 molles
913 3187 964 3222 esse
977 3188 1032 3236 pro·
1078 3174 1127 3223 bnt.
1148 3176 1233 3235 Aiebat
1252 3180 1333 3225 antem
1353 3188 1404 3224 sese
1423 3175 1511 3224 imitari
1529 3178 1657 3225 Persarum
1681 3176 1741 3237 regis
1764 3175 1858 3223 sinendi

181 3272 185 3277 ·
222 3257 303 3317 “pter
319 3267 389 3303 suum
404 3254 499 3303 vivendi
513 3269 603 3318 genuus,
619 3257 734 3319 qnoniam
749 3260 890 3322 plerumque
906 3263 957 3310 tam
974 3262 1032 3311 solis
1076 3264 1223 3326 genus;qni
1247 3263 1325 3311 bieme
1343 3260 1461 3320 Babylone
1476 3262 1597 3322 etSnsis,
1624 3261 1743 3310 interdum
1767 3262 1860 3311 Bactris

247 3342 347 3391 ardores
370 3344 479 3402 tugerent
499 3356 573 3405 qnam
602 3346 814 3409 trignsvitarcn13
836 3349 929 3398 nudum
950 3353 1030 3400 antem
1076 3354 1159 3413 etiam,
1171 3351 1326 3414 tepidissimis
1337 3350 1400 3400 isiae
1410 3348 1477 3407 locis,
1488 3352 1572 3398 restuto
1583 3354 1663 3398 antem
1670 3351 1801 3403 Ecbatanis
1809 3354 1859 3401 bie-

248 3444 337 3493 eorpus
355 3431 447 3479 nullam
465 3432 552 3481 babere
565 3432 708 3483 molestiam.
724 3437 872 3487 ltonslrabat
889 3451 947 3487 vcro
963 3452 1032 3487 ranas
1076 3441 1160 3487 riorum
1171 3439 1276 3499 viveret,
1289 3438 1329 3486 nbi
1344 3451 1383 3485 aer
1393 3448 1487 3500 semper
1504 3436 1672 3497 frigidissimus
1688 3441 1725 3486 cst
1737 3442 1860 3502 aestasque

247 3518 354 3580 aliasque
365 3518 454 3567 nautas
469 3517 532 3566 lrand
545 3532 635 3580 pariens
652 3520 730 3570 multo
748 3524 878 3573 teneriores
896 3524 1032 3573 bominibus
1077 3529 1145 3577 biomi
1160 3526 1282 3588 Babylone
1301 3527 1425 3575 transacta
1444 3522 1575 3573 simillima.
1591 3525 1630 3574 Sic
1649 3529 1674 3574 et
1687 3526 1766 3587 ipsum
1779 3529 1810 3575 ari
1823 3527 1859 3575 di-

249 3604 374 3668 mnltoqne
386 3608 531 3667 glabrione,
545 3622 650 3668 qrrarnm
664 3613 745 3659 tamen
758 3611 883 3661 nonnullae
895 3626 943 3661 non
958 3613 1032 3661 modo
1076 3628 1144 3665 versa
1157 3614 1214 3663 anui
1235 3616 1343 3677 tempora
1365 3609 1546 3661 accommodate
1563 3614 1656 3668 mutere
1668 3624 1694 3660 se
1710 3611 1859 3661 domicilium

249 3704 330 3741 aerem
349 3697 499 3755 paterentur,
511 3694 553 3742 sed
566 3696 637 3744 etiam
654 3696 679 3745 in
691 3696 843 3759 frigidissima
855 3711 917 3760 aqna
932 3699 1032 3748 hiberno
1077 3704 1180 3767 dicebat.

250 3786 359 3841 tempore
369 3782 450 3830 risere
467 3785 573 3844 possent.
582 3784 733 3833 Ostendebat
746 3785 817 3834 etiam
833 3786 940 3847 ipsorum
953 3788 1032 3836 tromi-
1109 3798 1161 3841 tnO.
1178 3792 1295 3853 Diogenes
1302 3790 1398 3840 dicebat
1407 3792 1518 3853 oportere
1532 3790 1611 3838 virum
1622 3788 1762 3849 sapientem,
1777 3801 1858 3849 quem-

249 3877 307 3948 nnm
322 3867 405 3916 oculos
424 3873 448 3917 et
462 3870 546 3921 inciam
563 3872 630 3920 nullo
641 3874 781 3933 tegumento
795 3873 908 3935 indigere.
928 3876 1032 3940 omuino
1077 3880 1207 3928 arturorlnm
1232 3878 1310 3927 bonus
1324 3880 1434 3927 merlinus
1449 3879 1532 3927 arrsilii
1555 3876 1644 3926 serendi
1664 3889 1736 3925 causa
1749 3876 1788 3924 illa
1809 3876 1857 3923 toea

225 3966 229 3972 ·
250 3954 315 4005 nullo
329 3955 382 4005 loco
392 3959 456 4005 nasci
469 3959 556 4008 animal
571 3960 743 4020 contendebat,
757 3961 822 4022 qnod
839 3974 886 4010 non
906 3966 987 4024 posset
999 3963 1031 4012 ibi
1077 3970 1177 4030 peteret,
1194 3966 1234 4017 nbi
1249 3967 1319 4016 rnrrlti
1336 3970 1479 4028 aegrotarent
1494 3980 1501 4014 ι
1521 3966 1593 4015 siceo
1608 3964 1711 4013 unanime
1725 3962 1856 4025 proficisci,

250 4044 346 4103 uicere;
363 4048 407 4092 ant
422 4046 545 4106 quomodo
566 4047 607 4107 qni
623 4048 694 4109 primi
707 4049 753 4097 orti
767 4054 825 4099 sunt
838 4050 948 4099 lromlnes
968 4050 1032 4098 inco·
1077 4055 1119 4103 ubi
1135 4054 1230 4115 plurimi
1243 4059 1322 4103 essent
1333 4054 1485 4116 insipientes,
1498 4055 1525 4101 nt
1539 4065 1621 4101 corum
1639 4052 1763 4100 stultitiam
1777 4052 1855 4097 redar-

249 4131 327 4179 lnmcs
346 4132 435 4181 serrati
452 4134 545 4194 torent,
562 4148 640 4201 qurum
658 4149 737 4199 neque
756 4137 816 4197 ignis
835 4151 886 4200 quo
908 4140 1034 4187 uterentur
1077 4147 1159 4205 gneret
1172 4144 1197 4192 et
1208 4143 1346 4202 castigaret.
1402 4204 1405 4211 Ι

248 4224 325 4279 esset,
337 4233 414 4281 neque
427 4223 504 4281 treta,
522 4231 599 4283 uenire
610 4224 771 4285 vestimenta,
785 4238 863 4286 neque
877 4216 944 4274 alins
954 4226 1033 4275 victus
1111 4237 1162 4283 not.
1179 4232 1242 4289 Quin
1257 4231 1329 4279 otiam
1352 4230 1444 4279 incitem
1458 4242 1484 4279 se
1499 4229 1600 4290 prebuit
1615 4227 1728 4277 omnibus
1742 4227 1783 4289 qui
1803 4240 1856 4275 cunr

248 4320 322 4369 qnam
338 4308 449 4357 nativus?
469 4322 553 4359 rernm
573 4310 731 4360 calliditatem
753 4315 778 4360 et
794 4314 958 4361 inventionem
976 4326 1032 4363 eorr-
1076 4321 1129 4381 ipso
1139 4320 1243 4381 colloqui
1260 4320 1364 4380 retient,
1376 4318 1485 4379 dixitque
1499 4330 1553 4367 sese
1564 4316 1657 4377 mirari,
1668 4316 1732 4378 qrrod
1745 4316 1765 4365 si
1780 4313 1855 4365 merli-

248 4396 424 4458 tectionemqne
438 4410 519 4446 cerrum
539 4398 706 4461 plerarumque
724 4399 753 4447 ari
769 4400 826 4449 vitae
839 4401 1033 4469 commoditatem
1056 4430 1058 4441 ·
1078 4408 1279 4458 crrmdemarinm
1290 4420 1316 4459 se
1333 4406 1494 4468 profiteretur,
1511 4406 1631 4455 accessuri
1643 4404 1673 4453 ad
1691 4404 1769 4466 ipsum
1780 4406 1857 4451 assari

249 4484 420 4546 pertinentium
440 4487 543 4547 posteris
558 4500 643 4548 parum
664 4488 780 4549 proruisse
792 4487 932 4538 affirmabat.
951 4493 1034 4551 Neque
1078 4496 1366 4558 qrribuscunquoexemto
1383 4476 1455 4543 dente
1463 4505 1524 4554 opus
1537 4493 1611 4553 toret;
1621 4491 1641 4541 si
1654 4490 1794 4550 ocrrtarinm,
1806 4502 1858 4551 pro

248 4574 314 4623 euim
333 4572 364 4621 ad
386 4574 547 4624 tortitudinem
560 4576 713 4636 etirrstitiam
729 4576 852 4625 colendam
868 4577 976 4627 lromincs
996 4592 1030 4627 sa·
1079 4584 1140 4634 tecto
1155 4596 1240 4631 omnes
1254 4582 1298 4644 ipsi
1311 4582 1388 4643 lippos
1402 4582 1484 4630 oculos
1498 4580 1617 4629 ostensuri
1632 4583 1725 4639 essent,
1740 4576 1857 4625 similiter-

245 4664 335 4726 pientia
356 4665 404 4727 nti,
427 4664 469 4713 sed
488 4664 518 4712 ad
536 4665 684 4727 uoluptatem
704 4666 905 4728 cornpararrdam;
926 4672 952 4715 at
971 4668 1030 4717 dnm
1077 4686 1124 4735 qno
1134 4672 1153 4721 si
1168 4672 1235 4720 lienis
1247 4670 1284 4719 cel
1298 4670 1409 4732 podagree
1422 4670 1458 4718 rel
1468 4667 1605 4730 gravedinis
1617 4666 1819 4716 medicamentum
1831 4678 1856 4713 se

243 4752 393 4801 amoenitates
413 4754 526 4802 omnibns
545 4754 622 4803 modis
634 4760 783 4817 quaererent,
796 4754 872 4804 nibilo
888 4755 967 4805 seclus
991 4770 1033 4806 eos
1077 4762 1158 4811 tenero
1172 4759 1317 4818 affirmarem
1331 4770 1406 4820 quum
1426 4769 1483 4807 vero
1501 4754 1649 4817 ignorantia,
1666 4754 1819 4815 improbitate
1833 4758 1856 4799 et

243 4842 470 4905 semperdnriorem
481 4846 556 4893 uitam
566 4845 696 4908 minusque
706 4844 839 4907 inmundam
852 4846 1030 4906 agero,etlicet
1078 4847 1261 4909 intemperantia
1282 4844 1392 4895 lromines
1412 4845 1458 4895 sibi
1472 4844 1664 4906 obtemperantes
1686 4840 1812 4891 liberatum
1830 4838 1856 4889 iri

245 4926 293 4977 sibl
315 4928 373 4991 ipsis
397 4931 531 4993 prospicere
550 4933 696 4994 viderentur,
720 4936 800 4984 tamen
821 4933 926 4996 pessime
954 4936 1032 4996 perire
1076 4948 1127 4999 prae
1140 4935 1261 4992 soserret,
1276 4946 1347 4982 nemo
1360 4945 1438 4995 neque
1451 4931 1496 4995 ipsi
1507 4930 1653 4981 auscultaret
1669 4941 1748 4991 neque
1760 4926 1856 4977 medici·

247 5021 343 5078 propter
365 5010 467 5069 niallam
492 5020 638 5083 diligentiam
658 5033 757 5085 suaque
776 5023 860 5072 salutis
886 5021 1030 5073 custodiam.
1078 5038 1132 5072 nam
1145 5024 1239 5086 abipso
1251 5025 1359 5085 peteret,
1372 5021 1466 5071 etiamsi
1483 5020 1596 5082 ‚arannem
1609 5018 1735 5082 pecuniam
1745 5020 1860 5081 praetcrea

246 5104 408 5157 Quamobrem
437 5110 524 5158 merito
548 5112 573 5159 et
594 5111 763 5161 Prometheum
786 5110 833 5161 dici
853 5110 954 5159 aibnnm
970 5120 1029 5161 esse
1076 5116 1215 5173 accepturus
1232 5114 1302 5161 esset.

246 5186 310 5250 copi,
320 5188 400 5251 aquila
411 5191 481 5252 jecur
492 5192 544 5254 eins
556 5194 681 5245 exedente.
