3959 5925
395 368 397 371 Ι
488 392 659 465 ntDthtn
679 392 892 453 Dtsctrttnts
913 396 961 453 ET
982 393 1296 457 successorihus,
1649 425 1690 464 xv

90 528 205 587 liestiaei
220 527 316 596 filius,
338 526 364 582 Τ
365 515 530 596 arentinos,
550 524 742 602 philosophus
755 525 868 601 Pytha·
914 527 971 585 lius
984 526 1127 599 dedisset,
1141 527 1210 585 huic
1225 528 1328 587 divino
1343 534 1459 589 muneri
1472 553 1506 591 ac
1523 534 1599 593 dono
1616 538 1689 597 nihil

88 617 206 691 gericus
221 614 293 684 suit,
312 631 396 688 quem
412 613 442 668 in
459 610 575 669 lumiliae
592 615 775 679 successione
786 625 867 671 octa·
912 633 974 672 esse
987 628 1044 671 tam
1065 616 1218 685 ,inimicum
1234 636 1321 691 quam
1335 621 1524 696 voluptatem.
1542 622 1599 681 Nec
1612 626 1690 682 enim

88 729 157 767 vum
174 710 370 787 apythagora
385 708 472 766 fuisse
487 708 569 785 ajunt
585 707 643 789 (91)
647 755 654 769 ,
634 709 757 784 )Ηηῃρ
770 713 866 767 virum
911 702 1036 759 libidine
1049 702 1218 760 dominante
1232 708 1428 782 temperantiae
1442 709 1536 767 locum
1550 729 1627 783 esse,
1641 734 1691 771 ne-

88 799 215 875 perlecta
237 797 441 896 cumulataque
466 795 573 854 virtute
594 809 727 853 ornatum
754 796 866 873 antiqui
912 810 968 867 que
982 792 1103 849 omnino
1123 792 1154 848 in
1167 792 1327 871 voluptatis
1346 814 1438 870 regno
1452 798 1588 857 virtutem
1605 821 1691 877 posse

87 886 243 962 scriptores
253 883 336 940 miris
346 879 480 939 laudibus
493 877 661 959 praedicant.
676 882 746 940 Nam
762 880 821 959 (92)
839 894 867 939 et
911 880 1079 937 consistere.
1092 878 1176 947 Quod
1190 900 1249 956 quo
1264 883 1355 955 magis
1366 883 1491 959 intelligi
1504 901 1616 963 posset,
1631 891 1691 947 fin-

89 974 197 1051 septies
217 969 387 1049 reipublicae
411 970 544 1047 praeluit,
570 972 704 1047 quamvis
722 990 774 1049 per
790 972 867 1045 leges
911 986 977 1042 gere
1006 968 1104 1025 animo
1128 965 1251 1067 jubebat
1281 982 1360 1027 tanta
1388 972 1539 1030 incitatum
1565 976 1690 1078 aliquem

86 1061 173 1117 semel
189 1059 326 1117 duntaxat
336 1054 571 1115 administrare
549 1076 594 1115 res
604 1058 729 1115 civitatis
739 1076 866 1115 annuum
910 1056 1057 1133 voluptate
1068 1056 1215 1132 corporis,
1231 1070 1338 1132 quanta
1352 1060 1465 1136 percipi
1484 1075 1581 1161 posset
1597 1066 1691 1122 maxi·

88 1148 283 1223 magistratum
299 1143 467 1219 gerentibus
486 1145 605 1216 liceret,
622 1159 649 1202 et
664 1164 739 1223 saepe
750 1146 867 1203 exerci-
911 1164 958 1202 ma
972 1167 978 1201 ι
993 1146 1104 1202 nemini
1096 1143 1251 1201 'censebat
1261 1144 1454 1205 loredubium
1465 1192 1473 1220 ,
1483 1149 1555 1225 quin
1568 1152 1689 1223 tamdiu,

86 1247 146 1291 tum
170 1234 255 1293 duxit
270 1236 425 1308 hostesque
443 1232 561 1290 devicit.
579 1234 679 1303 Qualis
698 1233 755 1314 (93)
772 1248 865 1291 autem
913 1232 981 1292 dum
1008 1235 1048 1290 ita
1075 1232 1226 1307 gauderet,
1244 1234 1317 1291 nihil
1342 1238 1453 1309 agitare
1478 1251 1591 1314 mente,
1616 1240 1690 1299 nihil

85 1334 268 1398 quantusque
282 1319 370 1377 luerit
385 1320 543 1396 imperator
562 1338 599 1377 ex
611 1320 666 1377 hoc
681 1321 865 1396 intelligitur,
914 1324 1041 1393 ratione,
1057 1319 1132 1377 nihil
1144 1320 1319 1394 cogitatione
1332 1325 1471 1400 consequi
1484 1338 1589 1401 posset.
1611 1326 1690 1395 Quo·

84 1408 163 1485 quod
178 1406 343 1467 commissis
364 1406 429 1483 ejus
441 1405 533 1465 'ductu
553 1420 587 1477 et¹
598 1408 730 1485 auspicio
751 1408 866 1486 proeliis
901 1412 989 1485 ¹circa
1011 1409 1085 1467 nihil
1101 1428 1164 1466 esse
1178 1422 1234 1465 tam
1253 1408 1423 1467 detestabile
1443 1426 1560 1489 tamque
1573 1416 1688 1492 pestile-

86 1496 237 1556 Tarentini
251 1514 364 1572 semper
374 1496 539 1571 superiores
550 1496 752 1554 discesserunt.
769 1497 864 1566 Quum
909 1516 993 1571 rum,
1009 1494 1095 1573 qu'am
1119 1497 1298 1572 voluptatem
1325 1495 1496 1574 :siquidem
1521 1520 1571 1572 ea,
1599 1524 1688 1579 quum

85 1583 176 1661 igitur
186 1582 469 1659 aliquandoinvidiae
478 1582 635 1641 cedendum
650 1596 729 1643 ratus
741 1585 864 1663 imperio
911 1584 1006 1661 major
1028 1597 1102 1642 esset
1123 1594 1210 1659 atque
1231 1583 1360 1658 longior,
1379 1605 1466 1643 omne
1479 1587 1569 1645 animi
1592 1590 1691 1647 lumen

83 1688 149 1730 sese
174 1671 349 1743 abdicasset,
367 1669 475 1727 milites
494 1670 588 1727 statim
611 1673 737 1749 superati
758 1672 789 1729 in
803 1673 864 1731 h0-
909 1675 1114 1748 exstingueret.
1127 1670 1303 1747 Spintharus
1316 1670 1374 1751 (96)
1386 1692 1464 1749 saepe
1480 1674 1617 1733 narrabat
1637 1683 1691 1735 λι·-

84 1759 175 1815 stium
188 1757 337 1817 arbitrium
348 1770 376 1814 et
387 1770 555 1838 potestatem
569 1772 720 1817 venerunt.
733 1759 777 1817 hd
791 1760 865 1819 hanc
909 1760 1023 1836 chytam
1047 1759 1258 1829 Tarentinum,
1276 1779 1365 1834 quum
1387 1774 1454 1837 post
1478 1761 1597 1837 aliquod
1621 1776 1699 1821 tem·⁴

85 1846 240 1905 militarem
272 1845 393 1919 gloriam
424 1846 544 1903 accessit
573 1865 685 1904 morum
713 1846 861 1925 probitas,
908 1849 990 1925 poris
1002 1845 1191 1905 intervallum
1207 1865 1224 1902 a
1243 1846 1323 1903 bello
1340 1846 1432 1904 redux
1446 1849 1525 1924 quod
1537 1849 1690 1911 Tareritini

82 1952 197 1998 sumnia
217 1932 361 2009 eruditio,
384 1933 486 2007 ingens
511 1933 637 2010 denique
660 1935 801 1992 librorum
826 1936 862 1993 de
908 1936 1048 1994 adversus
1062 1935 1223 1993 Messenios
1240 1947 1403 2009 gesserant,
1420 1956 1470 1993 rus
1485 1956 1569 1995 suum
1584 1943 1690 1998 revise-

82 2022 163 2083 omni
175 2021 337 2079 litterarum
347 2039 451 2095 genere
458 2022 633 2097 scriptorum
646 2022 739 2098 copia.
750 2022 863 2101 Quippe
908 2038 966 2096 ret,
982 2038 1011 2082 et
1034 2024 1167 2081 villicum
1185 2041 1251 2080 cum
1273 2036 1377 2081 caetera
1391 2024 1502 2082 familia
1517 2046 1577 2083 rem
1596 2027 1691 2085 rusti-

83 2107 305 2167 tantaexcellnit
316 2108 494 2165 verecundia
507 2107 566 2187 (91)
577 2121 714 2183 tantoque
734 2108 862 2185 pudore,
907 2132 967 2171 cam
992 2134 1051 2171 non
1076 2113 1244 2187 diligenter,
1263 2110 1313 2167 sed
1329 2111 1485 2169 admodum
1508 2115 1690 2191 negligenter

83 2211 114 2255 ut
135 2196 298 2273 siquando
318 2215 434 2255 necesse
458 2195 577 2255 haberet
594 2196 731 2256 obscoena
753 2200 863 2273 signifi·
907 2221 1023 2259 curasse
1034 2200 1295 2270 animadverteret,
1309 2210 1387 2256 tanta
1398 2199 1443 2257 ira
1452 2214 1480 2257 et
1489 2201 1690 2277 indignatione

81 2306 161 2357 care,
177 2306 212 2343 ea
226 2287 258 2344 in
273 2286 385 2363 pariete
398 2286 496 2363 potius
507 2286 697 2357 inscriberet,
709 2306 795 2363 quam
811 2307 862 2345 ore
907 2301 1061 2366 concepta,
1075 2300 1211 2365 quantam
1224 2286 1290 2344 talis
1305 2286 1352 2344 vir
1365 2288 1528 2365 concipiat,
1544 2279 1689 2348 adrerum

82 2374 232 2451 prolerret.
266 2374 381 2431 Nullam
417 2372 475 2454 (95)
505 2374 702 2451 capitaliorem
732 2389 858 2453 pestem,
906 2389 1010 2434 statum
1023 2375 1239 2433 accommodate
1258 2373 1384 2445 dixisse,
1399 2374 1474 2432 bene
1486 2396 1552 2434 cum
1573 2378 1689 2436 famulis

82 2481 166 2539 quam
187 2463 319 2538 corporis
333 2463 511 2539 voluptatem
528 2460 698 2521 hominibus
714 2462 829 2521 dicebat
845 2484 861 2521 a
906 2467 968 2539 agi,
981 2458 1060 2542 quod
1072 2465 1164 2522 iratus
1174 2474 1264 2530 esset,
1278 2462 1350 2520 alias
1360 2475 1507 2522 tantorum
1517 2464 1688 2524 delictorum

82 2562 184 2606 natura
198 2551 314 2619 datam,
331 2548 414 2627 cujus
438 2549 596 2626 voluptatis
614 2552 707 2608 avidae
723 2549 861 2610 libidines
899 2554 1009 2628 ,graves
1018 2552 1167 2630 justasque
1176 2570 1278 2629 poenas
1290 2550 1410 2609 daturos
1425 2552 1524 2610 luisse.
1543 2552 1621 2612 ldem
1634 2558 1688 2614 Αν-

80 2650 186 2694 temere
203 2649 231 2693 et
245 2636 384 2695 effrenate
398 2635 435 2693 ad
456 2636 630 2713 potiundam
657 2638 859 2696 incitarentur.
910 2642 1011 2718 chytas
1022 2641 1187 2710 Platonem,
1202 2658 1288 2715 quem
1302 2639 1463 2715 Dionysius
1480 2642 1688 2702 interfecturus

83 2724 157 2783 llinc
180 2726 284 2803 patriae
304 2725 504 2803 proditiones,
526 2726 595 2784 hinc
610 2746 707 2784 rerum
727 2727 862 2805 publica·
906 2742 980 2799 erat,
996 2748 1048 2806 per
1059 2728 1209 2805 epistolam
1222 2746 1239 2782 a
1250 2740 1344 2783 morte
1356 2727 1546 2805 eripuit(97).

80 2834 145 2871 rum
159 2816 342 2888 eversiones,
358 2813 427 2872 hinc
441 2835 506 2872 cum
526 2814 659 2873 hostibus
683 2816 862 2875 clandestina
890 2880 892 2885 ¹
947 2816 988 2871 De
1007 2814 1143 2888 ingenuis
1165 2812 1277 2870 artibus
1298 2832 1330 2869 ac
1347 2813 1537 2892 philosophia
1550 2817 1695 2893 praeclarc.

18 2908 23 2917 “
82 2902 229 2979 colloquia
243 2902 463 2976 nasci3nullum
480 2903 605 2981 denique
619 2904 731 2976 scelus,
747 2905 859 2964 nullum
907 2902 1023 2964 meruit.
1038 2902 1150 2959 Etenim
1162 2900 1457 2959 multaa'l'arentino
1469 2904 1619 2980 sapientia
1631 2904 1687 2963 do-

80 2991 191 3046 malum
206 2991 316 3047 lacinus
332 3009 409 3061 esse,
422 2991 458 3048 ad
475 2992 553 3067 quod
568 2993 786 3069 suscipiendum
801 3014 860 3052 non
906 2999 1000 3061 crore,
1016 2993 1068 3067 qui
1083 2991 1194 3065 ingenii
1209 2989 1345 3048 acumine
1362 2989 1500 3067 floreret,
1510 2990 1587 3049 bene
1602 3005 1688 3069 atque

78 3077 177 3135 libido
209 3077 366 3154 voluptatis
393 3081 569 3156 impelleret;
604 3093 703 3158 stupra
727 3099 796 3138 vero
832 3096 861 3141 et
905 3080 1146 3138 utilitermventa
1156 3096 1219 3134 esse
1232 3076 1373 3134 feruntur
1387 3076 1506 3137 Primus
1519 3080 1581 3159 (98)
1593 3096 1686 3140 autem

75 3164 225 3222 adulteria
238 3178 266 3222 et
277 3185 360 3222 omne
371 3167 425 3224 tale
438 3167 578 3242 flagitium
590 3168 679 3226 nullis
692 3169 756 3226 alus
768 3168 861 3226 illece-
905 3170 1079 3266 (quaestiones
1114 3165 1294 3222 mechanicas
1332 3166 1508 3224 mechanicis
1533 3171 1688 3248 principiis

75 3252 143 3310 bris
162 3253 297 3322 excitari,
317 3255 373 3313 nist
365 3255 554 3333 'voluptatis
568 3255 724 3334 Quumque
747 3257 858 3326 homini
906 3274 973 3312 usus
992 3255 1087 3311 viaet
1110 3253 1222 3310 ratione
1236 3252 1363 3309 instituit
1381 3239 1551 3330 primusque
1574 3270 1684 3313 motum

74 3341 140 3399 sive
154 3355 257 3400 natura
271 3343 333 3400 sive
345 3345 411 3421 quis
425 3343 496 3402 deus
508 3344 582 3402 nihil
595 3359 691 3403 mente
707 3344 859 3422 praestahi-
905 3343 1074 3418 organicum
1101 3340 1202 3416 figurae
1225 3341 1407 3415 geometricae
1434 3341 1586 3412 adhibuit,
1613 3344 1687 3401 lacta

74 3533 160 3588 (1.118
179 3533 204 3578 el
221 3531 306 3590 Pyrrh.
323 3533 384 3592 llyp.
401 3533 444 3592 llI,
469 3536 504 3582 18
524 3505 591 3582 alde
611 3533 714 3583 llierocl.
730 3534 755 3581 ln
776 3534 857 3580 Catm.
907 3530 946 3578 κόν
965 3528 1117 3592 Ἀριστόξενός
1136 3544 1192 3588 φησι
1217 3527 1331 3587 μηδέποτε
1353 3531 1528 3588 στρατηγοῦντα
1548 3531 1685 3585 ἡττηύηναι.

74 3609 127 3645 aur.
138 3611 160 3645 ιιι
174 3599 218 3648 Ph
231 3601 274 3647 Gr.
286 3599 370 3660 fragm.
386 3601 464 3671 roll,
479 3614 502 3662 ρ.
517 3605 562 3650 494
573 3615 632 3663 seq
643 3602 770 3652 Jamntrctn
780 3603 858 3651 Theo
907 3599 1061 3659 φθονούμενον
1084 3598 1105 3645 δ’
1122 3598 1183 3653 ἅπαξ
1199 3598 1335 3660 ἐκχωρῆσαι
1353 3603 1394 3654 τῆς
1417 3597 1556 3660 στρατηγίας
1578 3600 1685 3653 καὶτοὺς

10 3689 16 3700 ·
74 3665 203 3727 logomena
219 3668 376 3718 arithmetice
393 3672 464 3731 atque
478 3683 492 3718 e
504 3672 676 3720 recentioribus
694 3671 794 3721 Meursii
815 3674 860 3720 De·
903 3668 975 3731 [aaa
989 3668 1152 3731 στρατιώτας]
1167 3669 1251 3716 αὐτίκα
1264 3669 1383 3725 ληφθῆναι·

73 3735 170 3784 narium
187 3737 379 3799 Pythagoricum.
935 3741 983 3801 (st)
998 3736 1686 3800 νΕΙίιιιιυανιι.8881181119,19ιΑρχνταςτατεᾰλλα

104 3806 155 3868 (at)
171 3813 311 3867 anonymus
326 3809 390 3871 apud
411 3809 522 3858 Photlum
542 3814 637 3858 159-
656 3813 719 3871 (92)
740 3811 858 3871 Diogenes
902 3809 930 3870 ἦν
940 3810 1052 3873 σώφρων,
1063 3808 1145 3856 καὶ
1121 3825 1161 3856 ονν
1181 3808 1263 3856 καὶτὰ
1281 3807 1378 3865 ἄκοσμα
1389 3805 1526 3866 ἐφυλάττετο
1537 3810 1584 3853 τῶν
1601 3806 1686 3865 ὀνομά·

72 3879 152 3926 laert.
171 3878 212 3927 lih.
234 3880 301 3937 Vlll,
313 3882 344 3927 79
361 3899 366 3927 ι
389 3877 498 3940 Ἀρχύτας
515 3880 685 3944 Μνησαγόρου,
704 3882 856 3945 Ταραντῖνος,
901 3897 956 3928 των.
967 3879 1032 3926 Ἐπεί
1042 3879 1067 3926 δέ
1074 3893 1131 3925 ποτε
1138 3876 1241 3932 tencteri
1250 3893 1272 3924 τι
1286 3877 1360 3924 εἰπεῖν
1369 3880 1417 3923 τῶν
1428 3874 1553 3938 ἀπρεπῶν,
1565 3876 1608 3924 οὐκ
1619 3877 1687 3933 iimt-

73 3948 103 4000 ιἰις
122 3945 148 3993 δέ
170 3946 323 4006 Ἀριστόξενος
336 3947 471 4010 Ἕστιαίου,
491 3950 653 4010 Πυθαγορικός
676 3951 718 3998 καὶ
749 3951 856 4007 αὐτός...
902 3951 975 4012 κήόη,
993 3947 1043 3997 ἀλλ’
1056 3949 1176 4005 ἐσιώπησε
1191 3948 1233 4010 μὲν
1249 3949 1320 4008 αὐτό,
1336 3949 1452 4010 ἐπέγραψε
1470 3947 1569 3996 disard
1582 3954 1624 3997 τοῦ
1637 3951 1685 4000 τοί·

72 4017 212 4078 ἐθαυμάζετο
232 4017 258 4064 tt
276 4017 317 4065 καὶ
337 4018 463 4080 παρὰτοῖς
476 4021 569 4075 πολλοῖς
582 4023 620 4069 ἐπὶ
637 4021 703 4082 πόση
718 4021 799 4084 ἀρετῇ·
817 4025 856 4071 καὶ
901 4034 959 4081 χον,
976 4018 1051 4074 δείξας
1063 4017 1345 4079 μένὸείπεῖνέὅιύζετο,
1365 4015 1393 4064 ού
1417 4017 1462 4078 μὴν
1482 4017 1586 4078 βιασθεὶς
1600 4017 1676 4064 εἶπεν.
1702 4047 1706 4054 -

69 4087 103 4144 όν)Ἰ
116 4086 212 4141 ἑπτάκις
224 4092 272 4135 τῶν
283 4087 385 4154 πολιτῶν
396 4089 554 4152 ἐστρατήγησε
561 4127 569 4149 ,
583 4095 629 4138 τῶν
644 4093 719 4142 ἄλλων
737 4093 770 4148 μι)
784 4093 853 4141 πλέον
901 4115 933 4124 —-
944 4087 994 4148 (95)
1008 4088 1093 4136 (liceto
1101 4087 1132 4135 de
1145 4089 1269 4136 seneclulc
1281 4100 1335 4147 cap.
1351 4092 1388 4134 12.

72 4157 182 4204 ἐνιαυτοῦ
200 4159 392 4220 στρατηγούντων
409 4160 484 4208 διὰτὸ
496 4161 593 4209 κωλύειν
604 4163 644 4210 τὸν
659 4162 739 4225 νόμον.
752 4162 857 4212 AElionus
933 4159 981 4221 (tte)
999 4157 1126 4220 Σπίνθαρος
1139 4158 1242 4218 διηγεῖτο
1254 4156 1365 4210 πολλάκις
1380 4155 1431 4209 aial
1450 4155 1561 4220 Ἀρχύτου
1573 4154 1684 4217 Ταρπντί·

69 4240 123 4275 var.
137 4229 194 4276 trist.
206 4228 246 4276 lih.
259 4229 315 4288 vlt,
334 4232 361 4278 tt
376 4249 382 4278 ι
396 4231 424 4279 Τί
436 4231 474 4293 δέ,
487 4231 530 4279 οὐκ
538 4231 599 4292 ἦσαν
611 4233 651 4280 καὶ
662 4235 683 4280 ol
696 4231 816 4292 φιλόσοφοι
826 4231 856 4279 τὰ
900 4249 956 4290 νου,
969 4233 1004 4280 ότι
1019 4231 1058 4278 διὰ
1072 4231 1157 4293 χρόνον
1168 4232 1230 4286 τινὸς
1239 4231 1271 4284 εἰς
1283 4229 1355 4291 ἀγρόν
1364 4228 1517 4290 ἀρικομενος,
1527 4229 1555 4276 ἐκ
1565 4227 1683 4300 στρατείας

68 4297 175 4358 πολέμια
187 4297 285 4357 ἁγαόοίς
300 4299 353 4359 ἐμοὶ
371 4300 412 4360 μέν
428 4301 551 4350 δοκοῦσιν·
567 4301 587 4350 ελ
598 4318 625 4361 γε
638 4301 748 4364 Ἀρχύταν
765 4302 807 4363 μέν
826 4301 856 4349 εί·
900 4303 983 4351 νεωστὶ
1000 4302 1181 4362 παραγεγονώς,
1196 4302 1225 4357 ἣν
1245 4299 1415 4361 ἐστρατεύσατο
1427 4300 1442 4354 ἡ
1454 4299 1521 4354 πόλις
1536 4299 1569 4352 είς
1588 4302 1683 4354 Μεσση-

67 4369 140 4416 λοντο
167 4368 243 4423 ἑξάκις
265 4371 395 4430 στρατηγόν
417 4373 552 4432 Ταραντῖνοι
575 4375 625 4419 κτλ.
652 4371 738 4421 strabo
760 4372 801 4420 lib.
822 4373 856 4419 t'l
900 4373 976 4430 νίους,
991 4375 1024 4424 ὡς
1035 4372 1082 4419 εἶδε
1095 4371 1308 4432 τόντεέπίτροπον
1323 4369 1364 4416 καὶ
1375 4367 1428 4422 τούς
1437 4368 1519 4422 ἄλλους
1533 4369 1623 4421 οἰκότος
1640 4369 1684 4416 odit

69 4451 93 4498 ρ.
108 4441 157 4486 280
170 4437 211 4486 ed.
227 4437 281 4487 (las.
294 4461 296 4468 ⁴
310 4439 449 4496 ἀπεδέξαντο
460 4442 485 4490 δέ
494 4443 534 4490 καί
548 4443 579 4505 (ol
593 4442 738 4504 Ταραντῖνοι)
752 4443 793 4500 τὴν
806 4444 856 4490 llu-
900 4442 926 4492 εὖ
946 4447 992 4491 τῶν
1007 4443 1061 4504 περὶ
1077 4442 1119 4500 τὴν
1138 4442 1253 4504 γεωργίαν
1275 4438 1409 4501 ἐπιμελείας
1427 4438 1610 4499 πεποιημένους,
1624 4437 1684 4486 ἀλλὰ

68 4508 194 4568 λογόρειον
218 4508 370 4568 φιλοσοφίαν,
394 4509 548 4572 διαφερόντως
572 4513 593 4560 δ’
616 4514 738 4574 Ἀρχύτας,
761 4512 787 4567 ὃς
815 4514 855 4560 καὶ
901 4514 989 4575 μεγάλῃ
1004 4515 1048 4560 τινὶ
1062 4512 1218 4574 κεχρημένους
1239 4509 1361 4572 ὀλιγωρίας
1379 4508 1508 4569 ύττρόολῇ,
1526 4507 1639 4569 ὀργισθείς
1658 4524 1683 4556 τε

66 4578 175 4639 “mium
195 4583 237 4635 τῆς
256 4578 347 4634 πόλεως
368 4596 399 4628 το
400 4580 441 4628 lin
471 4583 562 4644 χρόνον.
591 4582 855 4632 Pseudodemosthenes
900 4585 939 4632 καὶ
958 4582 1123 4644 ἀγανακτήσας
1142 4581 1232 4638 οὕτως,
1257 4583 1289 4635 ὡς
1308 4581 1337 4627 ἂν
1352 4578 1453 4635 ἐκεῖνος,
1471 4577 1548 4637 εἶπεν,
1561 4577 1682 4643 ὡςέσικε,

66 4653 131 4697 orat.
145 4653 250 4699 amatu.
266 4663 311 4712 pag
337 4655 382 4699 601
399 4650 437 4699 etl.
458 4653 534 4701 Delta
528 4657 615 4702 wuito
636 4653 662 4700 δὲ
679 4652 791 4715 Ἀρχύταν
815 4669 856 4710 την
901 4655 957 4736 πρὸς
968 4653 1022 4708 τοὺς
1036 4652 1168 4712 ολιέτας,”
1155 4669 1191 4700 οτι
1210 4651 1363 4712 εὐωχοῦσιν,
1380 4648 1417 4695 ότι
1431 4647 1509 4701 αὐτοῖς
1525 4646 1683 4707 ὥργιοταιᾞ
1716 4711 1720 4720 Ι

66 4721 221 4781 Ταραντίνων
236 4719 305 4768 πολιν
314 4721 377 4768 οὕτω
387 4723 463 4778 καλω
474 4723 515 4770 καὶ
529 4725 694 4785 ριλανθρωπως
705 4723 856 4781 διοικησαντα
900 4739 944 4786 γαρ
955 4723 987 4786 μὴ
997 4727 1067 4770 τουτο
1079 4719 1249 4784 σνμόεόηκὸ
1236 4738 1279 4780 ην,
1288 4719 1437 4768 ουκόντοτε
1447 4717 1532 4773 αυτούς
1543 4716 1634 4772 ἀόωους
1643 4734 1682 4776 γε-

66 4791 109 4836 καὶ
127 4789 210 4851 κύσιαν
226 4790 298 4848 αὐτῆς
311 4791 474 4851 καταστάντα,
490 4793 540 4841 ὥστ
541 4794 590 4850 ἐίς
604 4794 706 4849 ἅπαντας
716 4794 757 4850 την
769 4792 856 4841 ἐκεινου
900 4795 993 4851 violat,
1006 4794 1133 4848 τηλικαῦτα
1150 4790 1323 4854 ἡμαρτηκότας.
1333 4787 1483 4838 lamblichus
1501 4785 1590 4836 devii
1610 4790 1682 4849 Pttlr.

68 4861 165 4920 μνήμην
183 4859 325 4918 διενεγκεῖν·
344 4859 369 4916 ὃς
383 4863 422 4909 και
434 4861 457 4909 ἐν
478 4859 540 4925 ἀρχῇ
551 4879 765 4927 καταφρονούμενος
776 4863 805 4912 ἐκ
814 4879 856 4911 τον
900 4875 953 4924 cap.
971 4867 998 4912 91
1011 4876 1065 4924 pag.
1088 4865 1135 4911 405
1152 4861 1192 4909 ed.
1206 4861 1334 4919 Kiessling.
1351 4860 1389 4907 cl.
1401 4859 1486 4907 cicero
1497 4857 1570 4906 Tuae.
1585 4859 1629 4916 lv,
1642 4864 1682 4906 ιο.

68 4929 184 4978 Πλάτωνι
198 4928 330 4987 πλησιάσαι
346 4930 463 4987 τοσαύτην
479 4932 684 4982 similantem.
695 4933 811 4994 synesius
826 4932 856 4980 ad
900 4933 1121 4994 -(97)Diogenes
1135 4931 1245 4979 Laertius
1256 4929 1297 4978 tm
1307 4930 1432 4990 1Ἱ11,79ι
1441 4925 1509 4984 οντός
1522 4927 1610 4976 locive
1624 4929 1684 4976 ttici·

68 5001 218 5049 Paeoninnr:
236 5001 278 5048 καὶ
295 5001 359 5062 μάλα
369 5001 427 5049 ἐν
405 5015 472 5064 οικη
494 5018 541 5064 παρ
541 5003 594 5058 ὀῑς
613 5003 740 5064 ἐνομοθέτει
758 5003 857 5065 μένΧα·
900 5019 964 5052 τωνα
984 5001 1113 5066 ρυσύμενος
1128 5002 1157 5048 δι’
1175 5002 1257 5049 ἐπιστο
1257 5001 1311 5059 λ,ῆτ
1335 5015 1399 5061 παρα
1425 4998 1550 5048 Διονυσίου
1571 5001 1683 5062 μέλλοντα

67 5071 160 5130 ρι’ννόας
170 5071 211 5118 καὶ
224 5073 351 5130 Ζάλευκός,
363 5071 519 5134 ἐστρατήγουν
530 5071 571 5120 δὲ’
567 5077 669 5134 Αρχῡται
684 5075 724 5121 καὶ
735 5075 854 5123 Φιλόλαον.
902 5074 1058 5135 ἀναιρεῖσθαι.
1074 5071 1180 5131 Epistola
1197 5070 1237 5118 illa
1247 5071 1333 5130 legitur
1351 5069 1411 5118 Phil.
1427 5071 1471 5118 Gr.
1485 5071 1581 5130 Fragm.
1597 5067 1644 5116 rol.
1660 5069 1682 5128 1,

65 5165 96 5174 ·-
109 5141 163 5202 (93)
176 5140 294 5200 Diogenes
310 5141 416 5190 Laertius
433 5140 475 5190 lib.
490 5141 556 5202 Vlll,
569 5145 599 5190 82
614 5161 620 5190 ι
635 5143 675 5192 τόν
689 5143 713 5191 δὲ
729 5145 858 5206 Πνυαγορι-
903 5155 925 5204 ρ.
938 5148 994 5202 5623
1011 5141 1051 5190 sed
1061 5138 1142 5202 procul
1153 5139 1227 5188 dnbio
1237 5139 1317 5202 spuria
1327 5141 1374 5188 est.
1384 5163 1415 5173 -
1424 5138 1474 5198 (98)
1485 5138 1604 5200 Diogenes
1613 5141 1685 5188 Laer-
