3959 5925
285 326 342 383 ³90

280 460 371 529 τῆσαι.
413 458 578 537 Συνδραμών
591 461 642 542 γάρ
658 463 698 523 θτι
714 472 800 535 κακῶς
816 472 939 548 ἰπολέμει
952 474 1061 555 Χάρης,

280 544 349 602 οὕτω
365 549 518 625 κατηγορῶν
539 549 668 629 Αἰσχίνου
678 555 821 632 προδοσίαν
829 560 873 617 ε’πί
881 564 918 637 τῷ
931 568 1061 623 συνειπεῖν

277 633 458 711 Φιλοκράτιι,
471 634 620 704 ἀξιόπιστος
631 639 716 710 ἔδοξεν
731 635 812 719 εἰναι,
828 647 868 706 ότι
881 649 928 707 καί
942 651 1013 731 δῶρα
1027 652 1061 711 εἰ·

273 720 463 803 ληρε,λε’γων.

315 810 349 869 δ’.
373 810 535 890 Συνδρσμών
546 812 573 871 δὲ
584 815 664 874 πάλιν
670 808 862 892 οῗςδάντίδικος
874 825 944 901 λέγει
952 828 1060 898 δικαίοις

274 887 349 970 ούσι,
367 897 396 957 τὸ
416 900 547 980 συμρέρον
569 903 730 977 ἀντιτίθησιν
751 908 850 989 οὕτως,
870 915 906 980 ὥς
930 916 944 971 θ
966 920 1058 991 Δημο-

274 986 365 1058 σθένης
389 988 469 1045 πάλιν
495 990 522 1047 ἰν
547 994 586 1069 τῷ
606 995 666 1050 κατ’
680 996 818 1074 Αἰσχίνου.
861 1001 989 1078 Λέγοντος
1006 1004 1057 1087 γδιρ

272 1075 401 1154 Αἰσχίνου
415 1075 455 1135 ότι
470 1077 586 1157 Ιίονηροί
599 1082 705 1149 Φωκεῖς
718 1075 796 1159 ἦσαν,
811 1086 855 1144 καί
870 1090 949 1167 ἐχρῆν
964 1091 1057 1160 αιίτοίις

272 1164 455 1237 ἀπολωλέναι,
479 1166 526 1223 ούκ
552 1166 664 1240 ἀντέστη
690 1170 749 1247 μέν,
770 1174 924 1254 συνδρσμὼν
947 1179 974 1236 δέ
989 1180 1056 1261 έρη,

271 1250 351 1312 hill
367 1246 505 1331 συνέφερεν
520 1242 612 1322 ἀύτούς
628 1257 711 1325 σώους
727 1252 839 1341 εἶναιπῇ
858 1264 942 1327 πόλει.
985 1270 1054 1328 Ούδέ

270 1338 321 1417 γὰρ
335 1340 559 1415 Λακεδαιμονίους
573 1342 616 1401 bb
630 1344 678 1416 τὴν
698 1347 792 1426 ἀρετήν
808 1352 894 1409 αὐτῶν
909 1376 972 1413 ποτε
987 1357 1054 1415 ἀσώ-

268 1448 350 1503 σατε,
374 1425 433 1485 οὐδί
450 1427 507 1496 τοὺς
521 1432 685 1511 καταράτους
706 1436 824 1505 Εύάοέας
834 1485 843 1512 ,
861 1440 922 1499 ἀλλ’
934 1442 974 1501 ὅτι
994 1468 1053 1503 συν-

269 1513 343 1593 έρερε
359 1519 437 1573 τοῦτο
449 1540 482 1595 τη
497 1518 582 1577 πόλει.

307 1597 339 1662 ε’.
363 1600 427 1662 ’Λπὸ
438 1603 466 1663 δί
477 1609 524 1676 τῆς
535 1611 614 1666 αὑτοῦ
627 1610 777 1676 ἀντιθέσεως
789 1612 822 1683 ἣν
836 1616 850 1671 ὁ
866 1616 993 1685 ἀντίδικος
1004 1644 1053 1677 πα·

268 1685 388 1767 ρέχεται,
406 1693 597 1768 μεταθιὸαίσεις
611 1695 655 1753 τὸν
674 1698 800 1763 δικαστὴν
816 1704 856 1777 ἐφ’
869 1703 959 1783 ἑτέραν
979 1708 1050 1766 ἀντί-

266 1782 348 1852 θεσιν,
367 1778 416 1848 τήν
444 1779 492 1857 μέν
516 1783 622 1851 ἀλυτον,
640 1785 678 1859 μῆ
704 1788 855 1857 συνεκτικὴν
878 1781 945 1849 εἰναι
967 1794 1050 1871 λέγων

215 1892 217 1897 ·
265 1878 310 1931 τοῦ
325 1874 452 1951 παρόντος
467 1878 582 1950 ἀγῶνος,
601 1877 634 1949 ῆν
652 1878 679 1937 δὲ
694 1880 854 1959 ἀντεισάγεις
873 1885 915 1943 σύ.
958 1889 1050 1956 Οὕτως

264 1962 291 2018 ἰν
316 1963 355 2041 τῷ
378 1962 447 2020 κατδι
467 1964 649 2042 Τιμοκριίτους
668 1970 682 2024 θ
704 1967 792 2049 ῥήτωρ
816 1972 943 2044 πεποίηκε
965 1974 1047 2057 λόγῳ.

264 2048 392 2125 Λέγοντος
406 2049 457 2131 γὰρ
470 2056 516 2109 τοῦ
531 2053 716 2129 Τιμοκροίτους
727 2058 766 2114 θτι
778 2058 924 2119 ἐκτέτιστοιι
935 2062 969 2121 ric
982 2066 1050 2143 χρή-

264 2160 337 2208 ματα
351 2136 515 2217 ’Λνδροτίωνι
529 2140 574 2198 καὶ
590 2144 727 2220 Γλαυκέτῃ
744 2147 788 2203 καὶ
802 2147 970 2229 Μελανώπῳ,
983 2153 1048 2233 ὑπὲρ

263 2214 299 2283 ών
315 2226 401 2283 αἰτίαν
417 2225 471 2306 ἔχω
487 2234 571 2287 θεῖναι
582 2229 626 2288 τὀν
640 2231 731 2308 νόμον,
745 2237 780 2301 ὡς
793 2236 948 2313 ὀφειλόντων
963 2240 1000 2297 ἔτι
1014 2247 1047 2321 τῇ

262 2312 352 2386 πόλει,
363 2312 453 2393 ρησίν,
468 2314 538 2373 Ἀλλ’
552 2318 581 2375 οθ
603 2319 663 2397 περὶ
684 2319 783 2378 τούτοιν
798 2322 915 2400 κρίνεται
929 2331 983 2399 νῦν,
995 2328 1047 2387 εἴτε

261 2400 410 2460 ε’κτέτισται
425 2402 459 2460 τδι
475 2404 604 2483 χρήματα
620 2405 736 2480 τούτοις,
750 2407 802 2468 είτε
818 2412 870 2487 μή·
887 2415 947 2471 ἀλλ’
958 2416 981 2472 εἰ
995 2439 1046 2473 πα-

260 2490 372 2570 ράνομον
399 2490 497 2571 ἔγραψε
521 2494 692 2573 Τιμοκράτης
714 2494 848 2575 ψήφισμα.
891 2498 1046 2579 Ἀπαγαγιίιν

258 2578 308 2657 γὰρ
323 2582 370 2647 τῆς
385 2577 481 2637 ἀλύπου
501 2581 669 2654 ἀντιθέσεως,
681 2587 728 2654 τῆς
741 2578 866 2661 λεγούσης
887 2585 926 2644 ότι
941 2590 1043 2648 έκτέτι-

258 2687 319 2723 σται
333 2664 368 2724 el
384 2666 512 2745 χρήματα
528 2671 631 2747 αὐτοῖς,
643 2674 692 2750 οὐχ
710 2674 776 2750 ὑπὲρ
795 2675 892 2734 τούτοιν
909 2677 1042 2757 κρίνεται,

257 2752 349 2830 λέγων,
361 2756 406 2812 καὶ
420 2758 470 2835 οὐχ
482 2759 547 2836 ύπέρ
559 2757 657 2817 τούτων
672 2759 830 2849 έγραψατδν
845 2761 935 2839 νόμον,
946 2764 976 2823 τὸ
987 2790 1042 2825 πα-

259 2842 372 2921 ροίνομον
392 2843 525 2922 ἀπήγαγεν
546 2846 634 2921 εἰπών,
648 2850 685 2914 ὡς
700 2850 854 2929 παρανόμου
873 2857 919 2924 τῆς
940 2860 1042 2934 γραρῆς

256 2931 333 3002 ούσης
347 2931 413 3010 ὑπὲρ
428 2924 458 3003 ῆς
473 2932 567 3004 ἥκουσι
580 2934 720 3014 κρίνοντες.

296 3017 335 3083 ς’.
359 3018 435 3077 Μετὰ
449 3019 534 3086 αἰτίας
549 3019 576 3078 δέ
589 3021 620 3080 τθ
633 3023 727 3081 πιστὸν
742 3027 794 3082 τῶν
809 3027 977 3105 πραχθέντων
989 3053 1039 3089 πα·

258 3105 352 3187 ρέίεις,
363 3106 409 3171 τδις
423 3107 532 3175 ἀλύτους
545 3111 685 3178 ἀντιθέσεις
696 3113 851 3188 μεθοδεύων.
864 3113 913 3183 Ὡς
923 3119 937 3174 θ
949 3123 1039 3194 Δημο-

255 3195 347 3266 σθένης
357 3196 382 3252 έν
393 3199 431 3273 τῷ
441 3193 506 3275 ὑπὲρ
515 3199 683 3277 Φορμίωνος,
691 3200 809 3279 λέγοντος
820 3205 976 3282 Φορμίωνος
986 3250 995 3281 ,
1005 3207 1039 3268 ‘H

256 3285 345 3361 μήτηρ
357 3274 402 3342 σύν
415 3287 431 3353 ἡ
445 3281 535 3354 σῆτάς
543 3286 669 3357 διαθήκας
677 3289 734 3364 ἐμοὶ
742 3291 876 3348 πεισθεῖσα
887 3292 1007 3374 ἐξήλειψε
1017 3293 1038 3370 ¹¹,

163 3355 218 3370 “-
238 3369 299 3431 ‘iel
315 3375 463 3450 ἐρωτῶντος
477 3372 560 3432 ἐδόκει
573 3375 696 3434 ἀπίθανον
710 3367 775 3434 εἰναι
790 3377 820 3436 τθ
833 3377 876 3436 τδν
889 3381 1038 3460 Φορμίωνα

253 3464 448 3539 προτιμηθῆναι
461 3460 511 3520 ὑπὸ
520 3467 566 3533 τῆς
573 3461 768 3543 Ἀπολλοδώρου
777 3464 886 3544 μητρός.
901 3468 979 3527 Mer&
991 3475 1038 3542 τῆς

253 3549 338 3615 αἰτίας
347 3539 391 3607 ούν
401 3549 431 3608 τὸ
441 3549 534 3609 πιστδν
544 3551 709 3631 παρήγαγεν,
719 3553 810 3627 εἰπών,
823 3556 862 3614 ὅτι
872 3558 909 3630 μῆ
922 3559 1036 3619 ἀπίστει.

252 3639 413 3718 Διέρθαρται
426 3638 478 3718 γδιρ
499 3633 518 3710 ῆ
531 3640 635 3722 μήτηρ,
650 3641 695 3700 καὶ
709 3645 739 3702 ού
754 3644 843 3710 δοῦλος
861 3635 892 3715 ῆν
908 3646 1036 3727 Φορμίων

250 3719 312 3783 ἀλλ’
328 3726 404 3804 ἀνήρ.
447 3724 487 3786 Τὸ
510 3727 537 3785 δὲ
551 3727 663 3807 ἐπαχθές
682 3728 777 3810 ἔφυγε,
789 3733 827 3812 τῷ
847 3730 918 3799 δόξαι
938 3735 1037 3814 μητρὸς

250 3823 418 3893 κατηγορεῖν,
441 3817 742 3895 προσεπισημηνάμενος
765 3816 805 3876 ότι
827 3822 1036 3900 ἀναγκαζόμενος

249 3903 295 3960 καί
307 3905 356 3981 οὐχ
372 3903 437 3962 ἰκδιν
452 3903 520 3982 λέγει
532 3910 629 3974 ταῦτα.

290 3992 323 4060 ζ’.
345 3989 433 4053 Ὅταν
462 3993 490 4053 δέ
519 3993 614 4054 ἀλύτου
642 3996 796 4064 ἀντιθέσεως
820 3998 887 4079 μέρη
913 4000 1032 4080 διαιρῇς,

172 4073 176 4083 “
249 4081 363 4158 πειράσῃ
379 4081 538 4158 μεθοδεύειν,
551 4087 585 4149 ὡς
600 4087 614 4140 δ
627 4085 796 4161 Δημοσθένης
810 4088 837 4143 ἐν
852 4090 889 4165 τῷ
905 4093 963 4146 κατ’
981 4092 1032 4148 ht·

841 338 1072 427 crurcorruu
1088 324 1347 419 'renouentur

1108 496 1173 547 iecit.
1207 503 1338 566 Postquain
1355 508 1420 559 enim
1436 518 1556 567 concessit
1567 521 1693 575 cherstem
1707 528 1772 577 mete
1784 532 1813 580 in
1832 536 1900 587 betto

1107 596 1133 633 se
1140 588 1289 653 gessioelte
1298 592 1356 643 dom
1367 599 1444 661 arguit
1452 605 1588 657 AEschinero
1595 610 1744 675 proditionis,
1753 620 1827 680 quod
1839 624 1898 672 Pht-

1108 672 1264 728 lceretiesset
1274 682 1432 747 subregulus,
1445 688 1491 740 lide
1499 692 1584 755 dignus
1594 698 1666 747 etiarn
1676 701 1781 766 ridetur,
1789 712 1898 771 quondo

1106 772 1206 813 munere
1218 778 1273 817 cum
1284 772 1406 833 accepisse
1416 775 1529 829 rlt'rrmet.

1135 852 1158 899 l.
1176 853 1285 915 Largitur
1305 870 1390 911 rursus
1407 876 1436 913 εε
1457 879 1512 927 quse
1532 869 1682 925 adversarius
1699 878 1806 939 juslret
1822 900 1895 951 arpo

1103 950 1203 1016 objicit,
1215 957 1343 1009 utilitatem
1362 966 1463 1027 opponit
1475 967 1522 1030 its,
1536 974 1563 1021 ut
1573 974 1747 1029 Demosthenes
1760 983 1859 1037 iterum
1872 990 1894 1039 in

1102 1054 1210 1106 cretione
1230 1057 1348 1110 adversus
1361 1064 1506 1117 AEschincnr.
1540 1074 1621 1130 Quum
1642 1078 1706 1128 enirn
1727 1082 1767 1132 ille
1785 1086 1895 1139 dixisset

1102 1154 1180 1204 melos
1194 1156 1267 1209 luisse
1280 1161 1432 1226 Phocenses,
1444 1168 1469 1217 et
1480 1172 1557 1231 perire
1568 1178 1723 1236 oportuisse:
1739 1196 1789 1233 uon
1802 1188 1893 1239 adrer-

1100 1252 1167 1304 sens
1178 1259 1267 1308 estred
1275 1261 1416 1323 astipulatos
1426 1267 1448 1317 ei
1459 1271 1505 1319 :rt
1516 1272 1667 1338 reipublice,
1674 1278 1764 1345 inquii,
1773 1284 1892 1337 intererat

1099 1358 1281 1412 eosincolumes
1290 1367 1387 1415 serrari.
1421 1371 1503 1432 licque
1510 1374 1575 1424 eninr
1584 1378 1781 1435 Lacedaemonios
1787 1398 1892 1451 propter

1099 1454 1214 1507 virtutem
1226 1460 1283 1509 olim
1293 1468 1548 1532 conservastis,ncquo
1558 1474 1721 1529 neleriosillor
1730 1482 1890 1545 Euboensoe,

1098 1558 1142 1607 sed
1154 1562 1220 1621 quod
1235 1576 1276 1613 εοι
1288 1564 1421 1620 incolumes
1433 1585 1486 1623 esse
1501 1576 1637 1638 reipublice
1649 1584 1807 1646 expediebat„

1129 1653 1151 1697 5.
1170 1649 1207 1699 Ab
1224 1651 1383 1713 obiectetloue
1394 1662 1826 1733 queutitursdrerserius,1'udicem
1846 1679 1888 1727 ab

1096 1746 1171 1797 doces
1188 1751 1218 1800 ed
1234 1752 1305 1802 ollem
1324 1755 1520 1821 oblectationem,
1534 1764 1648 1830 illamque
1663 1770 1824 1832 insolubilem
1841 1799 1887 1835 ne-

1094 1846 1161 1907 gabis
1169 1850 1291 1902 coherere
1300 1868 1355 1905 cum
1365 1863 1478 1921 presenti
1488 1870 1660 1934 controversie,
1669 1874 1712 1924 sed
1724 1876 1790 1929 bruc
1803 1886 1887 1944 potios

1095 1959 1168 2007 ηιιειιι
1186 1952 1214 2000 iu
1236 1952 1343 2005 uicissim
1361 1957 1441 2008 eliens.
1475 1962 1514 2011 Sic
1533 1968 1709 2021 Demosthenes
1725 1974 1885 2033 irroratione

1093 2041 1209 2097 adversus
1218 2050 1388 2118 Timocratem,
1396 2070 1471 2119 qutun
1482 2060 1521 2111 ille
1531 2063 1631 2118 dixisset
1639 2076 1767 2131 pecuniam
1777 2079 1884 2131 soluturo

1093 2159 1146 2195 esse
1157 2148 1188 2198 eb
1198 2151 1359 2216 Androtione,
1367 2157 1482 2210 Glaucele
1496 2165 1521 2211 et
1534 2167 1673 2232 ttlelcnopo,
1685 2185 1728 2234 pro
1739 2178 1835 2239 quibus
1847 2195 1884 2233 so·

1092 2258 1164 2297 cosor
1180 2248 1256 2312 legem
1268 2252 1367 2316 tulisse,
1381 2260 1408 2307 ut
1421 2261 1464 2321 qui
1481 2262 1572 2314 cirltnti
1591 2268 1670 2320 edlruc
1681 2272 1815 2328 debuerint
1827 2300 1835 2331 ι
1845 2297 1881 2333 re·

1091 2349 1194 2411 spondet
1210 2364 1257 2401 ιιοιι
1271 2354 1322 2415 jum
1338 2359 1429 2419 qnaeri,
1440 2363 1523 2411 uirum
1536 2364 1636 2426 pecunie
1649 2370 1680 2420 eb
1693 2372 1741 2424 illis
1754 2379 1839 2429 solute
1850 2384 1882 2433 sit

1090 2460 1135 2497 nec
1146 2462 1195 2509 ne,-
1210 2450 1253 2501 sed
1273 2453 1387 2506 leceritne
1400 2458 1550 2511 Timocrates
1561 2464 1683 2519 decretum
1698 2472 1795 2536 legibus
1820 2493 1880 2531 cce-

1090 2549 1197 2599 tretium.
1232 2552 1329 2616 Quippe
1341 2554 1464 2607 abducens
1480 2560 1574 2620 judices
1590 2564 1621 2613 eb
1633 2567 1757 2621 insolubili
1770 2576 1878 2639 objecte-

1090 2648 1167 2711 tione‚
1181 2650 1246 2713 qnod
1265 2656 1365 2714 pecunie
1385 2656 1462 2707 solute
1481 2661 1575 2711 abillis
1594 2669 1670 2730 esset,
1685 2672 1739 2720 lton
1761 2672 1793 2724 de
1815 2678 1875 2743 hoc,

1088 2749 1180 2812 inquit,
1193 2753 1356 2817 contenditur,
1369 2769 1447 2817 neone
1460 2758 1489 2807 de
1505 2759 1552 2809 hoo
1568 2762 1644 2825 legero
1658 2767 1719 2829 tuli,
1732 2772 1777 2819 scd
1791 2774 1876 2836 obibit

1087 2846 1117 2896 de
1132 2848 1273 2913 insolentie,
1288 2857 1312 2901 et
1322 2856 1441 2905 actionem
1454 2858 1533 2919 ipsam
1548 2861 1577 2911 de
1594 2877 1643 2925 qua
1654 2869 1704 2927 jem
1717 2868 1827 2935 litigent,
1841 2877 1876 2925 le-

1086 2954 1157 3016 gibus
1172 2971 1311 3020 repugnare.

1118 3051 1141 3094 6.
1160 3048 1238 3096 ceusu
1251 3048 1322 3097 allelu
1336 3050 1409 3101 fldem
1421 3054 1494 3104 rebus
1504 3056 1589 3118 iacies,
1599 3062 1672 3122 etque
1683 3063 1717 3112 iic
1729 3065 1876 3122 insolubiles

1085 3143 1259 3203 objectationes
1282 3148 1424 3200 declinabis.
1457 3153 1497 3202 Sic
1517 3157 1693 3209 Demosthenes
1715 3161 1739 3212 irt
1761 3167 1875 3220 oratione

1085 3259 1129 3308 pro
1153 3250 1315 3313 Phormione,
1337 3267 1411 3315 quum
1433 3255 1549 3306 Phormio
1572 3259 1674 3322 diceret,
1696 3269 1783 3316 molen
1806 3271 1872 3330 iou,

1084 3343 1243 3404 Apollodoro,
1260 3347 1326 3397 mibi
1343 3347 1464 3400 obsecuta
1478 3355 1627 3406 testamenii
1646 3357 1757 3409 tabulas
1776 3362 1875 3416 delenit

1083 3442 1107 3488 et
1125 3441 1244 3503 proposita
1257 3444 1389 3502 questione
1409 3446 1532 3498 rideretur
1542 3449 1682 3502 incredibile
1696 3455 1871 3508 Phormionem

1083 3533 1114 3582 ab
1124 3535 1260 3597 Apollodori
1270 3541 1346 3586 maire
1358 3540 1487 3601 praelelum
1498 3553 1551 3592 esse
1561 3543 1623 3605 titio,
1631 3558 1703 3596 seusa
1716 3547 1789 3599 nllein
1797 3551 1873 3602 fidem

1085 3631 1117 3679 rei
1130 3631 1185 3679 lacit
1196 3631 1345 3694 alloquendi
1356 3634 1491 3699 θλίβοντες
1502 3641 1660 3699 moterenlm
1669 3639 1723 3704 [uit
1733 3651 1872 3707 corrupto,

1082 3737 1128 3773 nec
1137 3737 1227 3774 servus
1240 3729 1296 3776 croi
1313 3727 1445 3792 Phormio,
1459 3731 1504 3780 sed
1517 3737 1565 3782 ιιιϊ.
1599 3733 1690 3796 lteique
1699 3735 1818 3787 insidiam
1831 3741 1874 3790 et'-

1081 3821 1157 3884 tugtt,
1170 3823 1235 3884 quod
1251 3827 1352 3874 multem
1367 3825 1492 3876 ridebatur
1505 3841 1635 3890 accusare,
1654 3830 1792 3891 significans
1810 3850 1873 3886 coa·

1080 3920 1146 3968 otum
1158 3924 1182 3968 et
1194 3919 1297 3971 inritum
1310 3934 1336 3970 se
1351 3921 1402 3970 hcec
1416 3920 1504 3972 dicere.

1111 4011 1134 4057 7.
1152 4007 1308 4058 lusolubilern
1327 3993 1513 4070 oblectationem
1532 4013 1660 4063 cornmode
1683 4015 1789 4066 tentabis
1808 4033 1874 4070 een-

1079 4093 1150 4156 dere,
1165 4095 1185 4144 si
1200 4109 1253 4145 eom
1268 4097 1292 4145 in
1310 4099 1390 4158 perles
1402 4096 1527 4160 diviseris,
1539 4104 1565 4150 ut
1581 4101 1637 4151 lecit
1649 4105 1830 4156 Demosthenes
1847 4111 1873 4159 in

249 4170 340 4249 σχίνου
365 4171 503 4243 πεποίηκε.
547 4172 675 4249 Λέγοντος
697 4172 749 4251 γάρ
771 4175 898 4253 Λίσχίνου
924 4176 964 4235 ότι
987 4178 1033 4236 καὶ
1078 4183 1186 4232 eratione
1200 4185 1317 4234 adversus
1331 4186 1478 4236 dischiuem.
1511 4191 1593 4246 Quum
1606 4189 1670 4238 enirn
1684 4191 1874 4247 hicAthenierr·

248 4245 416 4340 Χερρόνήσος
432 4263 492 4335 ύμῖν
507 4260 560 4318 ἀπδ
578 4265 623 4332 τῆς
637 4262 741 4341 εἰρήνης
753 4261 920 4344 περιγέγονε,
933 4264 978 4323 καὶ
994 4268 1033 4322 εἰ·
1077 4275 1145 4323 sibus
1157 4276 1297 4336 objecisset,
1308 4277 1372 4338 quod
1384 4279 1449 4338 pacis
1460 4278 1576 4329 beneflcio
1592 4280 1772 4334 chersonesum
1790 4285 1873 4337 habe-

249 4345 330 4428 ρήνην
353 4343 428 4424 ἔχετε
452 4345 509 4404 ἀντὶ
530 4346 661 4424 πολέμου,
674 4347 719 4408 καί
734 4351 849 4430 τριήρεις
864 4350 1030 4428 τριακοσίας,
1077 4365 1145 4427 ιειιῑ,
1161 4367 1242 4426 cipro
1262 4363 1325 4413 hello
1345 4367 1474 4415 constitute
1489 4369 1552 4416 esset
1568 4380 1631 4430 per,
1646 4372 1672 4418 et
1688 4370 1803 4418 treceniro
1819 4374 1873 4424 illis

246 4434 292 4492 καί
313 4435 393 4505 σκεύη
409 4434 516 4501 ταύταις
533 4435 578 4495 καί
595 4437 740 4515 χρήματα,
755 4439 784 4495 οὐ
809 4437 951 4515 δυνάμενος
969 4440 1031 4519 πρὸς
1078 4452 1155 4502 [orent
1173 4466 1260 4515 neres,
1274 4454 1393 4516 simulque
1412 4454 1571 4504 instrumento
1585 4455 1678 4505 nancile
1690 4459 1715 4506 et
1729 4460 1843 4517 pecuniae
1862 4477 1870 4508 :

247 4520 352 4580 ἅπαντα
367 4525 453 4580 ταῦτα
467 4525 481 4579 δ
493 4525 663 4599 Δημοσθένης
678 4525 777 4604 ἀθρόως
789 4528 958 4598 ἀντιστῆναι,
971 4530 1028 4587 οὐδὲ
1076 4553 1200 4604 quumque
1214 4542 1268 4589 hoec
1280 4516 1326 4590 ιίοιι
1338 4543 1419 4604 posset
1432 4541 1579 4602 conjunctim
1596 4543 1704 4593 refellere
1715 4547 1870 4597 Demosthe·

245 4613 280 4677 ὣς
300 4612 347 4668 οὐκ
370 4611 440 4668 ἔστιν
455 4613 540 4682 ἀληθῆ
561 4610 660 4691 δεῖξαι,
676 4614 754 4670 διεῖλε
771 4613 819 4686 τήν
845 4615 971 4673 ἀντίθεσιν
993 4619 1028 4683 εἷς
1076 4641 1133 4688 nes,
1148 4627 1262 4678 neciolsa
1278 4641 1329 4678 esse
1346 4629 1523 4691 demonstrare,
1536 4629 1619 4678 divisit
1636 4629 1826 4693 oblectationem
1843 4635 1869 4683 in

244 4699 305 4778 τρία
334 4699 413 4777 μέρη.
456 4700 593 4760 liniensis
615 4703 681 4779 μέρη
707 4702 853 4780 εἰσαγαγὼν
876 4702 958 4771 οὕτως
981 4711 1027 4783 τῆς
1077 4723 1123 4766 tres
1144 4719 1223 4780 partes
1237 4717 1391 4780 singulosque
1412 4717 1526 4768 inducens
1548 4719 1581 4768 iio
1595 4718 1721 4770 divisionis
1735 4733 1782 4784 ope
1799 4722 1868 4772 hauc

245 4787 368 4868 διαιρέσει
392 4787 538 4865 μεθώδευσε
557 4788 605 4860 τὴν
633 4789 728 4848 ἀλυτον
764 4791 1032 4869 ἀντίθεσιν,καίταῖ
1074 4805 1226 4855 insolubilem
1237 4805 1422 4867 oblectationem
1441 4806 1500 4856 scite
1516 4805 1694 4888 declinauil,et
1711 4808 1867 4858 solutionum

244 4874 348 4934 λύσεσιν
362 4876 516 4953 ἐσορίσατο,
529 4878 631 4936 ἀλύτων
647 4877 727 4937 όντων
742 4880 786 4936 καί
803 4883 854 4938 τῶν
869 4886 966 4960 μερῶν.
982 4880 1028 4941 Ἐν
1074 4893 1153 4956 specio
1167 4893 1238 4944 elusit
1252 4895 1323 4945 etiem
1343 4897 1436 4956 peries,
1448 4907 1502 4955 qne
1517 4893 1579 4943 solvi
1596 4906 1643 4943 non
1658 4898 1765 4956 possent.
1798 4901 1866 4947 Nero

246 4963 293 5038 μέν
308 4965 358 5044 γδρ
372 4969 405 5036 τῆ
421 4966 514 5045 πρώτη
528 4966 577 5038 τῆν
594 4967 762 5048 Χερρόνησον
775 4967 850 5047 ἔχετε
869 4967 894 5036 ἐξ
912 4959 944 5039 ῆς
960 4977 1029 5036 σῖτος
1074 4984 1222 5046 respondens
1240 4984 1270 5032 cd
1290 4983 1406 5046 primaru,
1423 4983 1595 5033 Chersonesus
1609 4983 1678 5033 uobis
1693 4987 1745 5045 est,
1760 4997 1794 5033 rs
1806 4999 1866 5048 quo

245 5049 352 5130 ἀρθονος
367 5033 428 5128 ὑμῖν
442 5053 590 5129 κομίζεται,
603 5057 628 5113 εἶν
643 5059 676 5133 τῇ
689 5058 822 5135 εἰσαγωγῇ
836 5055 883 5126 τὴν
900 5057 1027 5115 δοκοῦσαν
1072 5082 1171 5133 moena
1196 5073 1232 5120 cis
1258 5069 1386 5128 frementi
1407 5069 1477 5120 vobis
1497 5069 1661 5132 subvehitur,
1680 5069 1703 5118 in
1718 5069 1866 5158 inductione

244 5140 317 5200 tom
345 5139 389 5200 διὰ
417 5145 463 5213 τῆς
495 5143 712 5222 ἅντικατηγορίαι
744 5143 920 5222 παρέστησεν,
946 5143 1027 5201 εἰπὼν
1075 5173 1118 5222 per
1129 5161 1239 5228 mutuom
1254 5159 1433 5210 accusationem
1449 5159 1542 5209 solvere
1559 5157 1745 5221 oblectationem
1762 5157 1867 5210 ridetur
