3959 5925
301 433 337 486 52
921 418 1273 482 Prrflattoltsottutt

298 556 386 636 κούφῳ
406 555 479 636 μέρει
495 566 541 622 τᾶς
562 559 649 635 ψυχᾶς
664 554 711 613 καὶ
734 555 895 634 διαχυτυιῷ,
914 553 1024 613 ἕκαστόν
1044 576 1072 611 τε
1119 550 1224 619 ζέουσα.
1240 546 1374 627 Ιισυννόιρς
1390 538 1560 606 ntembratiae
1574 545 1685 627 συνόλῳ.
1701 544 1708 582 ¹
1722 546 1758 603 de
1774 546 1831 604 hoc
1853 565 1900 621 ge·

299 646 402 702 ἑκάστω
417 644 574 723 πράγματος
593 642 641 701 τάν
656 643 789 723 σύμφυλον
802 641 848 702 καλ
863 640 992 720 συγγενέα
1007 662 1071 720 προ·
1120 640 1214 696 nitivo
1230 636 1296 695 vide
1311 656 1376 713 quae
1397 636 1459 695 dixi
1482 636 1518 693 ad
1538 634 1669 693 Timonis
1686 653 1729 692 vs.
1750 636 1789 691 26
1810 647 1840 693 et
1863 634 1898 691 ad
1965 722 1966 725 γ

298 731 408 805 μόθειαν
428 730 643 811 διαμεμέρισται,
658 736 672 790 ὁ
687 732 734 807 μὲν
749 732 805 795 νόος
824 729 1012 809 ὁραυγούμενος
1027 726 1072 785 καὶ

298 817 483 895 στιόαζόμενος
497 817 531 877 τά
545 816 705 898 πράγματα,
721 819 739 875 ἁ
753 817 780 876 δὲ
792 817 908 894 Θύμωσις
924 814 1008 895 ὁρμάν
1027 819 1073 873 καὶ

297 909 380 965 ἀλκάν
392 906 583 987 ποτιφερομένα
594 914 648 973 τοῖς
659 910 857 986 δραυγαθεῖσιν·
872 906 889 962 ἀ
906 905 933 963 δέ
947 900 1072 979 ἐπιθυμία

299 994 468 1075 φιλοστοργίᾳ
491 993 616 1073 συγγενὴς
630 996 696 1053 idua
719 993 859 1074 ἐφαρμόζει
879 995 918 1072 τῷ
936 991 988 1071 νόῳ
1006 990 1071 1047 ίδιον

296 1082 501 1162 περιποιουμένα
514 1082 544 1141 τὸ
557 1082 619 1154 itt,
633 1082 679 1139 καί
696 1081 726 1139 τὸ
743 1081 847 1141 σύννοον
862 1079 1022 1138 ἀποδιδοῦσα
1034 1077 1072 1156 τῷ

297 1168 420 1249 curisc'tp¹
441 1168 513 1248 μέρει
524 1178 571 1236 τᾶς
583 1172 678 1249 ψυχᾶς.
720 1158 824 1247 *aucep
841 1167 916 1227 ἕκατι
928 1166 1012 1225 δοκέει
1027 1186 1072 1241 μοι

297 1257 369 1315 καλό
384 1256 439 1337 βίος
459 1262 474 1315 ό
495 1256 553 1315 κατ’
576 1256 718 1337 ἀνθρώπων
734 1255 837 1334 ἀριστος
859 1247 941 1331 ἦμεν,
955 1251 1022 1311 dxxc
1043 1251 1071 1309 rit

298 1344 346 1404 iit
369 1349 407 1426 τῷ
434 1344 568 1424 σπουδαίῳ
589 1348 791 1425 συγκατακραθῇ
815 1343 861 1403 κοιλ
894 1342 911 1400 ἃ
937 1339 1018 1399 ttoni
1038 1346 1071 1419 τᾷ

297 1435 388 1511 ἀρετᾷ.
432 1432 652 1511 Ποθαρμόξασθαι
675 1434 697 1491 δ’
723 1432 791 1491 αὐτά
816 1437 830 1490 ό
860 1429 918 1498 νόος
944 1429 1069 1501 δύναται,

295 1520 442 1586 παιδεύσιος
454 1520 499 1578 καλ
511 1525 602 1599 ἀρετάς
613 1519 621 1557 ¹
632 1520 763 1600 ἐπήρατος
778 1519 923 1596 γενόμενος.

337 1608 486 1687 (Stobaeus
497 1608 595 1683 Eciog.
609 1608 664 1667 lib.
678 1609 693 1667 l
705 1629 769 1687 cap.
785 1610 822 1665 52
833 1629 862 1686 p.
877 1606 1007 1679 did-857
1023 1607 1069 1669 ed.

212 1713 217 1725 ·
271 1701 276 1714 ‘
296 1698 417 1756 Heeren.
437 1697 547 1755 Auctor
570 1698 602 1753 iu
622 1695 742 1773 optimis
760 1694 868 1753 Stobaei
892 1694 1070 1755 membranis

297 1787 402 1844 dresas
425 1786 603 1858 nominatur,
622 1784 654 1841 in
678 1784 744 1841 aliis
766 1783 861 1841 Isaras
881 1783 926 1839 rei
946 1782 1068 1843 AEsaras.

296 1872 499 1947 Fragmentum
515 1870 668 1929 admodum
683 1871 871 1947 depravatum
881 1870 986 1947 partim
1003 1870 1070 1927 Sai-

297 1963 405 2019 masius
427 1963 620 2018 commentar.
642 1959 678 2017 ad
697 1960 820 2037 Epictet.
844 1976 910 2035 pag.
933 1960 988 2033 169
1006 1976 1068 2035 suq.

296 2050 402 2127 partim
415 2046 522 2105 Siobaei
535 2046 662 2104 editores
676 2046 822 2120 corrigere
834 2057 992 2104 tentarunt.
1013 2043 1070 2103 Sed

296 2156 333 2194 ne
360 2152 579 2192 commemorem
599 2132 703 2191 menda
727 2131 764 2190 ab
786 2132 853 2190 aliis
872 2131 934 2208 jam
956 2130 1069 2207 pridem

296 2222 424 2293 sublata,
438 2224 500 2300 ipse
508 2239 601 2299 pauca
609 2220 715 2278 notabo
727 2239 792 2296 quae
801 2220 856 2277 hoc
866 2219 959 2297 capite
971 2236 1070 2276 emen·

296 2310 374 2367 (ieri.
391 2310 481 2367 Posui
495 2309 586 2382 igitur
603 2327 610 2362 ι
627 2305 796 2379 ‘iucundam
811 2306 896 2365 codd.
914 2305 1068 2365 ἔκτυπύσει.

296 2395 396 2476 latro<
409 2414 476 2455 cum
490 2396 645 2464 Salmasio;
657 2394 736 2452 deest
750 2395 782 2450 in
797 2394 902 2453 τοιίιλ.ο
915 2392 944 2451 ού
961 2417 995 2451 κα
1010 2392 1070 2451 ἐδύ-

296 2507 372 2557 νατο,
393 2483 477 2542 codd.
493 2480 586 2541 adadu
602 2480 713 2539 δύναιτο.
733 2479 989 2563 ίσυναρμοσθῆμεν·
1013 2480 1069 2538 αίτι

295 2571 343 2629 τάν
354 2571 445 2630 ἀνίσου
457 2587 522 2629 cum
541 2569 730 2627 Valckenario
743 2568 778 2627 ad
793 2569 940 2628 Theocrit.
957 2568 999 2640 ll,
1014 2571 1068 2639 463

295 2659 380 2717 codd.
392 2659 582 2733 εύνομασθῆναι
596 2655 644 2731 μὲν
662 2654 692 2713 ni
703 2678 732 2713 τι
745 2655 793 2713 τάν
803 2655 874 2715 ἴσαν.
886 2662 898 2691 ⁰
911 2654 948 2729 μὴ
960 2654 993 2713 cit
1007 2654 1069 2735 κοίῤ·

300 2751 362 2826 ῥονα
386 2745 413 2802 ti
428 2742 476 2801 τάν
500 2743 605 2819 μείζονα
623 2745 717 2821 μοῖραν
743 2741 864 2822 ἐφέρετο,
880 2741 948 2800 ἀλλά
966 2742 1000 2801 τά
1021 2764 1069 2820 γε·

296 2832 395 2909 pelam
410 2830 493 2889 codd.
517 2827 553 2903 μὴ
569 2827 837 2909 claudianistas
855 2828 961 2906 μείζονα
976 2830 1069 2909 μοῖραν

295 2922 415 3002 ἐφέρετο,
433 2917 501 2979 ἀλλά
514 2916 561 2976 τάν
582 2916 711 2996 χερείονα.
731 2915 841 2977 ίπολλοί
858 2920 1067 2997 κα-ὓτιᾶρχεν;

296 3009 379 3068 codd.
401 3003 655 3082 πολλά-ύπάρχεν.
672 3012 686 3048 ⁸
699 3003 728 3063 αἴ
740 3028 769 3062 τε
784 3003 817 3062 τά
831 3006 946 3086 κάρῤονα
960 3004 1008 3075 μὲν
1021 3003 1068 3062 τάν

297 3092 467 3169 μείζονα,τά
480 3090 598 3170 χερείονα
610 3091 638 3148 δὲ
650 3089 698 3150 τάν
712 3091 819 3167 μείονα;
835 3091 920 3152 codd.
935 3090 1005 3149 αἵτε
1021 3090 1069 3148 τάν

296 3179 410 3262 κάρῤονα
427 3175 473 3253 μὲν
488 3175 521 3235 τά
536 3178 656 3252 μείζονα,
672 3177 719 3235 τάν
739 3176 857 3255 χερείονα
872 3179 899 3235 δὲ
920 3177 952 3236 τά
967 3177 1067 3252 μείονα.

296 3264 347 3325 ’ὀύ
358 3287 393 3323 κα
405 3265 528 3342 ἐδύνατο;
538 3263 620 3321 codd.
632 3267 678 3322 οὐκ
689 3262 722 3322 ἀν
736 3264 859 3322 δύναιτο.1
869 3265 971 3337 (inim
986 3265 1068 3323 codd.

294 3472 343 3522 que
356 3460 382 3508 et
394 3457 545 3507 vehementia
557 3470 613 3507 cum
634 3457 681 3508 leri
694 3459 720 3507 et
741 3457 771 3506 ad
793 3457 936 3507 hilaritatem
952 3471 1070 3521 propensa

294 3548 367 3596 anirni
381 3548 449 3610 parte
459 3550 523 3595 certi
533 3545 637 3608 quadam
649 3545 892 3606 mixturatemperat,
903 3545 1071 3608 propriamque

294 3649 324 3684 ac
338 3631 482 3696 peculiarem
491 3632 638 3694 singulorum
649 3646 732 3683 curam
742 3633 834 3694 cingula
842 3633 924 3682 sortita
936 3637 1004 3693 sunt,
1014 3633 1070 3695 quia

1120 724 1241 801 Emped.
1255 743 1300 784 vs.
1315 721 1394 801 179.)
1717 776 1721 783 .

1188 856 1445 918 ΑΡΙΣΤΑΙΩΝΟΣ
1466 854 1817 915 tantustantus.

1159 992 1310 1073 Ἀρισταίνου
1326 990 1420 1072 ἔφησεν
1435 990 1565 1071 ἄφθαρτον
1583 983 1648 1051 εἶναι
1662 992 1707 1050 τὸν
1725 992 1841 1069 κόσμον·
1857 992 1900 1051 λε’-

1119 1104 1160 1158 γιι
1171 1086 1233 1158 γοῦν
1251 1081 1277 1137 έν
1287 1082 1325 1159 τῷ
1338 1078 1399 1157 περὶ
1412 1078 1537 1157 ἁρμονίας
1553 1077 1645 1146 οὕτως·

1158 1165 1234 1226 Ἐπεί
1248 1164 1276 1223 δὲ
1290 1163 1435 1244 ἀφχιί,ἀτι
1451 1164 1482 1235 δὴ
1502 1169 1566 1225 idne
1576 1166 1665 1246 ἀρχό,
1685 1165 1737 1244 πρὸ
1752 1167 1854 1233 παντός
1871 1166 1899 1224 τὲ

1119 1256 1174 1311 ἔστι
1187 1252 1232 1312 καὶ
1247 1254 1263 1310 ἀ
1282 1251 1442 1317 έννατος-καί
1454 1252 1591 1323 αὐτοτελής
1602 1300 1610 1325 ,
1626 1252 1700 1331 (οὔτε
1712 1252 1764 1333 γάρ
1777 1256 1805 1311 ai
1818 1265 1831 1292 ⁸
1842 1254 1899 1329 μεθ’

1119 1340 1210 1420 ἀτερόν
1226 1348 1252 1398 τι
1263 1276 1308 1413 ἀς,
1320 1340 1433 1419 ὑπάρχοι
1450 1362 1484 1397 κα
1496 1339 1534 1397 ἔτι
1548 1338 1598 1419 πρὸ
1615 1341 1732 1416 παντός,
1746 1338 1809 1398 οὔτε
1824 1363 1899 1415 γειο-

1120 1429 1184 1506 μένα
1199 1427 1267 1487 ποκά
1281 1425 1311 1485 ἔκ
1328 1450 1397 1493 τινος
1409 1499 1411 1505 Ι
1421 1425 1559 1504 ἀγέννατός
1582 1450 1616 1485 κα
1634 1426 1675 1498 εἴη
1692 1428 1750 1505 ἔτι,
1772 1428 1833 1485 οὐδὲ
1849 1426 1900 1501 pti
1965 1438 1966 1483 ζ

1117 1516 1187 1595 ἀρχό
1200 1537 1229 1573 τι
1244 1515 1288 1574 καὶ
1299 1514 1369 1573 αἰτία
1378 1516 1429 1572 τῶν
1441 1513 1602 1590 γενομένων,
1612 1513 1671 1574 οὔτε
1680 1513 1731 1593 γάρ
1743 1515 1901 1591 α’ύτοτελής,
1965 1520 1966 1545 ί

1117 1602 1204 1681 diripui
1226 1603 1276 1681 γάρ
1290 1624 1358 1667 τινος
1371 1600 1586 1672 ποτιδεηθῆσεται
1604 1607 1642 1662 τῶ
1665 1602 1798 1669 σώσοντας
1817 1603 1901 1661 αὖτάι

1117 1689 1162 1748 καλ
1173 1691 1349 1766 κινοίσοντος,)
1363 1690 1439 1761 δῆλον
1454 1688 1486 1760 δὴ
1501 1693 1535 1757 ὡς
1550 1688 1616 1748 αὖτά
1629 1691 1687 1750 καθ’
1700 1688 1815 1749 αύτάνά
1829 1692 1901 1770 ἀρχά

1118 1775 1256 1855 ἀγέννατύς
1269 1775 1299 1834 τέ
1310 1778 1365 1835 incr
1379 1776 1423 1835 καί
1438 1773 1518 1842 ἀΐδιος
1533 1777 1578 1835 καί
1591 1778 1663 1837 αἰτία
1677 1778 1795 1856 γενέσιός
1808 1802 1841 1837 τε
1857 1778 1901 1835 ui

1117 1864 1240 1931 κινοίσιος.
1283 1862 1412 1924 Κινέουσα
1434 1864 1461 1922 δὲ
1482 1864 1567 1923 πιίντα
1589 1864 1655 1923 αὖτά
1673 1867 1698 1934 ἐξ
1721 1870 1804 1945 αίιτάς
1825 1866 1902 1945 φύσις

1117 1954 1188 2026 ἔστί,
1200 1953 1246 2011 καλ
1259 1954 1397 2013 αὖτοτελέα
1411 1953 1579 2032 παρεχομένη
1593 1946 1678 2012 τᾶλλα
1692 1952 1763 2011 αύτά
1775 1954 1803 2019 ἐξ
1819 1957 1902 2017 edric

1116 2041 1256 2113 αὐτοτελής
1270 2042 1338 2099 ἔστι.
1382 2040 1488 2123 Q&
1502 2038 1530 2098 ἀὲ
1545 2041 1590 2098 καὶ
1604 2038 1738 2117 ὁμοιώσεις
1750 2048 1800 2107 τᾶς
1816 2042 1903 2118 ἀρχᾶς

1116 2126 1213 2195 ταύτας
1228 2126 1273 2186 καί
1287 2131 1313 2187 ἓν
1330 2136 1383 2193 τοῖς
1396 2128 1457 2206 φύσι
1475 2126 1635 2203 γινομένοις,
1650 2125 1695 2185 καλ
1715 2127 1742 2183 ἐν
1757 2130 1816 2191 τοῖς
1831 2126 1903 2183 κατα

1115 2216 1220 2295 τέχναν.
1263 2214 1340 2274 Ἐπεὶ
1354 2214 1381 2274 δὲ
1396 2218 1424 2273 τὸ
1439 2214 1565 2273 ἀθάνατον
1582 2214 1612 2273 τὸ
1627 2214 1780 2289 ἀναίματον,
1797 2214 1812 2291 [
1828 2214 1862 2272 τὸ
1877 2213 1903 2270 ἀὲ

1116 2302 1251 2377 ἀναίματον
1266 2301 1296 2359 τὸ
1312 2300 1348 2378 μὴ
1363 2301 1497 2381 κοίμνον],
1513 2305 1527 2359 ὁ
1549 2299 1576 2359 δὲ
1590 2300 1646 2366 Θεὸς
1659 2304 1790 2372 τοιοῦτος,
1804 2300 1902 2358 κινέειν

1115 2412 1143 2446 τε
1163 2388 1192 2446 τὸ
1210 2387 1268 2447 ὁλον
1287 2388 1331 2447 καί
1350 2386 1379 2446 τὸ
1399 2397 1469 2459 πᾶν,
1485 2386 1595 2467 φανερὸν
1613 2390 1650 2453 ὣς
1670 2381 1752 2451 ἀίδιός
1770 2409 1807 2444 κα
1830 2388 1904 2458 εἴηὸ

1115 2476 1221 2551 κόσμος.
1265 2479 1299 2535 Αἰ
1313 2474 1364 2552 γάρ
1377 2476 1462 2554 ἀρχάν
1473 2474 1586 2552 λήψεται
1595 2472 1799 2548 διακοσμοίσιος,
1814 2472 1904 2549 {supi

1116 2585 1185 2620 ποκα
1202 2562 1232 2621 τὸ
1248 2561 1331 2621 κινέον
1345 2560 1410 2621 αὐτὸ
1424 2560 1468 2620 καὶ
1489 2561 1652 2620 ἀνεπαύσατο
1667 2558 1680 2595 ¹³
1694 2560 1902 2635 διακοσμιίσιος.

1116 2653 1151 2711 iit
1168 2650 1196 2710 δέ
1217 2673 1246 2728 γε
1264 2650 1420 2729 adpraetiati
1441 2648 1589 2725 ἀμπαύοιτο
1607 2648 1637 2707 τ“ο
1659 2647 1757 2719 κινέον,
1781 2650 1903 2727 φθαρτὸν

1116 2738 1160 2797 aci
1173 2736 1293 2817 γεννατάν
1309 2738 1442 2817 ὑπάρχον,
1455 2738 1500 2796 καί
1515 2736 1578 2796 αὐτὸ
1588 2734 1669 2815 πέρας
1678 2734 1727 2803 ἑξεῖ
1741 2742 1753 2771 ⁶
1765 2736 1903 2806 ιιινάσιος,

1116 2828 1161 2885 καί
1188 2826 1217 2884 τὸ
1242 2827 1301 2886 tini
1326 2826 1352 2886 δὲ
1380 2824 1427 2885 καὶ
1449 2825 1479 2883 τὸ
1501 2832 1554 2889 πᾶν
1575 2824 1770 2899 διακοσμοίσιος.
1815 2820 1905 2882 Ἵλατ’

1115 2912 1217 2992 ἀνάγιια
1236 2914 1293 2984 ἤτοι
1311 2912 1409 2991 γένεσιν
1424 2910 1575 2992 ἀναιφέν,ἢ
1594 2920 1685 2990 γεννᾶν
1700 2913 1729 2970 in
1741 2913 1781 2969 τῶ
1797 2910 1843 2986 μὴ
1862 2911 1905 2968 ἄν·

1114 3025 1170 3075 τος,
1186 3001 1203 3074 ἢ
1218 3002 1292 3060 τόνδε
1309 3001 1353 3060 τὸν
1372 3000 1470 3077 κόσμον
1488 3000 1657 3061 ὑπολείπεται
1672 2997 1685 3036 ⁴¹
1701 2998 1842 3057 ἀθάνατον
1858 3000 1904 3056 καὶ

1116 3090 1245 3169 ἀγήρατον
1260 3078 1342 3166 εἶμεν.
1359 3093 1363 3101 “
1384 3088 1494 3166 Δέγοιτο
1514 3088 1543 3147 δέ
1557 3111 1591 3146 κα
1605 3086 1717 3166 ἀρμονία
1731 3087 1852 3166 φύσιος,
1865 3089 1906 3145 ὅτι

1115 3177 1200 3237 πάντα
1216 3177 1284 3235 κατά
1297 3176 1371 3253 λόγον
1386 3176 1477 3256 φύεται
1492 3177 1535 3234 τὸν
1549 3174 1645 3240 ταύτας
1664 3175 1723 3232 ποτ’
1739 3175 1857 3232 ἀλλαλα
1873 3180 1903 3242 ‘‚

1117 3263 1162 3322 καί
1175 3267 1210 3331 tire
1227 3268 1241 3322 ὁ
1260 3264 1378 3343 τεχνίτας
1396 3263 1456 3324 ποτὶ
1470 3263 1519 3322 τάν
1537 3265 1646 3342 τέχναν,
1667 3261 1749 3327 οὕτως
1764 3261 1828 3329 θεὸς
1844 3263 1908 3321 ποθ’

1113 3457 1161 3507 aiio
1172 3460 1197 3507 et
1209 3457 1292 3507 salutis
1307 3460 1331 3506 et
1353 3455 1466 3506 motionis
1480 3469 1533 3506 suae
1553 3457 1651 3506 aucmre
1668 3455 1776 3517 egerem
1791 3458 1907 3506 munite·

1114 3546 1179 3594 stum
1197 3549 1234 3595 est
1252 3543 1395 3606 principium
1411 3557 1452 3606 per
1469 3557 1495 3594 se
1515 3549 1571 3593 ortu
1584 3555 1664 3593 carere
1681 3545 1906 3605 acquieturum

1113 3645 1165 3682 csse
1177 3631 1296 3693 simulque
1307 3631 1466 3694 generationis
1474 3643 1571 3680 causam
1580 3634 1605 3680 et
1613 3629 1733 3680 motionis.
1767 3633 1908 3688 Quatenus

294 3735 365 3772 meuc
380 3735 419 3770 res
433 3719 566 3770 considerat
581 3722 750 3783 acserutaiur,
769 3721 968 3771 excandescentia
988 3725 1070 3770 autem
1112 3720 1193 3768 autem
1209 3718 1433 3780 omniaexaaipso
1445 3719 1756 3778 moret,naturarocatnr‚
1770 3721 1801 3767 et
1814 3723 1907 3782 qrraie·
1965 3745 1966 3750 =

262 3844 265 3850 ι
294 3809 426 3872 appetitum
436 3822 464 3858 ac
477 3809 540 3857 vires
555 3808 748 3870 contemplationi
763 3808 850 3869 alleri,
866 3808 986 3871 cupiditas
1001 3807 1070 3858 deui-

295 3909 344 3958 quc
365 3895 454 3945 amoris
474 3896 566 3958 paterni
588 3897 612 3945 ct
633 3894 765 3957 conjugalia
786 3896 849 3944 socia
864 3896 976 3945 decenter
1002 3909 1070 3946 suam

296 3984 370 4033 menti
387 3982 634 4044 ariminensium,
647 3995 676 4031 ac
688 3982 837 4044 prudentiam
851 3983 890 4032 isti
901 3983 975 4032 animi
989 3983 1069 4045 parti,

296 4071 322 4119 in
340 4083 388 4132 qua
408 4072 525 4128 venatur,
547 4068 666 4118 conciliat.
699 4071 850 4130 Quapropter
872 4059 945 4118 etiam
963 4081 992 4118 ea
1011 4069 1069 4118 mitri

295 4157 392 4207 videtur
407 4157 508 4206 hominis
524 4156 573 4205 rita
586 4155 779 4218 prestantissima
790 4169 856 4217 esse,
869 4169 918 4218 qua
934 4156 1069 4217 iucundum

294 4243 397 4291 iannesio
409 4244 433 4292 et
444 4243 555 4303 voluptas
568 4241 651 4290 virtuti
661 4241 796 4290 misceatur.
829 4241 876 4291 sad
892 4241 944 4291 itanc
960 4243 1071 4304 copulare

294 4344 344 4379 non
364 4332 443 4392 potet
463 4329 510 4378 uisi
530 4341 599 4378 meus
616 4327 791 4391 disciplicere
809 4329 906 4380 virtutis
921 4329 945 4378 ri
961 4329 1070 4380 amabilis

295 4418 394 4468 reddita

465 4498 659 4590 anrsrnoms
673 4539 900 4603 snacucnruu.

1113 3807 1256 3855 nuscoetcra
1269 3803 1431 3868 perficit‚pcr
1447 3818 1473 3854 sc
1490 3805 1683 3867 perlectumest.
1716 3804 1804 3866 fluitis
1829 3819 1908 3869 porro

1115 3894 1223 3958 principii
1235 3893 1348 3954 imagines
1358 3905 1387 3942 ac
1398 3892 1567 3943 similitudines
1581 3893 1606 3942 in
1617 3894 1839 3954 mercatusque
1850 3909 1910 3956 cpe·
1965 3907 1966 3952 i

1114 3977 1180 4026 ribus
1192 3979 1330 4028 cernuntur.
1361 3978 1482 4034 Quoniam
1490 3980 1571 4028 autem
1582 3977 1697 4040 quidquid
1708 3976 1862 4030 immortale
1871 3987 1912 4030 est

1117 4064 1260 4114 indefessum
1275 4065 1307 4114 sit
1317 4067 1428 4126 oporiet,
1444 4063 1605 4128 [indefessum
1616 4077 1674 4114 vero
1687 4065 1752 4128 quod
1765 4078 1910 4130 nunquam

1116 4149 1227 4211 fatigatur
1236 4149 1260 4213 ],
1276 4149 1330 4200 taiis
1341 4152 1421 4200 autem
1433 4149 1494 4199 deus
1504 4155 1554 4210 est,
1567 4150 1610 4213 qui
1631 4152 1707 4200 iotam
1721 4151 1819 4201 muudi
1841 4167 1911 4203 cora·

1113 4249 1196 4299 pagam
1209 4242 1234 4286 et
1246 4250 1326 4287 rerum
1343 4237 1521 4288 universitatem
1532 4243 1627 4299 moret,
1638 4239 1702 4300 patet
1710 4243 1844 4289 eternum
1856 4255 1913 4292 εισι

1113 4324 1241 4375 mundum.
1273 4325 1366 4375 Etenim
1397 4327 1418 4374 si
1440 4325 1522 4387 positis
1543 4325 1617 4376 initiis
1640 4325 1805 4376 hermundi
1830 4332 1913 4379 mois
1965 4325 1966 4392 i

1115 4411 1229 4476 paulatim
1249 4412 1395 4472 efficeretur,
1414 4415 1494 4462 motor
1513 4412 1642 4476 aliquando
1659 4413 1775 4474 fatigatus
1797 4415 1836 4464 ab
1858 4421 1913 4479 ejus
1965 4411 1966 4432 ¹

1114 4499 1287 4562 compositione
1309 4501 1420 4550 cessaret.
1454 4499 1546 4564 Quodsi
1570 4505 1654 4550 auctor
1675 4503 1756 4550 motus
1787 4502 1913 4554 defessus
1965 4509 1966 4572 γ

1113 4587 1286 4648 requiesceret,
1298 4587 1380 4650 etipse
1393 4588 1422 4636 ut
1431 4586 1539 4668 mprtaiis
1555 4587 1695 4649 geminaque
1705 4587 1783 4638 finem
1803 4590 1915 4642 haberet
1965 4587 1966 4630 i

325 4658 442 4709 Atisim
460 4659 555 4722 ⁰08³*st
571 4660 669 4712 5²¹⁸th
685 4662 818 4723 mundssmt
832 4663 866 4713 ⁸¹0
880 4664 945 4712 essim
957 4663 991 4714 ⁸³¹
1010 4664 1071 4714 iibw
1114 4679 1196 4726 motus
1209 4677 1234 4726 et
1250 4677 1301 4726 iota
1321 4675 1403 4726 mundi
1418 4687 1544 4739 compages
1562 4679 1638 4739 utque
1652 4675 1805 4727 universitas
1822 4694 1913 4730 τετιιιιι
1965 4679 1966 4700 ¹

295 4748 326 4798 de
337 4749 460 4800 harmonia
474 4771 481 4800 ι

1114 4764 1171 4813 oriri
1187 4763 1314 4814 desineret.
1347 4763 1465 4821 Quocirca
1478 4776 1576 4814 necesse
1598 4766 1634 4814 cst
1655 4764 1692 4813 rei
1707 4768 1797 4816 ortum
1822 4783 1913 4820 rernm

328 4839 447 4895 Quoniam
460 4843 542 4890 ιιιίιιιι
554 4839 712 4903 principium,
722 4843 750 4890 ut
761 4841 917 4904 principium,
928 4846 984 4894 ante
993 4845 1072 4894 omnia
1114 4852 1211 4914 toliere,
1222 4852 1261 4901 rei
1274 4865 1288 4902 e
1302 4849 1378 4902 nihilo
1391 4855 1479 4902 cuncta
1492 4863 1632 4915 procreare,
1649 4852 1688 4901 rei
1705 4857 1733 4902 ut
1750 4853 1916 4908 immortalis
1965 4855 1966 4922 i

299 4928 335 4974 est
353 4930 378 4975 et
392 4928 447 4976 ortu
465 4940 547 4978 carens
559 4940 588 4977 ac
602 4928 764 4992 perlectum(
776 4941 831 4978 nana
844 4943 890 4980 nec
902 4931 923 4981 si
937 4934 993 4994 post
1008 4931 1072 4982 aiiud
1114 4936 1453 4998 atqueaetcrnnssiimundus
1468 4938 1617 5000 relinquitur.
1650 4941 1789 4991 iiarmonie
1805 4957 1917 5009 quoque

298 5016 448 5073 sequeretur,
463 5016 611 5065 anicomuia
630 5017 703 5078 iuret,
719 5029 798 5079 neque
816 5030 924 5080 unquam
942 5018 973 5067 ab
992 5019 1073 5081 aliquo
1116 5028 1207 5073 nature
1219 5035 1272 5075 csse
1283 5023 1384 5085 dicetur,
1397 5025 1454 5087 qnia
1466 5025 1547 5074 omnia
1556 5027 1578 5076 ei
1587 5034 1748 5090 congruenter
1759 5037 1916 5084 neemena-
1965 5013 1966 5070 ι

298 5103 434 5160 generatum
441 5102 495 5150 ortu
504 5107 693 5166 careret,ncque
703 5117 761 5154 vero
772 5105 867 5154 initium
876 5107 901 5154 rt
911 5118 983 5155 causa
989 5117 1073 5156 corum
1116 5109 1172 5160 diue
1182 5109 1286 5171 quadam
1304 5112 1365 5161 iuter
1379 5123 1406 5162 ιιι
1415 5110 1499 5173 juncta
1511 5115 1663 5174 generantur.
1676 5120 1752 5178 utque
1768 5121 1874 5172 artilex
1885 5123 1918 5172 aii

299 5190 582 5252 quaenascunturioret,
596 5192 717 5242 nonenim
727 5181 859 5253 pernicium
869 5195 1072 5258 esset,siquidem
1116 5200 1204 5260 anem,
1226 5200 1260 5248 sic
1274 5198 1333 5250 deus
1353 5199 1383 5250 ad
1408 5199 1556 5251 harmoniam
1578 5214 1604 5254 se
1618 5203 1698 5254 hahet.
1731 5207 1859 5272 namque
1877 5225 1921 5261 ars
1965 5201 1966 5226 ί
