3959 5925
218 395 274 444 188
753 377 953 437 Cbttctbtt
978 376 1288 438 COMMENTARIUS

211 512 376 579 longitudine,
403 509 545 572 latitudine,
571 507 748 571 profunditate,
776 507 881 557 solidum
907 521 995 570 corpus
1041 521 1080 558 ros
1095 507 1157 557 duos
1171 507 1245 566 silos,
1267 509 1309 570 qui
1323 509 1461 570 compleant
1482 509 1619 560 universam
1642 509 1825 563 iuterratiorurn

210 601 390 664 cognominant.
1041 595 1261 657 continuationem,
1279 595 1344 646 sicut
1361 597 1430 657 jubel
1448 597 1517 660 ieri,
1538 597 1639 646 minime
1658 597 1822 650 inveniemus.

241 685 355 734 ffllss·
371 682 423 730 11111
434 692 491 742 111811
506 679 650 743 (1111111111οι
662 691 718 742 iil¹oe
731 679 850 742 Ρ111111111ι
860 692 890 728 111
907 679 996 741 quibus
1045 685 1138 746 Tertio,
1156 684 1235 746 qualis
1245 683 1333 734 debeat
1348 697 1400 734 esse
1416 686 1492 734 torma
1506 685 1685 748 descriptionis.

148 771 155 790 ⁸
209 773 290 822 anima
307 771 396 821 dicitur
413 773 538 832 constare,
554 769 691 832 genituram
705 782 747 819 seo
762 767 995 830 coagmentationem
1072 774 1174 823 xxiiii.
1197 772 1268 829 Quod
1288 772 1360 834 igitur
1380 786 1410 823 ea
1430 773 1509 822 tribus
1523 773 1630 836 principe
1651 773 1705 824 icco
1719 775 1826 825 diximus

209 861 324 921 delineat,
347 857 452 908 ostendii
483 860 602 908 rationem
633 859 722 907 animm
754 858 911 920 corporisque
938 870 996 907 ccu-
1041 861 1116 924 quaeri
1131 860 1224 921 solere,
1241 861 1288 910 troc
1301 861 1407 922 primum
1420 859 1636 911 demonstrandum
1647 862 1823 924 eril3rationa·

208 949 284 1012 jnnp.
317 948 412 1011 Quippe
425 944 996 1010 corpusaniuraiium,qundinspiratoranimae
1042 948 1119 998 biiiter
1133 950 1228 1010 septem
1243 949 1332 998 limites
1345 961 1399 998 esse
1409 933 1530 1011 digestos,
1544 949 1633 1012 quibua
1647 949 1773 1002 interraiia
1782 965 1825 1002 sex

210 1037 308 1099 algore,
321 1036 394 1086 babet
407 1038 473 1086 cerie
486 1035 658 1097 superficiem,
671 1032 748 1083 babet
758 1033 831 1083 eliam
840 1031 995 1082 soliditatem.
1041 1039 1202 1086 continentur.
1236 1037 1288 1087 Erit
1308 1041 1388 1088 antem
1409 1037 1519 1099 probatio
1552 1038 1738 1088 auctoritatibus
1757 1041 1826 1090 nin.

209 1128 272 1182 0⁰¹⁹
281 1124 355 1187 1811111
368 1136 424 1175 111111
438 1123 506 1172 1111111
518 1123 600 1184 1180111
615 1123 772 1184 11111011111111
782 1123 834 1171 erat
846 1121 896 1169 11111
908 1133 996 1182 tilliet-
1027 1121 1138 1174 'Etenim
1149 1131 1240 1189 septem
1253 1137 1371 1174 numerus
1383 1124 1522 1175 laudatura
1536 1126 1688 1190 Pythagoreis
1697 1162 1705 1184 ,
1714 1131 1742 1176 ιιι
1756 1129 1819 1188 opti·

209 1213 288 1263 ficiem
299 1225 372 1274 qnam
384 1212 550 1272 soliditatem,
563 1210 654 1260 similes
668 1207 996 1269 soliditatis,simitcsetiam
1043 1225 1098 1262 mus
1114 1216 1138 1263 et
1158 1212 1351 1263 naturaiissimus
1372 1215 1397 1263 et
1417 1205 1642 1263 sufficientissimus.
1676 1217 1736 1264 Nam
1751 1216 1826 1278 peris·

210 1301 344 1364 superficiei
355 1301 419 1350 rires
433 1299 523 1350 itabens
541 1298 640 1350 debuit.
673 1297 799 1361 siquidem
812 1298 879 1360 paria
897 1295 997 1361 paribus
1042 1299 1490 1363 ctusquidemnumernssstdecem:
1504 1300 1827 1362 tdeoquodasinguiaritaie

210 1391 391 1452 ccngrogsntur.
429 1389 514 1438 vnum
526 1388 608 1450 ipttur
615 1389 743 1450 primitus
757 1388 887 1448 sumpsit,
904 1383 996 1447 inquit,
1043 1387 1090 1436 orsi
1102 1388 1219 1450 usquead
1233 1387 1318 1437 decern
1330 1399 1460 1436 numerum
1472 1398 1630 1436 numeramus
1645 1400 1652 1434 :
1666 1386 1760 1436 residua
1770 1399 1828 1437 sero

216 1489 250 1527 es
261 1478 550 1539 uniuersoportionem.
585 1476 641 1532 Quo
652 1474 781 1524 unircrscl
792 1473 864 1532 Quod
873 1486 903 1523 ex
918 1473 997 1522 tribus
1043 1475 1179 1525 numeratio
1192 1487 1241 1524 non
1254 1477 1304 1524 tam
1321 1473 1457 1526 numeratio
1473 1477 1527 1535 est,
1545 1485 1620 1536 quam
1634 1474 1766 1525 eorundem
1781 1487 1826 1524 nu-

211 1564 236 1612 in
253 1577 327 1613 unam
346 1564 452 1626 speciem
472 1561 612 1624 redactum,
634 1562 698 1612 sicut
720 1575 794 1625 supra
810 1559 997 1620 demonstrarit,

211 1654 338 1712 essentie,
349 1651 460 1702 videlicet
470 1653 496 1700 el
511 1650 599 1701 eodem
610 1651 636 1699 et
648 1649 750 1699 dinnao
763 1649 896 1699 dividebat.
929 1651 996 1697 Por·

213 1743 290 1791 tionis
300 1753 398 1802 qnoque
409 1738 514 1790 docrslio
528 1739 634 1788 notanda
647 1741 692 1787 est.
726 1739 779 1787 tlon
791 1738 855 1787 enirn
873 1743 989 1802 perteus,

211 1826 301 1889 quippe
311 1825 427 1888 simplicis
437 1828 461 1874 et
473 1827 622 1886 incorporeas
636 1825 669 1874 rei
679 1859 687 1884 ,
697 1824 739 1873 sed
748 1828 910 1887 pontonem,
924 1823 998 1876 idest

212 1915 285 1976 partis
297 1914 383 1975 instar,
392 1912 516 1963 dixitesse
527 1912 663 1972 sublatum,
675 1911 741 1974 quod
757 1913 795 1962 est
804 1913 961 1974 geometrica·
971 1913 999 1962 il-

214 2001 262 2050 iius
277 2003 343 2050 notas
354 2000 442 2050 simile.
476 2001 562 2050 Postea
573 1999 705 2062 duplicem
721 1998 779 2059 ejus
791 2003 903 2062 sumpsit
917 2013 998 2064 quum

212 2092 379 2152 sumpserat,
393 2090 441 2138 boc
455 2091 493 2138 esl
505 2088 567 2150 duo,
582 2101 638 2151 quse
650 2087 733 2136 subter
749 2100 826 2136 unum
842 2089 921 2150 posita
939 2091 997 2138 sunt

212 2178 237 2226 in
254 2177 315 2227 isra
333 2179 400 2237 parte
419 2177 537 2226 iormulae.
576 2179 660 2226 Tertio
675 2176 822 2239 sescuplum
835 2178 941 2238 quidem
956 2189 999 2226 se·

212 2266 313 2326 mande,
332 2266 443 2329 triplum
460 2279 519 2316 uero
531 2267 658 2328 primitus
674 2268 792 2328 sumptu.
825 2265 921 2315 iterito.
942 2267 999 2316 Tria

170 2347 183 2360 '
213 2355 278 2403 enim
291 2353 420 2404 adversum
434 2353 499 2413 duo,
513 2353 617 2416 sescupli
639 2353 731 2402 ratione
751 2352 903 2415 praeceliunt.
936 2356 999 2403 con-

214 2443 356 2492 sicutenim
370 2443 416 2492 tria
431 2457 461 2491 ex
473 2443 569 2492 duobus
581 2443 675 2492 etitem
687 2456 748 2504 uno,
758 2442 824 2504 quod
839 2441 915 2491 duum
928 2443 999 2492 dimi·

213 2533 254 2580 dia
268 2544 323 2593 pars
338 2534 383 2582 est.
418 2533 516 2590 Quarto
528 2529 808 2595 displicentsccundae,
821 2529 876 2580 ideo
891 2531 949 2592 qnia
962 2531 999 2580 bis

183 2658 186 2667 .
214 2618 263 2666 dno
286 2621 399 2680 quatuor.
433 2619 529 2674 Quinto
548 2617 658 2680 triplam
679 2618 777 2678 tertis,
798 2617 824 2667 id
845 2620 883 2669 est
900 2631 997 2669 norem.

214 2708 262 2754 Ter
275 2705 340 2754 enim
353 2705 400 2755 tria
411 2717 500 2754 norem
513 2693 581 2755 sunt.
615 2707 696 2755 sextu
712 2705 767 2759 fuit
781 2710 896 2769 sumptio
912 2710 1002 2773 parti<

215 2792 261 2842 bur
273 2795 371 2856 septem
390 2805 470 2856 quum
485 2795 577 2856 prima
589 2795 755 2856 propensior,
767 2792 793 2843 id
810 2799 848 2843 est
860 2794 884 2844 in
896 2807 1000 2844 numero

214 2880 353 2941 octonario,
366 2880 407 2942 qui
420 2882 457 2929 est
470 2879 571 2929 ultimus
589 2880 613 2928 in
625 2893 654 2930 eo
671 2881 761 2940 latere,
775 2882 841 2943 quod
852 2895 883 2932 cx
900 2882 1000 2944 paribus

216 2952 521 3017 numensestordinatum.
554 2971 760 3030 septimaseset
773 2970 999 3032 riptntipnrtitus

216 3067 298 3119 quem
310 3058 398 3117 prima
410 3056 508 3118 major,
522 3055 569 3104 troc
579 3057 631 3118 est,
644 3056 728 3117 viginti
740 3060 847 3119 septem,
860 3058 901 3119 qui
914 3071 1000 3108 nams-

218 3154 261 3212 rus
281 3141 425 3191 tantundem
447 3144 510 3193 ralel
535 3146 653 3205 quantum
674 3144 827 3212 octonarius,
847 3146 876 3195 ur
898 3145 999 3195 docebo.

218 3233 286 3291 Apes
301 3241 357 3291 ergo
370 3242 541 3293 numerorum,
552 3229 707 3293 singularitas
715 3232 767 3280 sine
776 3231 831 3305 uitis
841 3232 961 3293 partibus,
974 3237 1001 3282 ut

218 3316 367 3379 geometrica
384 3319 442 3366 unia
462 3318 554 3380 :cujus
572 3318 688 3381 duplum,
709 3318 785 3380 dnae,
799 3318 853 3368 sine
874 3319 1002 3370 latitudine

174 3442 180 3454 ,
217 3402 340 3466 iongitudo
359 3403 447 3453 :tiueoe
458 3402 574 3465 duplum,
588 3404 742 3466 superficies,
755 3418 811 3467 quae
826 3408 863 3456 est
877 3403 1000 3468 proliritas

217 3504 273 3541 cum
285 3491 425 3553 latitudine,
440 3491 509 3554 cujus
519 3491 620 3555 duplum
632 3492 728 3555 cubus,
741 3506 830 3557 corpus
840 3495 1001 3557 perlongum,

156 3582 165 3603 ⁰
218 3582 311 3641 iatum,
328 3580 524 3642 profundumque
544 3579 665 3641 divisum,
679 3579 718 3629 bis
740 3581 791 3630 duo
811 3582 862 3643 bis,
883 3583 947 3645 quod
964 3590 1003 3633 est

218 3666 283 3715 octo.
315 3664 456 3728 Eodemque
477 3665 550 3715 modo
572 3665 640 3728 juxta
659 3668 777 3718 rationem
793 3668 857 3731 tripli
876 3671 901 3719 in
925 3669 1002 3720 silero

217 3752 304 3814 tatere,
318 3765 475 3802 numerorum
486 3754 631 3816 germanitas
643 3754 770 3816 reperitur.
803 3756 934 3819 cubusque
942 3793 951 3818 ,
960 3758 1002 3819 qui

219 3841 257 3889 cat
270 3840 296 3889 in
311 3852 407 3890 summa
420 3840 504 3902 viginti
516 3846 627 3904 septem,
640 3844 734 3906 primus
746 3847 785 3893 est
794 3843 894 3906 imparis
908 3846 1001 3893 numeri

218 3929 305 3981 cubus.
337 3934 384 3981 Ter
404 3932 468 3981 enim
485 3931 531 3981 tria
548 3935 586 3983 ter
605 3933 735 3983 coniciunt
757 3947 878 3984 summam
894 3934 1004 3998 supradi-

218 4020 291 4069 ctam.
324 4019 402 4082 igitur
417 4019 550 4070 secundum
567 4021 684 4071 rationem
702 4023 810 4071 continui
828 4021 1002 4083 competentis,

219 4120 274 4169 quse
292 4111 331 4157 est
349 4107 411 4157 ratio
432 4108 593 4169 geometrica,
609 4108 675 4172 quod
694 4110 776 4158 valent
794 4113 850 4159 ocio
871 4111 1000 4160 asirersum

217 4196 332 4259 quatuor,
350 4182 398 4244 boc
418 4197 522 4257 quatuor
538 4195 669 4245 adversum
684 4194 749 4259 duo,
764 4198 789 4245 et
806 4196 855 4245 duo
875 4196 1003 4247 adeersum

219 4296 303 4332 unum.
337 4284 443 4332 Rursnm
456 4282 521 4346 quod
537 4283 600 4332 rstet
614 4282 699 4345 viginti
712 4285 805 4345 septem
827 4296 942 4335 numerus
958 4286 1002 4334 ad·

188 4408 194 4418 .
218 4382 315 4420 versum
328 4382 434 4431 norem,
451 4370 499 4421 boc
511 4383 600 4420 norem
609 4371 809 4427 adrersumtria,
821 4376 847 4421 et
861 4372 907 4421 tria
916 4372 1003 4423 adrer-

218 4472 273 4508 sum
285 4472 370 4510 unum.

250 4550 361 4603 iiiiiitv.
376 4548 499 4607 Quaeritur
512 4548 560 4597 iroe
574 4548 642 4609 ioco,
654 4548 731 4609 primo
744 4548 842 4610 quidem
856 4562 899 4597 cur
912 4549 937 4598 iu
949 4553 1003 4599 tan·

222 4640 272 4686 tum
289 4636 431 4698 produxerit
445 4636 604 4696 divisionem,
623 4638 650 4686 ut
665 4640 758 4699 sepiem
771 4637 932 4687 constitueret
945 4638 1005 4687 limi-

221 4728 258 4774 tes
275 4743 281 4772 :
298 4729 365 4774 lerna
382 4718 463 4775 subm
481 4720 506 4773 in
519 4725 630 4787 utrisque
644 4724 757 4775 lateribus
773 4725 900 4775 intervalla
914 4728 963 4774 ism
980 4726 1005 4774 in

220 4827 250 4863 eo
260 4815 324 4877 quod
338 4828 367 4865 cx
382 4814 519 4877 duplicibus
530 4818 555 4864 et
568 4815 665 4877 paribus
679 4815 786 4864 numeris
798 4818 836 4863 cst
851 4814 989 4863 ordinatum
997 4829 1005 4873 ;

225 4914 298 4961 quam
311 4902 337 4952 in
353 4916 397 4964 en,
412 4906 478 4965 quod
491 4916 520 4953 er
535 4903 684 4967 triplicibus,
697 4905 723 4952 et
739 4902 880 4966 imparibus.
915 4900 1006 4951 Deinde

222 5002 283 5051 quos
297 4993 407 5052 oporteat
416 5002 532 5041 numeros
542 4992 666 5054 imponere
676 4990 796 5054 partibus.
831 4990 935 5041 sienim
951 5002 1005 5051 par-

1044 1576 1179 1624 merornm‚
1194 1563 1283 1626 quibus
1300 1566 1356 1612 ante
1373 1563 1411 1612 esi
1426 1574 1525 1622 sumus,
1543 1562 1568 1610 in
1582 1561 1732 1612 numerando
1753 1563 1826 1625 repti-

1044 1651 1113 1700 cstio.
1149 1649 1265 1710 undecim
1288 1649 1366 1708 enlm,
1384 1651 1410 1700 ct
1432 1648 1576 1710 duodecim,
1598 1652 1624 1698 et
1645 1648 1728 1698 caeleri
1751 1648 1826 1702 tales.

1044 1741 1224 1808 nascuntur-ex
1237 1738 1426 1800 precedentium
1439 1735 1602 1800 replicatione.
1635 1740 1715 1796 Quem
1729 1735 1828 1798 quidem

1044 1827 1205 1876 decumanum
1217 1837 1346 1876 numerum
1359 1825 1509 1886 Pythagorici
1519 1824 1642 1888 appeliant
1651 1825 1756 1888 primam
1766 1835 1826 1886 qua-

1047 1913 1171 1964 draturam
1183 1912 1389 1977 propterea,qund
1402 1927 1431 1963 er
1444 1912 1528 1975 primis
1539 1915 1645 1975 quatuor
1654 1912 1763 1961 numeris
1775 1924 1829 1960 rnn-

1045 2003 1085 2064 ιιι,
1100 2016 1158 2064 unc,
1172 2001 1283 2064 duobus,
1300 2001 1385 2060 tribus,
1404 2003 1517 2064 quatuor.
1550 1999 1707 2062 symphoniae
1731 2011 1829 2062 quoque

1044 2092 1151 2141 retices
1166 2089 1298 2140 eorundem
1315 2102 1490 2150 numerorum,
1504 2089 1547 2152 qui
1564 2089 1726 2138 decumanum
1742 2100 1829 2137 nume·

1046 2193 1099 2229 rum
1114 2179 1251 2240 complent,
1263 2179 1332 2240 qnasi
1342 2177 1448 2241 quodem
1460 2178 1527 2227 tonte
1546 2175 1668 2226 demensi.
1701 2175 1828 2238 Siquidem

1045 2280 1075 2317 ex
1089 2267 1126 2317 bis
1142 2266 1250 2329 epitriti,
1268 2267 1292 2316 el
1308 2265 1471 2328 sescuplares,
1486 2267 1512 2316 ct
1525 2264 1649 2326 duplices,
1661 2268 1686 2314 et
1699 2264 1825 2325 triplices,

1046 2357 1072 2404 ei
1081 2354 1250 2418 quadruplices
1261 2353 1370 2412 numeri,
1382 2353 1483 2415 sonique
1494 2354 1640 2400 nascuntur.
1675 2350 1770 2412 Epitriii
1781 2349 1831 2411 qui·

1045 2443 1115 2500 dem,
1129 2445 1158 2491 ut
1172 2444 1275 2504 quatuor
1289 2441 1419 2490 adversum
1430 2443 1480 2490 tres
1494 2457 1500 2487 ι
1515 2439 1604 2489 babent
1618 2440 1684 2488 enim
1698 2435 1775 2488 toirinr
1789 2451 1830 2486 nn·

1046 2543 1141 2580 merum
1156 2529 1302 2584 ursarium.
1314 2529 1402 2588 eteius
1416 2527 1510 2577 tertiam
1527 2529 1633 2590 partem,
1651 2526 1675 2575 id
1690 2531 1728 2574 est
1743 2539 1826 2574 unum.

1046 2619 1199 2680 sescupisrss
1218 2631 1288 2678 sero,
1303 2621 1331 2668 ιιι
1343 2621 1392 2668 tres
1407 2617 1535 2668 adversum
1554 2616 1639 2666 duos:
1655 2615 1745 2665 babem
1761 2616 1826 2665 enim

1047 2713 1095 2757 tres
1109 2710 1187 2756 toturn
1202 2719 1329 2757 numerum
1348 2706 1460 2769 dualem,
1474 2708 1498 2756 st
1512 2706 1565 2767 ejus
1579 2703 1827 2767 pertundendum,

1046 2793 1071 2842 id
1095 2797 1134 2844 cst
1155 2806 1240 2844 nnrrm.
1275 2793 1389 2857 Duplices
1413 2806 1487 2854 vero,
1509 2796 1538 2843 ut
1560 2793 1618 2842 suni
1642 2791 1691 2841 dno
1707 2791 1825 2840 adsersus

1047 2894 1133 2930 unum.
1166 2881 1281 2944 Triplices
1295 2894 1369 2943 vero,
1385 2882 1412 2931 ut
1425 2884 1482 2930 suut
1495 2882 1545 2930 tres
1555 2879 1671 2930 adsersus
1681 2893 1765 2930 unum.
1800 2881 1829 2929 Ει

1047 2970 1233 3033 quadruplices,
1263 2971 1290 3021 ui
1314 2973 1371 3019 sunl
1395 2972 1498 3030 quatuor
1521 2968 1552 3017 ad
1577 2982 1663 3018 unum.
1714 2966 1830 3029 Epiiritus

1046 3060 1126 3108 sulem
1143 3059 1167 3107 in
1181 3056 1323 3107 calculando
1332 3056 1396 3107 idem
1410 3057 1499 3119 estqui
1513 3057 1552 3105 διὰ
1562 3057 1683 3119 morspec
1697 3055 1784 3106 dicitur
1804 3055 1829 3104 in

1046 3146 1164 3196 canendo.
1196 3144 1344 3206 sescuplaris
1353 3156 1412 3195 acro
1426 3144 1490 3193 idem
1504 3145 1593 3206 estqui
1610 3146 1648 3194 διὰ
1660 3145 1728 3193 ebore
1744 3126 1831 3193 dicitur

1047 3234 1071 3282 in
1085 3231 1203 3282 canendo.
1237 3230 1330 3291 Duplex
1344 3244 1419 3291 sero,
1432 3230 1474 3303 qui
1486 3231 1525 3277 tri
1542 3234 1637 3280 πασῶν.
1654 3230 1830 3291 Quadruplex,

1047 3322 1087 3383 qui
1097 3322 1131 3375 δὶς
1142 3320 1181 3368 διὰ
1193 3324 1286 3368 πασῶν.

1081 3408 1194 3457 xxxvr.
1212 3405 1303 3455 Deinde
1321 3404 1367 3453 aiis
1393 3417 1490 3467 quoque
1509 3404 1639 3467 septenarii
1658 3404 1752 3453 numeri
1772 3416 1828 3466 pro·

1049 3496 1137 3557 prietes
1149 3492 1323 3553 consideratur,
1332 3504 1407 3554 quam
1417 3492 1497 3543 crateri
1508 3492 1603 3542 numeri
1612 3503 1662 3541 nou
1671 3490 1770 3541 liabent.
1804 3479 1830 3541 st

1048 3582 1146 3647 quidem
1158 3594 1215 3632 cum
1228 3581 1284 3643 alii,
1294 3582 1336 3643 qui
1349 3580 1439 3630 tinibus
1452 3580 1582 3630 decumani
1592 3580 1686 3629 numeri
1701 3579 1828 3629 continen-

1048 3677 1096 3734 tur,
1110 3671 1199 3734 partim
1218 3670 1278 3719 silos
1293 3670 1340 3733 ipsi
1357 3670 1466 3733 pariant,
1481 3668 1567 3731 partim
1579 3668 1620 3717 ab·
1631 3668 1685 3717 aliis
1699 3667 1830 3730 pariantur,

1050 3760 1135 3823 parlim
1150 3763 1176 3810 et
1190 3759 1285 3822 pariant
1298 3758 1372 3817 aiios,
1393 3760 1419 3807 et
1436 3757 1559 3819 pariantur
1572 3755 1603 3805 ab
1619 3755 1688 3815 aiiia;
1711 3754 1777 3804 scius
1794 3767 1831 3804 as·

1048 3848 1172 3911 plenarius
1184 3860 1319 3909 numerus,
1336 3858 1416 3909 neque
1431 3846 1512 3907 gignat
1522 3856 1552 3894 es
1568 3856 1595 3893 se
1610 3843 1685 3892 atium
1703 3854 1831 3893 numerum

1050 3934 1112 3985 intra
1126 3935 1288 3985 decumanum
1299 3934 1418 3996 timitem,
1431 3944 1510 3995 nsque
1522 3944 1537 3981 a
1550 3943 1672 3994 quoquam
1688 3931 1741 3993 ipse
1752 3942 1834 3979 umes·

1050 4025 1090 4073 tur
1109 4038 1116 4073 s
1139 4024 1228 4073 etenim
1246 4023 1298 4073 duc
1321 4022 1435 4084 duplicati
1455 4022 1553 4083 pariunt
1570 4021 1674 4083 quatuor
1693 4030 1831 4069 numerum.

1050 4114 1111 4163 Tria
1124 4111 1192 4161 nullo
1205 4110 1328 4173 duplicato
1343 4112 1494 4160 nascuntur:
1513 4110 1566 4171 ipsa
1581 4107 1717 4169 duplicata,
1732 4106 1832 4169 pariunt

1049 4200 1169 4250 senarium
1189 4211 1330 4249 numerum.
1364 4200 1482 4256 Quntuor
1497 4209 1628 4257 numerus,
1645 4198 1670 4245 et
1687 4195 1789 4257 paribur,
1808 4196 1833 4244 st

1050 4286 1119 4347 parit.
1152 4284 1248 4333 Patitur
1264 4284 1361 4347 quidam
1373 4296 1388 4333 a
1400 4284 1437 4334 bis
1453 4284 1558 4346 duobus,
1577 4284 1641 4347 parit
1652 4285 1734 4333 autem
1751 4282 1833 4345 dupii-

1051 4376 1122 4423 cslus
1134 4373 1286 4423 octonarium
1298 4384 1436 4423 numerum.
1469 4376 1575 4423 Rursum
1588 4376 1706 4437 quinque
1718 4382 1834 4421 numerus

1050 4476 1064 4512 a
1079 4463 1146 4513 nulio
1158 4462 1265 4512 nascitur
1277 4462 1316 4511 bis
1331 4464 1464 4524 supputato
1479 4481 1485 4511 ι
1500 4462 1552 4524 ipse
1568 4464 1650 4512 snmus
1665 4461 1703 4510 bis
1714 4460 1833 4522 supputo·

1050 4554 1089 4601 tua
1103 4550 1166 4613 parit
1178 4549 1270 4599 decem.
1303 4552 1334 4599 El
1348 4548 1406 4598 item
1421 4560 1466 4597 ses
1475 4561 1604 4611 numerus,
1616 4548 1722 4597 nascitur
1735 4545 1833 4609 quidem

1050 4652 1082 4688 ex
1108 4638 1228 4700 duplicato
1251 4638 1372 4699 ternario,
1397 4636 1458 4699 peril
1476 4638 1558 4685 alitem
1582 4636 1645 4685 intra
1673 4622 1835 4685 decumanum

1051 4726 1152 4775 iimitem
1167 4728 1297 4775 nemiuem.
1332 4728 1446 4775 Octavus
1463 4724 1572 4774 nascitur
1591 4736 1629 4781 er¹
1640 4722 1679 4774 bis
1695 4722 1854 4785 supputatis.

1051 4819 1165 4875 quatuor,
1185 4815 1236 4875 ipse
1251 4813 1374 4863 neminem
1396 4813 1468 4875 parit.
1502 4816 1591 4863 Nonus
1616 4811 1722 4861 nmcitrn
1742 4822 1771 4861 ex
1798 4814 1835 4859 ter

1052 4903 1144 4962 tribus,
1155 4904 1204 4965 ipse
1216 4906 1298 4951 autem
1308 4902 1429 4952 neminem
1446 4902 1517 4965 pute.
1551 4904 1672 4952 Decimus
1683 4900 1788 4950 nascitur
1803 4910 1834 4949 ea

1052 4989 1173 5054 duplicato
1194 5002 1296 5053 numero
1319 4990 1439 5053 quinque,
1461 4991 1515 5053 ipse
1534 5002 1606 5053 porro
1624 4988 1745 5040 neminem
1762 4985 1834 5049 parit.

223 5079 273 5125 tem
292 5077 394 5139 primam
407 5078 602 5141 singularitatem
616 5091 713 5143 semper
723 5079 892 5142 posuerimus,
902 5079 927 5127 et
940 5077 1023 5126 dein·=
1053 5080 1138 5141 itaque
1149 5078 1264 5128 omnibus
1275 5078 1363 5141 partim
1382 5078 1551 5147 nascentibus,
1567 5077 1655 5142 partim
1672 5074 1835 5139 parientibus,

224 5178 281 5227 ceps
295 5167 547 5228 murmurandum
563 5168 772 5231 descriptionem:
789 5168 1006 5219 interbcsnome-
1054 5167 1140 5231 parlim
1167 5174 1191 5218 ct
1210 5166 1364 5218 nascentibus
1383 5170 1408 5219 ct
1422 5167 1589 5232 parientibus,
1605 5166 1672 5218 sotus
1690 5163 1839 5228 septenarius
