3959 5925
242 406 295 454 tiit
565 420 570 432 ·
931 389 1130 451 cuunclbll

232 529 298 577 alter
318 525 417 587 obliquo
432 528 534 574 circuitu
553 525 694 574 rotarentur.
713 526 757 574 ‘Et
773 523 898 573 exterioris
917 521 1015 584 quidem
1061 522 1147 570 animan
1159 519 1294 569 substantia
1306 526 1453 582 nasceretur,
1466 519 1591 582 aliquanto
1603 527 1657 584 post
1669 535 1741 574 omne
1754 538 1842 590 corpo-

237 613 321 666 circuti
335 615 441 674 motum,
454 612 573 673 Eundem,
589 609 652 674 quod
667 618 719 661 erat
730 610 837 672 eiusdem
852 613 946 661 naturae
957 623 1015 659 cen·
1061 621 1129 658 reum
1140 608 1204 657 intra
1214 612 1355 671 conseptum
1368 608 1421 669 eius
1431 608 1526 658 etbnxit
1536 626 1543 657 τ
1555 609 1709 674 mediumque
1720 615 1843 675 applicans

237 700 392 762 sanguineos,
405 698 581 762 cognominavit
604 717 611 747 a
635 697 754 748 interioris
770 698 867 757 autem,
883 695 1014 745 diversum.
1061 697 1146 746 mediae
1171 695 1336 746 modulamine
1356 699 1412 758 apto
1430 697 1537 757 turpabat.
1570 700 1602 746 lit
1620 699 1660 748 ille
1680 703 1842 764 complecteris

236 793 315 850 Αῑςυε
327 787 468 837 exteriorem
479 785 577 848 quidem
588 785 720 846 circulum,
730 797 801 846 quem
813 784 917 833 eundem
928 797 1017 845 cogno
1061 784 1114 833 creti
1134 783 1233 843 ultima,
1250 783 1444 846 circumtusaque
1465 783 1542 832 eidem
1563 786 1676 835 exteriori
1697 791 1843 852 complexu,

236 875 354 924 minatum
377 888 431 924 esse
452 874 572 939 diximus,
586 887 601 923 a
614 874 710 936 reginum
731 872 813 924 dextra
831 886 873 935 per
891 872 1015 922 sinistrum
1061 871 1219 935 operiensque
1238 871 1330 921 ambitu
1345 885 1405 931 suo,
1422 873 1522 934 ipsaque
1540 872 1564 921 in
1585 877 1661 923 semet
1682 881 1842 937 convertens⁴

237 964 298 1014 latus
308 976 385 1026 usqne
398 963 428 1012 ad
441 963 553 1013 dextrum
565 962 657 1013 intlexit
672 978 680 1011 .·
694 961 814 1012 diversum
827 974 898 1023 vero,
909 974 951 1024 per
962 961 1015 1010 dia·
1061 959 1166 1030 divinam
1181 960 1296 1022 originem
1309 960 1431 1020 auspicata
1443 964 1481 1009 est
1495 959 1621 1010 indelessa
1632 963 1807 1027 sapientisque,
1819 972 1843 1014 el

237 1058 341 1101 metrum
356 1051 386 1100 ad
401 1051 525 1100 sinistrum
539 1050 615 1112 latue;
628 1049 706 1099 eidem
719 1052 745 1100 et
759 1049 831 1098 simili
844 1049 878 1097 illi
896 1048 1016 1098 circnma·
1061 1049 1113 1099 sine
1134 1048 1322 1108 intermissione,
1337 1049 1402 1098 vitae.
1435 1051 1464 1096 ut
1483 1061 1570 1110 corpus
1588 1049 1686 1112 quidem
1704 1053 1773 1113 coeli,
1791 1055 1843 1103 slve

237 1139 309 1189 ctioni
324 1138 415 1187 virtute
429 1137 598 1200 pontificioque
613 1139 706 1186 rotatus
719 1137 785 1186 dato.
819 1140 896 1186 Unam
911 1137 1014 1199 quippe,
1062 1137 1156 1198 melodi,
1171 1136 1264 1186 visibile
1278 1137 1420 1186 factumest
1435 1156 1440 1184 ι
1454 1137 1505 1198 ipae
1516 1150 1574 1187 vero
1592 1138 1733 1198 invisibilis,
1745 1141 1843 1192 rationis

237 1229 265 1276 ut
277 1230 342 1288 erat,
355 1238 408 1275 earn
421 1227 445 1274 et
457 1225 583 1274 indivisam
601 1225 709 1286 reliquit3
721 1225 858 1274 interiorem
872 1237 930 1273 vero
946 1224 1017 1273 scidit
1061 1231 1151 1287 tamen,
1163 1230 1188 1276 et
1205 1227 1262 1276 item
1278 1225 1460 1288 modulaminis,
1476 1239 1585 1287 compos,
1600 1230 1694 1278 cunctis
1707 1230 1842 1281 visibilibus

236 1315 314 1366 sexies
329 1316 488 1377 :septemque
509 1314 614 1376 impares
632 1313 702 1363 orbes
729 1313 858 1363 lubricatur
876 1317 927 1375 est,
946 1313 1016 1373 iuxta
1062 1313 1448 1377 praestantioraprrestautissimo
1461 1317 1559 1365 anctore
1572 1315 1633 1365 lacu
1648 1321 1692 1366 est.
1725 1320 1759 1367 Ut
1772 1319 1843 1380 igitur

237 1398 304 1462 dupli
324 1401 349 1447 et
369 1398 434 1460 tripli
463 1398 538 1460 spatia
562 1398 705 1460 :orbesque
725 1398 790 1459 ipsos
818 1398 936 1447 contraria
959 1397 1015 1446 terri
1060 1412 1089 1448 ex
1105 1398 1212 1464 eiusdem
1233 1404 1257 1446 el
1277 1397 1365 1447 diversi
1391 1400 1476 1448 natrrra
1494 1412 1550 1448 cum
1571 1399 1674 1450 essentia
1689 1403 1771 1452 mixtis
1786 1417 1841 1453 coa·

223 1487 305 1548 ⁴iussit
323 1487 462 1549 sumbone.
493 1489 530 1534 Ex
546 1485 633 1548 quibus
653 1489 760 1547 septem,
775 1490 824 1532 tres
846 1482 943 1544 quidem
965 1485 1015 1544 pari
1061 1487 1180 1547 gmeutala
1203 1485 1304 1547 indigite
1327 1488 1410 1546 motu,
1433 1491 1458 1536 et
1483 1486 1615 1538 orbiculata
1642 1489 1796 1550 circuitione,
1816 1492 1842 1541 iu

236 1573 374 1634 velocitate;
387 1575 492 1638 quatuor
504 1585 576 1632 vero,
589 1573 614 1621 et
632 1570 797 1632 sibimetipsis,
808 1573 832 1620 et
844 1570 875 1638 ad
890 1583 1014 1632 compara·
1060 1575 1163 1638 seipsam
1177 1575 1311 1636 revertens,
1324 1587 1380 1624 cum
1392 1575 1497 1633 aliquam
1511 1576 1548 1626 vel
1560 1575 1720 1639 dissipabilem
1732 1579 1840 1629 substan·

236 1750 304 1800 motu
319 1750 439 1799 teruntur.
1061 1748 1180 1810 ejusdem,
1192 1749 1250 1810 quid
1264 1749 1296 1798 sit
1308 1745 1453 1809 individuae,
1463 1749 1521 1811 quid
1533 1749 1591 1798 item
1611 1749 1723 1814 diversae,
1736 1752 1840 1803 dissolu-

264 1835 280 1898 §
293 1841 328 1886 13.
341 1835 418 1896 igitur
430 1846 540 1896 cumpro
551 1833 674 1882 voluntate
685 1832 758 1893 patris
767 1836 856 1881 cuncta
870 1832 1016 1883 rationabilis
1061 1836 1164 1898 bilisque
1181 1839 1274 1886 naturae
1289 1856 1295 1886 ε
1317 1849 1449 1900 musasque
1467 1836 1592 1898 omnium,
1609 1851 1664 1902 quae
1684 1841 1841 1905 proveniunt,

236 2029 404 2109 κατέτεμνεν,
419 2026 500 2092 οὕτως
522 2026 573 2097 ἤδη
600 2035 652 2084 πᾶν
674 2022 867 2083 καταναλώκει.
908 2025 1014 2097 Ταύτην
1060 2032 1239 2109 ἡτῆςψυχῆς
1261 2027 1382 2097 ξύστασις
1401 2030 1551 2106 ἐγεγένητο,
1565 2030 1632 2106 μετά
1649 2036 1725 2091 τοῦτο
1743 2045 1795 2093 πᾶν
1809 2034 1841 2093 τὸ

235 2113 280 2182 οῦν
296 2119 344 2191 τὴν
358 2118 481 2186 ξύστασιν
496 2126 584 2175 πᾶσαν
604 2118 699 2186 διπλῆν
714 2115 783 2177 κατὰ
806 2120 888 2190 μῆκος
905 2117 1013 2197 σχίσας,
1060 2117 1233 2194 σωματοειδὲς
1249 2116 1318 2184 ἐντὸς
1336 2120 1415 2188 αὐτῆς
1432 2117 1591 2178 ἐτεκταίνετο
1608 2119 1653 2178 καί
1671 2118 1751 2196 μέσον
1768 2121 1837 2198 μέσῃ

235 2209 319 2288 μέσην
335 2208 398 2289 πρὸς
412 2209 494 2284 μέσην
508 2206 634 2286 ἑκατέραν
651 2206 777 2277 ἀλλήλαις
791 2196 843 2263 οἷον
856 2205 887 2282 χῖ
900 2205 1014 2284 προσύα·
1060 2203 1210 2282 ξυναγαγὼν
1226 2205 1434 2285 προσήρμοττεν.
1478 2204 1512 2266 Ἥ
1533 2208 1555 2263 δ’
1570 2208 1599 2264 ἐκ
1620 2207 1701 2284 μέσου
1716 2207 1780 2288 πρὸς
1794 2209 1838 2266 τὸν

233 2294 288 2354 λῶν
310 2296 480 2373 κατέκαμψεν
502 2298 538 2360 εἰς
560 2293 667 2364 κύκλον,
687 2291 801 2372 ξυνοίψας
823 2294 913 2358 αὐταῖς
926 2315 953 2349 τε
968 2292 1014 2350 καὶ
1059 2291 1171 2371 ἔσχατον
1190 2291 1297 2372 οὐρανὸν
1311 2291 1397 2372 πάντῃ
1417 2295 1592 2353 διαπλακεῖσα
1607 2294 1695 2376 κύκλῳ
1710 2321 1739 2355 τε
1760 2299 1836 2356 αὐτὸν

234 2383 362 2455 ἀλλήλαις
383 2384 410 2439 έν
429 2386 469 2461 τῷ
491 2379 650 2460 καταντικρύ
670 2384 717 2451 τῆς
733 2378 896 2459 προσῦολῆς,
913 2379 959 2437 καὶ
980 2383 1013 2456 τῇ
1059 2379 1151 2446 ἔξωθεν
1165 2378 1382 2460 περικαλύψασα,
1398 2380 1465 2452 αῦτη
1479 2405 1509 2440 τε
1532 2385 1557 2442 ἐν
1575 2386 1641 2463 αὑτῇ
1656 2383 1836 2464 στρεφομένη,

233 2468 303 2530 κατὰ
321 2469 402 2528 ταῦτά
420 2469 465 2528 καί
485 2471 511 2528 ἀν
530 2470 618 2548 ταύτῷ
631 2467 808 2546 περιαγομένῃ
823 2466 923 2538 κινήσει
938 2467 1012 2547 πέριξ
1059 2466 1129 2526 θείαν
1141 2467 1226 2547 ἀρχὴν
1242 2467 1339 2546 ἤρξατο
1354 2469 1489 2527 ἀπαύστου
1505 2473 1549 2528 καὶ
1564 2469 1689 2551 ἔμφρονος
1704 2473 1760 2550 βίου
1774 2475 1838 2552 πρὸς

234 2557 313 2624 αιἰτάς
334 2557 429 2628 ἔλαθε,
441 2557 489 2615 καί
506 2555 550 2614 τὸν
573 2555 620 2632 μέν
634 2554 699 2628 ἔξω,
713 2555 758 2613 τὸν
779 2554 803 2612 δ’
817 2553 886 2620 ἐντὸς
901 2555 1013 2614 ἐποιεῖτο
1032 2557 1035 2622 l
1058 2555 1103 2614 τὸν
1119 2555 1259 2632 ξύμπαντα
1277 2556 1381 2636 χρόνον.
1424 2559 1479 2616 Καὶ
1494 2559 1522 2616 τὸ
1538 2559 1585 2634 μὲν
1605 2559 1637 2630 δὴ
1652 2563 1731 2637 σῶμα
1746 2562 1837 2641 ὁρατὸν

232 2649 284 2705 τῶν
309 2643 423 2704 κύκλων.
466 2641 524 2714 Τὴν
541 2641 587 2719 μέν
608 2633 653 2701 οῦν
673 2641 723 2710 ἔξω
743 2641 825 2720 φοράν
850 2642 1012 2723 ἔπεφήμισεν
1058 2646 1168 2725 ούρανοῦ
1183 2645 1300 2724 γέγονεν,
1316 2645 1383 2715 αὐτὴ
1402 2645 1430 2704 δὲ
1451 2645 1560 2726 ἀόρατος
1582 2648 1641 2724 μέν,
1663 2650 1791 2725 λογισμοῦ
1810 2651 1836 2711 tl
1919 2668 1922 2678 '

232 2724 300 2792 εἶναι
317 2736 366 2803 τῆς
380 2733 475 2791 ταύτοῦ
491 2731 603 2813 φύσεως,
621 2730 669 2802 τὴν
691 2732 714 2788 δ’
729 2731 800 2797 έντθς
822 2733 869 2800 τῆς
890 2729 1010 2808 θατέρου.
1058 2732 1207 2812 μετέχουσα
1224 2732 1268 2792 καί
1285 2734 1410 2810 ἁρμονίας
1423 2735 1495 2814 ψυχὴ
1510 2739 1562 2794 τῶν
1579 2738 1678 2808 νοητῶν
1696 2735 1737 2792 ἀεί
1751 2759 1779 2794 τε
1793 2735 1837 2794 ὄν-

231 2820 289 2893 Τὴν
303 2822 349 2898 μέν
365 2822 397 2891 δὴ
409 2823 504 2878 ταύτοῦ
515 2819 584 2879 κατὰ
595 2816 710 2896 πλευράν
723 2817 767 2875 ἐπὶ
778 2815 849 2884 δεξιά
858 2817 1012 2896 περιήγαγε,
1057 2845 1120 2899 τιον,
1135 2821 1185 2880 ὑπὸ
1200 2825 1244 2880 τοῦ
1258 2820 1366 2901 ἀρίστου
1379 2821 1473 2901 ἀρίστη
1495 2821 1621 2900 γενομένη
1634 2826 1685 2881 τῶν
1703 2823 1839 2900 γεννηθέν·

231 2906 279 2979 τὴν
291 2908 319 2968 δὲ
334 2907 443 2987 θατέρου
457 2906 525 2966 κατθι
541 2906 678 2986 διάμετρον
694 2906 737 2963 ἐπ’
752 2904 885 2985 ἀριστεροί.
909 2906 1012 2986 Κράτος
1056 2933 1120 2971 τιον.
1162 2905 1225 2969 αιλτε
1239 2900 1282 2969 οῦν
1296 2911 1324 2968 ἐκ
1333 2911 1379 2981 τῆς
1390 2913 1484 2971 ταύτοῦ
1499 2911 1544 2969 καὶ
1558 2915 1605 2981 τῆς
1620 2911 1727 2992 θατέρου
1738 2909 1837 2987 φύσεως

233 2999 257 3056 δ’
273 2996 354 3057 ἔδωκε
377 3001 410 3074 τῇ
430 2999 528 3055 ταύτοῦ
548 2993 593 3053 καί
607 2994 698 3069 ὁμοίου
720 3004 856 3074 περιφορᾷ·
877 2994 939 3069 μίαν
960 2994 1011 3074 γάρ
1031 2995 1034 3087 J
1057 2996 1087 3055 έκ
1108 3020 1137 3055 τε
1160 2997 1249 3065 οὐσίας
1265 3001 1344 3077 τριῶν
1362 2996 1461 3057 τούτων
1480 3003 1656 3079 συγκραθεῖσα
1672 3002 1778 3077 μοιρῶν,
1793 3000 1837 3057 καὶ
1887 2989 1889 2995 ’

233 3083 315 3155 eia-dv
328 3083 454 3162 ἄσχιστον
466 3082 553 3155 eines,
565 3081 614 3153 τὴν
626 3083 649 3140 δ’
661 3081 730 3148 ἐντὸς
745 3080 838 3160 σχίσας
851 3081 935 3162 έξαχῇ
945 3083 1012 3141 irat
1031 3090 1033 3149 l
1056 3084 1107 3143 ἀνά
1121 3085 1198 3165 λόγον
1221 3086 1373 3163 μερισθεῖσα
1387 3086 1431 3145 καὶ
1451 3085 1616 3165 ξυνδεθεῐσα,
1632 3085 1698 3156 αὐτή
1720 3109 1748 3143 τε
1772 3092 1836 3145 ἀνα-

231 3170 342 3238 κύκλους
356 3169 458 3237 ἀνίσους
473 3168 541 3227 κατὰ
555 3169 603 3241 τὴν
618 3178 664 3232 τοῦ
677 3171 816 3230 διπλασίου
831 3173 877 3231 καί
896 3176 1008 3253 τριπλα·
1058 3171 1222 3248 κυκλουμένη
1233 3172 1297 3251 πρὸς
1307 3172 1568 3250 αῦτήν,ὅτανοῦσέαν
1578 3172 1723 3243 σκεδαστὴν
1736 3175 1839 3253 ἔχοντός
1887 3202 1893 3213 ·

231 3259 288 3318 σίου
300 3257 436 3317 διάστασιν
452 3256 576 3329 έκάστην,
592 3258 676 3317 οῦσῶν
691 3257 821 3338 ἑκατέρων
836 3263 925 3338 τριῶν,
941 3260 1010 3319 κατά
1055 3283 1125 3327 τινος
1143 3260 1292 3341 ἐφάπτηται
1314 3258 1360 3317 καλ
1374 3258 1435 3317 ὅταν
1451 3259 1600 3339 ἀμέριστον,
1612 3260 1681 3337 λέγει
1696 3260 1837 3335 κινουμένη

229 3337 356 3405 τάναντία
385 3345 433 3422 μὲν
458 3344 581 3416 ἀλλήλοις
602 3346 759 3425 προσέταξεν
788 3348 854 3407 ἴέναι
882 3346 941 3414 τοὺς
962 3346 1009 3407 κύ·
1057 3346 1099 3405 διὰ
1113 3347 1201 3416 πάσης
1216 3348 1323 3419 ἑαυτῆς,
1340 3345 1392 3423 ὅτῳ
1404 3349 1427 3404 τ’
1440 3346 1472 3403 ἀν
1486 3370 1511 3405 τι
1525 3347 1617 3405 ταύτὸν
1632 3338 1650 3425 ᾖ
1667 3345 1712 3404 καί
1729 3346 1788 3404 ὅτου
1804 3348 1837 3405 ἂν

229 3437 323 3508 κλους,
337 3435 415 3514 τάχει
430 3434 457 3492 δὲ
481 3443 550 3513 τρεῖς
568 3435 616 3510 μὲν
632 3436 740 3513 ὁμοίως,
754 3434 813 3502 τοὺς
835 3436 862 3493 δὲ
884 3436 1010 3518 τέτταρας
1056 3436 1155 3513 ἕτερον,
1171 3435 1235 3513 πρὸς
1248 3433 1271 3507 ὅ,
1286 3456 1312 3493 τι
1331 3458 1359 3494 τε
1374 3434 1490 3511 μάλιστα
1511 3436 1556 3493 καλ
1574 3434 1626 3515 ὅπῃ
1645 3433 1690 3493 καλ
1705 3436 1776 3503 ὅπως
1792 3438 1838 3494 καί

229 3524 353 3596 ἀλλήλους
368 3523 413 3582 καλ
428 3531 480 3590 τοῖς
500 3524 581 3603 τρισίν
600 3526 744 3600 ἀνομοίως,
761 3525 788 3582 έν
802 3522 872 3603 λόγῳ
891 3524 918 3582 δέ
931 3547 1009 3605 φερο-
1055 3522 1133 3583 θπύτε
1154 3520 1291 3599 ξυμύαίνει
1303 3522 1378 3585 ,κατά
1392 3522 1426 3581 τὰ
1441 3523 1581 3603 γιγνόμενά
1595 3546 1624 3582 τε
1639 3523 1703 3603 πρὸς
1725 3523 1837 3583 ἕκαστον

231 3611 332 3689 μένους.
1054 3611 1154 3671 ἕκαστα
1175 3602 1242 3671 εἶναι
1264 3612 1310 3669 καί
1331 3612 1446 3693 πάσχειν
1467 3612 1513 3670 καί
1536 3612 1600 3693 πρὸς
1614 3611 1649 3671 τά
1663 3610 1732 3670 κατά
1753 3612 1837 3670 ταῦτὰ

268 3703 334 3761 XX.
351 3704 368 3778 S
386 3711 430 3761 la.
445 3699 521 3761 Ἐπεί
533 3699 561 3759 δὲ
573 3700 642 3761 κατά
654 3706 712 3759 νοῦν
726 3704 763 3782 τῷ
774 3700 921 3771 ξυνιστάντι
935 3708 1011 3760 πᾶσα
1055 3700 1149 3781 ἔχοντα
1166 3700 1218 3761 ἀεί.
1261 3701 1345 3779 Λόγος
1359 3700 1387 3760 δὲ
1405 3700 1501 3761 ὁκατά
1520 3701 1614 3760 ταύτὸν
1633 3700 1731 3772 ἀληθὴς
1752 3704 1837 3779 γιγνύ·

229 3893 336 3957 nudique
347 3897 385 3943 est
395 3907 436 3944 eas
449 3896 639 3956 clrcumplexus.
673 3899 751 3959 Atque
765 3897 798 3946 ita
809 3910 886 3959 quum
907 3896 1009 3947 alterum
1056 3895 1151 3958 regione
1164 3895 1267 3946 rotundo
1279 3896 1371 3944 ambitu
1384 3893 1531 3957 circumiecit
1547 3908 1647 3958 maeque
1669 3895 1719 3957 ipse
1738 3908 1836 3945 versans

229 3985 326 4037 ῐοείοιοε
337 3986 489 4048 exteriorem,
504 3986 641 4037 interimens
653 3987 756 4037 alterum
772 3987 898 4051 amplexus
911 3986 1009 4048 orbem,
1054 3980 1166 4031 divinum
1178 3980 1332 4044 sempiternae
1345 3982 1507 4044 sapientisque
1522 3982 1578 4031 vitm
1593 3981 1689 4033 induxit
1699 3982 1834 4033 exordium.

229 4070 307 4132 illurn,
323 4069 431 4131 ejusdem
445 4075 552 4134 naturn3
566 4072 644 4133 bunc,
657 4072 756 4122 atterius
776 4074 908 4124 nominavit
922 4092 929 4124 ε
942 4084 1010 4123 erm·
1055 4071 1086 4118 ut
1105 4082 1194 4132 corpus
1211 4068 1309 4131 quidem
1321 4068 1373 4118 caeli
1393 4068 1537 4131 aspectabile
1552 4068 1665 4119 ellectum
1677 4071 1728 4130 est,
1742 4068 1836 4117 animus

228 4169 293 4219 que,
307 4170 363 4220 quae
376 4161 428 4207 eran
438 4158 554 4219 ejusdem,
571 4157 670 4208 detorsit
681 4172 696 4207 a
708 4158 779 4208 latere
794 4160 820 4207 in
832 4159 939 4209 dextram
952 4171 1008 4222 par-
1055 4158 1137 4207 antem
1149 4157 1276 4207 oculorum
1297 4156 1379 4218 elingit
1393 4156 1526 4207 obtutum.
1560 4159 1603 4207 Est
1620 4159 1700 4206 autem
1722 4168 1785 4205 unus
1805 4168 1834 4203 ex

228 4246 292 4295 tent:
304 4244 366 4294 banc
376 4246 456 4295 autem
465 4245 594 4295 citimama
604 4244 683 4295 media
695 4245 758 4295 linea
768 4245 855 4296 direxit
864 4245 1008 4295 adieram:
1056 4243 1168 4293 omnibus
1180 4244 1280 4294 rationis
1296 4244 1511 4307 concentionisque
1524 4244 1634 4307 (lipparis
1648 4242 1734 4305 graece)
1751 4244 1835 4303 sempi-

227 4332 270 4382 aed
283 4333 442 4397 principatum
455 4333 522 4385 dedit
533 4334 664 4398 superiori,
678 4348 750 4397 quam
767 4334 841 4383 solam
858 4334 1009 4384 individuam
1054 4334 1176 4381 minarum
1189 4342 1271 4380 rerum
1283 4336 1308 4381 et
1322 4330 1367 4379 snb
1381 4330 1563 4392 intelligentiam
1579 4330 1717 4381 cadentium
1739 4342 1838 4391 compos

228 4418 331 4483 reliquit.
363 4420 503 4472 Interiorem
515 4426 597 4473 annm
609 4435 685 4485 uuum
696 4421 722 4471 in
733 4434 774 4471 sex
787 4424 867 4484 partas
878 4421 1008 4485 divisisset,
1053 4420 1078 4468 et
1089 4419 1223 4482 particeps;
1237 4432 1286 4481 quo
1302 4418 1360 4467 ulbil
1373 4419 1403 4467 ab
1417 4419 1509 4482 optimo
1521 4422 1546 4469 et
1560 4417 1758 4482 praestantissimo
1773 4415 1837 4478 geni·

228 4508 321 4570 neptem
335 4508 408 4559 orbes
426 4508 534 4571 inpares
547 4506 622 4572 duplo
638 4512 664 4559 et
683 4510 756 4572 triplo
770 4508 898 4560 intervallo
914 4510 1007 4561 moveri
1055 4511 1108 4558 tore
1125 4506 1212 4557 melius
1233 4511 1382 4570 procreatum
1398 4525 1405 4557 ι
1420 4506 1507 4569 quippe
1523 4506 1565 4568 qui
1587 4519 1617 4557 ex
1639 4504 1722 4555 eadem
1742 4503 1838 4552 vinctus

228 4594 451 4658 iussit‚eontrariis
471 4597 570 4647 interae
583 4596 701 4647 cursibus.
733 4600 824 4649 Eorum
838 4601 920 4649 autern
936 4600 1009 4650 trium
1054 4597 1178 4659 alteraque
1198 4594 1421 4657 natura,adjuncta
1444 4595 1555 4658 materia,
1568 4594 1740 4658 temperatione
1762 4592 1837 4643 trium

228 4682 286 4734 lecit
300 4698 371 4749 pares
382 4684 514 4736 celeritates
527 4704 534 4735 τ
546 4685 587 4736 aed
599 4689 714 4749 quattuor
724 4689 750 4736 et
757 4686 818 4737 inter
829 4700 856 4737 se
864 4687 973 4750 dbpares
984 4690 1010 4738 et
1054 4685 1327 4749 partium‚proportiene
1341 4689 1490 4747 compactus,
1500 4696 1527 4734 se
1535 4684 1585 4747 ipse
1597 4694 1837 4746 conversans,quum

227 4771 356 4823 dissimiles
370 4774 442 4824 trium
455 4772 612 4837 rebqnorum.
627 4772 653 4837 [§
663 4773 711 4837 ts]
723 4775 836 4824 Animum
848 4774 920 4835 igilur
932 4788 1020 4838 quum,
1054 4773 1178 4831 mantiam
1192 4773 1332 4824 mutabilem
1345 4774 1446 4838 arripuit
1461 4776 1486 4825 et
1499 4785 1575 4836 quum
1590 4784 1675 4821 rursus
1687 4770 1838 4820 individuam

229 4858 270 4911 ille
288 4864 426 4923 procreator
444 4863 528 4913 mundi
550 4862 610 4912 deuo
629 4875 659 4913 ex
679 4876 722 4912 sua
739 4867 819 4912 mente
841 4867 866 4913 et
888 4864 1010 4913 voluntate
1053 4868 1126 4927 atque
1137 4864 1284 4927 simplicem,
1295 4877 1337 4928 per
1348 4878 1374 4914 ee
1385 4864 1465 4914 omnis
1476 4866 1587 4913 movetur
1594 4862 1764 4925 discernitque,
1775 4860 1834 4923 quid

229 4948 351 5010 amabam
369 4967 376 4999 ι
394 4952 447 4999 turn
467 4949 571 5013 denique
594 4963 680 5013 omne,
701 4950 766 5013 quod
787 4952 840 5001 erat
867 4953 1008 5001 concretum
1054 4952 1086 5001 sit
1098 4951 1207 5012 ejusdem
1218 4952 1318 5015 generis,
1329 4952 1387 5014 quid
1397 4951 1504 5014 alterius,
1517 4954 1541 5001 et
1552 4953 1629 5001 cetera
1641 4950 1766 5013 diiudicat,
1775 4947 1834 5010 quid

229 5037 304 5095 alme
315 5050 474 5101 corporeum,
489 5039 657 5090 substernebat
675 5039 756 5088 animo
769 5039 917 5102 interiusque
932 5040 1009 5089 tacie-
1053 5040 1141 5103 cuique
1159 5042 1192 5091 ret
1206 5040 1242 5090 sit
1255 5042 1357 5091 maxime
1365 5044 1458 5104 aptum,
1470 5039 1632 5103 quidquoque
1643 5040 1696 5088 luco
1710 5040 1753 5087 aut
1762 5036 1839 5086 modo

228 5125 270 5178 bat
286 5144 294 5177 τ
310 5122 428 5192 atqoeita
442 5129 521 5180 medio
536 5131 643 5181 medium
663 5130 849 5195 areommodans
870 5130 1007 5193 copulabat.
1053 5133 1096 5180 aut
1106 5132 1215 5192 tempore
1228 5130 1351 5193 contingat
1365 5142 1469 5193 qumque
1483 5128 1604 5178 distinctio
1616 5128 1647 5177 sil
1659 5128 1722 5177 inter
1735 5139 1772 5183 ea.
1782 5138 1840 5187 orlac

227 5212 267 5265 Sic
279 5212 486 5266 ammnaamedlo
495 5218 618 5280 proiectus
625 5218 803 5269 extremitatem
812 5218 1010 5281 caeliasuprema
1032 5252 1034 5255 -
1053 5218 1188 5289 gignantur,
1206 5219 1231 5269 et
1242 5230 1345 5282 eaquae
1364 5218 1413 5269 sint
1433 5228 1528 5281 semper
1545 5216 1636 5268 eadem
1670 5214 1739 5265 ilatio
1754 5216 1838 5264 autem
