3959 5925
201 316 204 321 ’
243 380 278 421 r.
400 402 404 409 .
433 305 439 309 ’
889 352 940 411 un
964 348 1206 411 rrrmoom

161 480 165 491 ¹
241 507 302 553 tum
318 492 429 551 rexisse
444 489 553 569 prodit,
580 487 658 547 haud
683 484 910 546 contemnendus
934 482 1026 541 Samii
1051 484 1056 511 ¹
1076 503 1135 541 non
1150 481 1242 557 magis
1254 480 1426 557 Pythagora
1435 499 1521 557 quam
1533 480 1658 539 aliorum
1673 480 1866 561 philosopho-

240 580 409 660 philosophi
422 596 571 639 successor
581 576 805 653 dogmatumque
814 573 877 651 ejus
887 572 1023 631 deiensor
1074 592 1139 631 rum
1157 571 1326 629 memoriam
1341 570 1529 648 amplissimis
1543 571 1738 628 monumentis
1755 590 1865 631 conse-

241 668 307 729 t'uit.
321 668 394 728 Sunt
407 667 460 744 qui
473 666 510 725 de
523 664 778 724 nominehominis
793 661 936 732 dubitent,
949 658 1028 737 quod
1051 688 1056 732 y
1076 660 1178 720 orarit.
1195 660 1326 735 Namque
1340 658 1492 717 serebatur
1506 658 1575 715 olim
1597 658 1664 735 ejus
1680 674 1870 718 commenta-

148 786 154 801 ·
241 770 298 815 tam
318 756 395 835 apud
408 752 603 813 lamblichum
616 772 703 832 quam
718 751 796 830 apud
809 749 954 807 Stobaeum
968 768 1024 805 va·
1075 750 1138 807 rius
1171 747 1208 805 de
1228 748 1353 805 musices
1390 745 1549 805 secundum
1587 746 1799 823 Pythagoricos
1829 764 1869 807 et

191 858 196 867 “
242 845 287 903 rie
311 843 460 903 scribitur.
494 841 567 901 Nam
597 842 629 901 in
662 838 833 900 melioribus
865 835 1026 895 lamblichi
1079 839 1284 897 Aristoxenum
1308 834 1492 906 differentia,
1517 854 1554 893 ex
1576 855 1635 912 quo
1659 836 1755 894 locum
1775 838 1869 895 affert

242 930 460 1011 exemplaribus
480 948 568 989 manu
581 931 707 990 exaratis
725 930 830 985 Aresas
848 925 1023 1003 appellatur,
1074 925 1259 1004 Porphyrius
1275 924 1312 981 ad
1331 923 1480 981 Ptolemaei
1498 923 1674 981 Harmonice
1690 925 1721 981 in
1735 922 1869 985 lllallisii

242 1021 274 1078 in
292 1020 358 1079 aliis
378 1019 552 1079 Oresander.
572 1018 712 1079 Similiter
731 1018 763 1075 in
782 1012 903 1092 optimis
918 1009 1027 1069 Stobaei
1074 1013 1161 1091 (lper.
1174 1026 1245 1071 tom.
1260 1010 1302 1068 lll
1316 1030 1345 1089 p.
1364 1031 1432 1081 aro,
1446 1028 1532 1087 quem
1548 1012 1580 1069 in
1599 1012 1771 1071 illustranda
1783 1016 1876 1072 Ari-
1930 1032 1939 1041 ·

242 1106 421 1166 membranis
436 1114 542 1166 Aresas
559 1117 691 1179 uocatur,
711 1104 743 1162 in
756 1099 930 1179 quibusdam
949 1098 1028 1157 lEsa·
1076 1101 1190 1159 stoxeni
1202 1098 1335 1158 doctrina
1343 1099 1487 1173 integrum
1500 1097 1653 1157 exhibebo.
1667 1100 1752 1181 llunc
1763 1115 1866 1160 autem

243 1214 302 1270 ras,
317 1197 349 1254 in
361 1196 511 1255 nonnullis
525 1192 628 1253 Isaras.
645 1191 704 1249 Nos
722 1193 842 1247 Aresam
860 1186 1029 1246 110111111ὼί-
1075 1206 1168 1266 prope
1179 1186 1289 1265 ubique
1303 1199 1419 1246 secutus
1436 1198 1499 1257 est,
1521 1187 1634 1246 etiamsi
1646 1208 1723 1268 saepe
1733 1210 1791 1249 11011
1806 1212 1869 1249 no-

244 1304 317 1343 mus.
341 1284 437 1354 Quum
464 1296 556 1341 autem
583 1279 763 1339 lamblichus
782 1278 813 1335 in
838 1277 888 1352 iis,
903 1296 968 1354 quae
990 1275 1028 1333 de
1075 1275 1177 1347 minat,
1195 1274 1368 1333 Ptolemaeus
1389 1274 1421 1332 in
1436 1274 1637 1348 Harmonicis;
1658 1278 1743 1354 cujus
1764 1280 1807 1337 rei
1822 1292 1870 1337 te-

243 1371 299 1429 boc
323 1372 472 1450 sapientiae
495 1370 614 1427 11001010
635 1368 733 1438 refert,
755 1365 962 1423 Nicomachum
977 1363 1044 1421 vel.
1076 1374 1148 1420 stem
1157 1360 1298 1419 habemus
1307 1360 1503 1439 Porphyrium
1512 1361 1739 1422 adPtolemaeum
1747 1386 1777 1444 p.
1792 1388 1868 1443 19¹·

244 1460 456 1530 Dicaearchum,
476 1459 666 1533 gravissimos
682 1469 828 1527 auctores,
845 1467 960 1512 secutus
971 1454 1026 1525 sit,
1075 1446 1156 1506 ldem
1176 1468 1244 1531 pag.
1266 1468 1319 1523 191
1340 1447 1446 1520 reiert,
1475 1448 1661 1509 Ptolcmaeum
1686 1452 1871 1531 plerumque

245 1550 361 1606 drasam
379 1548 465 1604 'circa
487 1546 690 1625 Olympiadem
714 1544 955 1621 septuagesimam
981 1542 1028 1599 vel
1075 1536 1324 1615 Pythagoreorum
1349 1536 1483 1611 vestigiis
1501 1537 1626 1612 ingredi.
1638 1538 1716 1597 Citat
1728 1560 1797 1599 vero
1812 1544 1872 1601 Di-

244 1635 322 1692 circa
343 1653 450 1692 annum
471 1633 733 1710 quingentesimum
758 1644 824 1689 ante
842 1630 911 1690 Chr.
926 1650 956 1691 11.
975 1630 1029 1687 110-
1076 1624 1158 1703 dymi
1169 1625 1278 1683 librum
1292 1631 1432 1704 praeterea
1446 1646 1477 1703 p.
1491 1646 1561 1703 209.
1577 1648 1634 1684 aro
1650 1641 1758 1689 etara.
1772 1631 1869 1709 Ejus·

245 1724 340 1781 ruisse
354 1722 560 1780 existimamus.
577 1719 702 1777 Unicum
717 1716 779 1795 ejus
801 1719 1029 1793 fragmenturne
1076 1712 1142 1771 dem
1167 1711 1228 1791 περ)
1254 1712 1416 1789 ὁμοιοτήτων
1439 1714 1579 1771 volumen
1610 1718 1737 1793 primum
1759 1720 1868 1779 laudat

246 1811 323 1870 libro
339 1811 376 1869 de
398 1809 643 1868 naturahominis
664 1811 696 1866 in
720 1804 838 1881 Eclogis
854 1806 941 1865 habet
961 1806 1030 1865 Sto·
1075 1820 1142 1877 pag.
1175 1821 1242 1857 210·
1267 1800 1349 1859 Adde
1370 1800 1449 1877 quod
1481 1801 1614 1861 Clemens
1641 1804 1867 1868 Alexandrinus

207 1928 208 1933 ¹
245 1898 336 1957 baeus.
361 1899 489 1975 Apparet
512 1916 547 1953 ex
571 1896 623 1953 illo
647 1896 713 1953 loco
738 1894 888 1953 Lucanum
909 1894 1027 1953 virtutis
1076 1887 1184 1948 Sltom.
1206 1887 1330 1965 lib.lp.
1349 1889 1416 1945 300.
1438 1888 1496 1963 309
1510 1901 1539 1945 et
1554 1888 1606 1947 lib.
1629 1890 1668 1949 lv
1689 1912 1719 1969 p.
1735 1893 1790 1951 503
1806 1896 1870 1953 Di·

246 1987 417 2061 magistrum
430 1986 470 2042 ita
482 1984 652 2043 disseruisse
664 1983 700 2041 de
716 1983 867 2041 hominum
888 1982 1027 2058 ingeniis,
1052 1974 1057 2077 )
1076 1980 1197 2056 dymum
1214 1979 1245 2036 in
1270 1976 1373 2035 libello
1395 1976 1432 2034 de
1456 1975 1652 2053 Pythagorica
1670 1979 1871 2059 philosophia

245 2086 278 2133 ut
302 2074 439 2151 inprimis
469 2073 559 2131 animi
586 2072 704 2130 humani
731 2085 863 2131 naturam
887 2071 1027 2147 viresque
1053 2082 1056 2129 t
1079 2074 1122 2147 (ἓν
1148 2076 1186 2149 τῷ
1213 2069 1273 2150 περὶ
1293 2071 1478 2147 Πυθαγορικῆς
1509 2071 1677 2151 φιλοσοφίας)
1707 2091 1864 2134 memorat.

246 2162 427 2240 patefaceret.
443 2160 469 2217 Τ
471 2180 516 2219 res
541 2180 612 2217 vero
634 2161 723 2218 animi
748 2173 845 2238 partes
858 2178 922 2217 esse
945 2159 1026 2229 vult,
1076 2159 1132 2218 Sed
1147 2158 1293 2217 uberrime
1306 2158 1455 2236 Didymus
1466 2158 1503 2215 de
1519 2158 1760 2238 philosophorum
1778 2164 1870 2223 santi-

246 2260 381 2319 mentem,
397 2249 583 2326 cupiditatem
595 2261 623 2306 ct
637 2248 829 2318 iracundiam,
844 2266 966 2325 quarum
984 2246 1032 2304 in·
1076 2248 1126 2305 liis
1139 2246 1310 2325 disputavit.
1323 2246 1423 2324 Neque
1436 2246 1513 2304 enim
1528 2261 1571 2304 est
1584 2266 1621 2305 ex
1634 2248 1768 2308 omnibus
1784 2272 1871 2327 quos

164 2346 168 2353 '
200 2342 205 2349 ”
247 2350 292 2395 ter
309 2356 339 2395 se
350 2336 592 2395 necessitudinem
606 2337 741 2414 explicat.
1053 2290 1057 2404 l
1077 2334 1215 2392 novimus
1235 2334 1382 2411 Didymis,
1399 2334 1445 2391 cui
1468 2334 1566 2411 potius
1581 2336 1709 2411 assignes
1722 2356 1865 2413 magnum

290 2430 426 2481 Arirtceus
440 2426 503 2484 sire
517 2431 675 2495 Aristoeon,
702 2424 913 2502 Demophontis
936 2424 1028 2495 filius,
1077 2421 1151 2479 illud
1160 2422 1523 2499 opusclcplt'ilosophorum
1534 2430 1613 2478 sectis
1626 2442 1643 2479 c
1658 2426 1749 2482 variis
1761 2441 1870 2485 aucto·

248 2512 442 2584 Crotoniates,
455 2511 628 2588 Pythagorae
637 2531 784 2569 successor
795 2524 822 2569 et
838 2530 925 2587 gener
937 2512 1029 2588 (103),
1077 2508 1160 2567 ribus
1168 2521 1335 2586 excerptum
1347 2522 1432 2585 atque
1442 2528 1459 2565 a
1469 2507 1583 2566 Stobaeo
1591 2512 1758 2583 lectitatum,
1772 2534 1868 2591 quarn

248 2601 351 2659 conica
363 2600 480 2679 scripsit
494 2614 522 2657 et
534 2600 664 2678 quinque
674 2599 767 2658 libros
788 2600 824 2657 de
840 2601 912 2657 locis
927 2601 1031 2660 solidis
1078 2598 1103 2655 is
1126 2597 1162 2655 de
1186 2617 1244 2674 quo
1262 2594 1312 2654 hic
1335 2598 1491 2655 disseritur
1513 2596 1724 2674 Pythagoreus.
1755 2606 1869 2660 Verum

251 2706 374 2765 quorum
392 2688 524 2745 meminit
534 2687 652 2765 Pappus
674 2688 760 2746 initio
781 2685 900 2747 lib.V1l
916 2686 1028 2744 collect.
1077 2685 1186 2762 duplex
1201 2684 1256 2743 luit
1270 2686 1369 2761 operis
1389 2685 1562 2763 inscriptio,
1580 2687 1724 2763 siquidem
1738 2688 1775 2745 ab
1790 2691 1868 2750 aliis

246 2776 381 2835 mathem.
398 2778 494 2853 iisque
506 2794 590 2833 usum
604 2776 693 2833 fuisse
703 2774 850 2833 Euclidem
863 2778 963 2833 auctor
975 2788 1030 2836 est.
1077 2777 1112 2829 de
1126 2780 1206 2830 sectis
1227 2772 1306 2853 (περὶ
1320 2772 1461 2852 αἱρέσεων)
1485 2775 1575 2852 (106),
1589 2774 1626 2833 ab
1648 2778 1714 2834 aliis
1735 2781 1871 2853 Epitome

246 2864 489 2933 Porrodeanima
498 2866 580 2922 illum
589 2864 720 2941 quaedam
734 2874 954 2922 commentatum
967 2882 1031 2922 csse
1078 2859 1304 2922 inscribebatur.
1333 2862 1399 2931 Quo
1425 2864 1530 2921 sactum
1554 2876 1597 2921 est
1620 2877 1653 2921 ut
1675 2865 1809 2926 Stobaeus
1831 2873 1867 2928 in

248 2967 328 3012 notat
342 2952 521 3012 Claudianus
534 2952 690 3011 Mamertus
712 2953 748 3011 de
762 2967 834 3011 statu
856 2954 959 3011 animae
974 2950 1027 3011 lib.
1078 2950 1213 3027 Florileg.
1232 2950 1312 3023 Clll,
1329 2952 1364 3008 18
1379 2951 1500 3029 Didymi
1525 2952 1716 3027 fragmentum
1735 2975 1771 3013 ex
1784 2957 1868 3036 Epi-

248 3041 277 3098 ll
293 3061 357 3118 cap.
377 3062 434 3119 7p.
453 3043 519 3097 1116.
538 3041 672 3116 Denique
686 3060 752 3104 eum
765 3042 801 3099 de
814 3040 967 3097 harmonia
976 3061 1031 3096 vo·
1078 3055 1153 3099 tome
1175 3053 1369 3120 proponeret,
1394 3041 1445 3099 sed
1470 3054 1502 3099 ut
1524 3041 1625 3116 Eclog.
1645 3042 1699 3102 lib.
1716 3043 1743 3100 ll
1758 3065 1825 3123 cap.
1848 3071 1862 3104 1

248 3131 346 3188 lumen
359 3129 557 3204 composuisse
566 3127 706 3185 discimus
718 3147 734 3184 e
744 3127 857 3185 Stobaeo
870 3129 921 3205 qui
932 3129 1028 3186 locum
1076 3129 1172 3188 locum
1186 3149 1202 3186 e
1214 3129 1370 3187 volumine
1383 3127 1420 3185 de
1435 3129 1520 3187 sectis
1529 3129 1683 3206 proferret.
1699 3135 1794 3204 Quum
1808 3155 1871 3192 au-

248 3215 318 3273 inde
342 3227 508 3292 excerptum
534 3214 570 3272 de
595 3215 697 3273 mundi
716 3215 874 3273 eternitate
897 3217 1030 3273 servavit.
1077 3228 1133 3272 tem
1145 3215 1336 3289 fragmentum
1347 3215 1522 3293 chpitome
1531 3219 1750 3286 sumtumsimul
1761 3222 1868 3282 inlon·

247 3305 356 3381 Nempe
362 3303 566 3380 Pythagoricis
578 3302 781 3362 harmoniaest
792 3322 886 3361 rerum
902 3317 1031 3382 aspecta·
1052 3327 1056 3376 )
1077 3304 1194 3378 gissimo
1204 3303 1375 3379 Eclogarum
1387 3305 1481 3382 capite
1490 3305 1568 3382 (107)
1579 3305 1615 3362 de
1623 3308 1871 3385 moralipbiloso-

248 3391 352 3449 bilium
372 3389 444 3447 ordo
459 3409 544 3467 quem
557 3409 712 3468 perennem
725 3410 789 3449 esse
802 3390 917 3463 debere,
940 3413 1031 3468 quum
1077 3389 1147 3466 phia
1161 3403 1305 3462 occurrat,
1322 3389 1374 3448 ubi
1389 3391 1635 3462 Academicorum,
1649 3393 1819 3453 Stoicorum
1833 3415 1870 3458 et

248 3481 336 3550 Deus,
353 3491 449 3535 motor
463 3478 608 3550 universi,
625 3481 687 3555 ipse
699 3491 823 3536 aternus
835 3479 883 3548 sit,
899 3478 1032 3557 disputa·
1076 3477 1338 3556 Peripateticorum
1357 3478 1515 3557 disciplina
1536 3480 1693 3558 exponitur
1716 3494 1804 3559 atque
1830 3487 1868 3544 in

249 3567 327 3625 tione
350 3566 401 3626 illa
426 3567 568 3625 Aristaeon
591 3565 717 3626 efficere
744 3568 849 3627 studet.
876 3569 1031 3628 Contendit
1077 3565 1172 3624 media
1197 3567 1363 3642 dogmatum
1386 3566 1585 3644 Peripateticae
1608 3567 1712 3625 scholae
1732 3569 1864 3646 explicas-

248 3656 324 3712 enim
342 3655 404 3712 steri
421 3673 568 3732 nunquam
583 3656 723 3732 potuisse,
739 3669 771 3714 ut
787 3657 862 3714 Deus
876 3677 1030 3734 procreare
1076 3654 1155 3712 tione
1166 3653 1286 3730 Didymi
1297 3653 1388 3711 verba
1396 3654 1543 3728 leguntur,
1557 3667 1634 3712 recte
1643 3658 1742 3714 statuit
1754 3656 1867 3718 lleere·

249 3742 388 3800 mundum
404 3745 563 3820 inciperet,
580 3745 649 3821 quia
672 3763 746 3821 opus
769 3743 946 3802 laboriosum
974 3745 1012 3801 sit
1019 3791 1029 3822 ,
1077 3744 1154 3814 nius,
1164 3763 1222 3799 non
1232 3742 1323 3799 solum
1334 3743 1409 3800 hanc
1420 3743 1505 3800 istius
1517 3743 1736 3821 capitispartem
1745 3763 1868 3823 quaest

249 3828 332 3887 labor
348 3843 442 3886 autem
456 3831 487 3888 in
499 3831 591 3890 Deum
608 3853 666 3890 non
679 3831 769 3889 cadat.
780 3829 824 3888 lta
839 3849 949 3908 eaquae
964 3846 1032 3891 sunt
1077 3832 1112 3887 de
1127 3830 1344 3908 Peripateticis,
1359 3829 1409 3888 sed
1429 3843 1521 3887 totum
1533 3844 1620 3907 caput
1630 3831 1710 3907 quod
1724 3831 1865 3894 Stobeeus

251 3935 374 3993 quaeque
384 3931 542 3975 cernuntur
552 3933 655 3978 cuneta
665 3940 723 3976 non
738 3937 799 3976 esse
810 3907 909 3976 subito
922 3933 1029 3993 creata,
1075 3918 1156 3975 nullo
1165 3930 1283 3975 auctore
1297 3919 1386 3977 citato
1395 3917 1511 3993 Eclogis
1525 3919 1586 3976 suis
1600 3919 1725 3978 inseruit
1733 3921 1868 3999 Didymo

249 4003 298 4062 sed
312 4007 485 4081 sempiterna
498 4025 656 4084 eorumque
669 4006 700 4063 in
715 4005 795 4063 omni
812 4005 968 4063 eternitate
982 4027 1030 4064 ra·
1075 4025 1138 4064 esse
1157 4006 1394 4082 adjudicandum.
1425 4009 1462 4065 m
1487 4008 1565 4082 quod
1588 4007 1665 4065 idem
1690 4011 1739 4066 vir
1756 4010 1866 4073 doctus

250 4108 308 4150 tum
321 4093 590 4172 immutabilemque
606 4095 748 4153 ordinem.
767 4093 908 4151 Ceterum
928 4098 1031 4154 necui
1076 4095 1238 4169 suspicatur
1254 4093 1291 4150 ad
1304 4093 1400 4169 Eclog.
1415 4093 1511 4153 lib.·ll
1526 4113 1590 4171 cap.
1609 4115 1621 4150 1
1641 4115 1671 4172 p.
1692 4095 1738 4166 15,
1760 4097 1866 4175 Didy-

249 4181 355 4238 mirum
376 4182 522 4255 videatur,
541 4183 619 4260 quod
635 4195 776 4261 quatenus
800 4182 931 4240 divinum
955 4183 1030 4243 illud
1077 4201 1155 4240 mum
1179 4182 1308 4240 Platonis
1330 4181 1493 4240 imitatione
1512 4182 1664 4259 scripsisse
1686 4182 1863 4260 dialogum,
1905 4216 1909 4223 ·

248 4271 428 4348 principium
453 4273 552 4330 omnia
565 4291 601 4329 ex
626 4292 656 4330 se
677 4273 742 4349 ipso
768 4284 882 4342 moveat
907 4271 1032 4329 Aristaeo
1075 4270 1144 4346 quia
1152 4271 1428 4347 personaruminter
1444 4272 1709 4348 secolloquentium
1723 4275 1863 4349 quaedam

245 4357 347 4434 judice
370 4374 472 4416 natura
492 4361 610 4432 dicitur,
635 4359 789 4417 tenendum
804 4373 861 4432 est,
879 4359 1031 4437 haudqua·
1076 4358 1119 4417 ibi
1133 4360 1256 4435 vestigia
1270 4373 1428 4438 appareant
1444 4381 1450 4416 :
1464 4359 1562 4418 inhoc
1575 4361 1602 4418 ei
1614 4379 1798 4437 nequaquam
1814 4383 1866 4422 as·

249 4466 335 4522 quam
351 4467 448 4506 rerum
460 4461 619 4506 creatarum
634 4447 848 4506 multitudinem
861 4460 890 4506 et
903 4449 1030 4508 varieta-
1076 4449 1227 4507 sentimur.
1255 4447 1355 4524 Neque
1373 4448 1451 4506 enim
1473 4447 1509 4505 ad
1530 4468 1592 4506 eam
1609 4449 1732 4507 formam
1756 4463 1867 4511 caetera

250 4513 511 4612 temintelligi,sed
520 4548 650 4595 naturam
662 4550 795 4593 aeternam
805 4548 891 4614 atque
901 4536 938 4594 ab
949 4537 1030 4596 omni
1051 4522 1054 4633 )
1078 4550 1145 4594 sunt
1169 4557 1233 4613 quae
1255 4555 1291 4594 ex
1314 4536 1369 4594 ista
1399 4535 1548 4614 sapientiae
1568 4536 1697 4595 doctoris
1721 4536 1867 4615 Epitome

248 4625 432 4683 concretione
449 4626 564 4683 mortali
586 4639 779 4700 segregatam,
803 4644 888 4702 quam
908 4624 1030 4684 Eleatici
1052 4640 1054 4649 ·
1075 4643 1225 4702 superesse
1257 4622 1344 4682 uobis
1371 4643 1541 4700 persuasum
1567 4637 1622 4683 est.
1658 4625 1758 4683 Potuit
1786 4647 1866 4687 sane

248 4714 322 4770 entis
337 4714 456 4771 nomine
470 4714 628 4772 affecerunt
649 4714 739 4789 (101).
1076 4712 1220 4788 Didymus
1234 4713 1265 4769 in
1275 4726 1356 4789 parte
1371 4713 1468 4790 operis
1484 4713 1593 4772 imitari
1604 4713 1756 4771 Platonem
1773 4717 1866 4792 prin·

288 4802 425 4872 Didymus
438 4800 651 4879 Pythagoreus,
663 4801 788 4859 Neronis
800 4801 920 4876 aequalis
933 4801 1029 4881 (105),
1051 4850 1054 4861 ,
1077 4802 1215 4877 cipesque
1235 4800 1374 4859 doctrinae
1396 4821 1460 4859 cum
1482 4801 1635 4880 discipulis
1657 4803 1868 4879 colloquentes

281 4969 716 5034 (100)]01111111011111001101111105.
734 4974 1031 5036 000.30.-(101)111110
1051 4996 1054 5045 ξ
1073 4987 1157 5036 garum
1170 4974 1272 5024 Joanuis
1290 4976 1379 5026 Stobai
1397 4977 1453 5026 vol.
1473 4973 1507 5026 lv
1523 4991 1548 5039 p.
1563 4982 1617 5028 101.
1636 5003 1667 5014 -—
1683 4977 1750 5039 (100)
1769 4978 1806 5026 sic
1820 4978 1864 5027 le·

248 5037 479 5159 disputationetpqp¹
493 5041 636 5092 Parmenide
651 5042 741 5092 Pullos.
752 5044 831 5092 Grae.
844 5045 939 5106 Fragm.
956 5045 1030 5095 1011
1050 5050 1054 5106 ξ
1073 5045 1179 5129 gendum
1200 5059 1258 5095 cum
1278 5048 1406 5110 [locterio.
1429 5049 1519 5112 reiecta
1535 5051 1650 5100 codicum
1666 5050 1786 5112 scripture
1803 5053 1866 5112 περὶ

248 5113 344 5244 apg).
354 5123 538 5230 ὃνηιῐ11ο110011011
550 5183 780 5234 commentationem
790 5184 820 5234 de
835 5183 943 5234 lontibus
955 5186 1027 5236 Eulo-
1049 5110 1054 5216 l
1073 5119 1268 5249 “lem-m
1283 5189 1365 5252 Eclog
1378 5189 1451 5242 tiuu
1466 5203 1521 5253 cap.
1536 5196 1551 5242 7
1565 5203 1591 5253 p.
1608 5195 1720 5256 311000.
1734 5189 1773 5240 ed.
1791 5193 1864 5242 tiee-
