3959 5925
550 384 720 459 EJUSQUE
739 383 954 445 DISCIPULIS
975 384 1026 443 ΕΤ
1045 382 1355 445 successoribus
1560 370 1566 379 ⁶
1737 405 1757 445 r

147 508 521 584 nonienta.Sedantequam
534 510 564 564 in
575 508 687 566 ltaliam
697 508 931 586 proficisceretur
978 506 1206 582 magnitudines,
1244 506 1399 564 intervalla
1426 506 1613 584 perquirere,
1643 509 1696 585 qui
1725 510 1757 568 in

147 598 374 673 doctrinamque
389 613 469 654 suam
485 594 522 653 ad
538 614 720 653 communem
734 596 840 652 civium
852 595 932 653 utili·
977 595 1158 672 animalium,
1168 594 1483 673 plantarum‚lapidnm
1492 596 1659 670 cognitione
1672 617 1758 658 omne

150 700 239 745 tatem
266 695 469 760 expromeret,
498 682 651 759 repudiato
681 682 844 740 honorifico
874 702 932 759 quo
979 695 1092 761 tempus
1116 697 1267 741 conterere
1298 681 1449 754 solebant,
1475 683 1526 761 qui
1549 683 1675 760 denique
1698 700 1756 745 tam

148 775 266 852 priores
288 770 336 829 usi
361 782 443 828 erant
459 772 595 845 sapientis
616 771 735 827 nomine
749 772 782 827 in
806 770 933 828 Phliasio
977 770 1092 845 singula
1108 790 1197 855 quam
1223 772 1359 828 universa
1382 770 1609 848 contemplantes
1624 774 1757 833 omnium

149 879 305 937 sermone,
333 859 538 936 philosophum
573 877 620 929 se,
649 857 680 915 id
703 871 763 934 est,
786 862 933 935 sapientiae
978 876 1044 933 quae
1056 870 1173 937 aspectu
1189 857 1355 915 sentiuntur
1374 877 1475 915 causas
1496 859 1596 916 animo
1624 881 1760 939 compre·

150 950 313 1008 studiosum
336 945 486 1023 professus
507 957 558 1013 est,
578 970 591 996 «
609 943 716 1002 Ferunt
729 948 807 1003 enim
823 945 933 1021 Pytha·
979 944 1106 1003 bendere
1120 944 1308 1019 conabantur,
1321 944 1375 1003 bos
1389 946 1565 1022 potissimum
1580 946 1760 1024 Pythagoras

150 1057 251 1113 goram
273 1032 334 1115 (30)
350 1032 518 1090 Phliuntem
543 1034 654 1090 venisse
672 1043 780 1090 etcum
805 1031 931 1105 Leonte,
980 1033 1170 1115 philosophos
1183 1034 1372 1111 appellandos
1386 1053 1448 1106 esse
1461 1034 1625 1093 arbitratus
1641 1050 1694 1095 est.

149 1124 346 1183 Phliasiorum
361 1120 509 1199 principe,
525 1118 610 1176 docte
624 1132 652 1176 et
667 1122 787 1196 copiose
802 1120 934 1195 quaedam
1021 1122 1159 1180 llomines
1181 1122 1316 1192 scientias¹
1330 1118 1452 1199 cupidos
1472 1142 1531 1180 non
1545 1137 1644 1181 omnes
1661 1126 1694 1181 in
1714 1127 1760 1184 di·

149 1211 333 1270 disseruisse.
364 1205 456 1284 Cujus
487 1206 638 1281 ingenium
678 1219 706 1265 et
740 1206 934 1285 eloquentiam
979 1210 1159 1286 scipulorum
1182 1228 1335 1267 numerum
1360 1208 1537 1288 recipiebat,
1551 1211 1603 1268 sed
1624 1231 1699 1288 quos
1724 1215 1760 1272 ad

149 1320 240 1378 quum
256 1299 420 1357 admiratus
434 1307 506 1353 esset
530 1292 622 1362 Leon,
640 1296 808 1372 quaesivisse
831 1316 867 1354 ex
881 1316 932 1369 eo,
979 1295 1196 1374 philosophiam
1221 1298 1451 1374 pertractandam
1475 1311 1561 1375 atque
1584 1300 1619 1357 ad
1642 1302 1762 1360 celanda

151 1408 211 1465 qua
239 1388 367 1445 maxime
393 1396 454 1444 arte
474 1380 655 1441 confideret:
682 1395 710 1439 at
728 1383 831 1457 illum,
845 1398 933 1442 artem
980 1384 1044 1461 ejus
1059 1386 1197 1461 mysteria
1211 1385 1333 1443 idoneos
1348 1384 1518 1462 judicasset.
1535 1385 1609 1456 Nam
1632 1390 1760 1465 primunr

150 1477 271 1554 quidem
298 1494 328 1532 se
354 1476 430 1532 scire
454 1470 580 1542 nullam,
621 1470 672 1529 sed
705 1490 767 1529 esse
806 1474 935 1549 philoso-
979 1490 1016 1529 ex
1030 1492 1080 1530 ore
1094 1485 1123 1530 et
1135 1472 1219 1530 vultu
1231 1492 1263 1529 ac
1273 1473 1361 1530 totius
1370 1475 1500 1550 corporis
1510 1472 1611 1532 habitu
1620 1474 1761 1551 juvenum

150 1564 243 1641 pbum
257 1560 328 1641 (dil.
348 1558 530 1617 Admiratum
548 1556 684 1615 Leontem
701 1552 859 1617 novitatem
879 1578 932 1635 nq·
980 1561 1130 1638 sapientiae
1150 1558 1295 1617 desiderio
1317 1560 1500 1634 flagrantium
1516 1562 1711 1638 conjecturam
1725 1564 1761 1623 de

152 1652 264 1721 minis,
303 1646 486 1725 quaesivisse,
530 1648 654 1721 quinam¹
675 1658 770 1705 essent
806 1646 935 1721 philosn·
980 1664 1081 1704 eorum
1096 1659 1198 1705 natura
1211 1658 1240 1703 et
1254 1645 1386 1703 moribus
1402 1645 1540 1721 faciebat,
1560 1648 1666 1707 deinde
1687 1672 1762 1728 qnos

154 1737 207 1816 phi
231 1734 352 1813 etquid
378 1734 526 1791 intereos
555 1746 584 1796 et
615 1734 743 1809 reliquos
770 1738 933 1807 interesset3
981 1733 1132 1809 probasset
1144 1735 1176 1791 in
1188 1734 1366 1792 consortium
1377 1747 1519 1793 assumtus
1529 1749 1637 1793 oenum
1649 1749 1762 1818 tempus

154 1825 346 1901 Pythagoram
378 1833 472 1879 autem
496 1822 696 1896 respondisse,
721 1822 845 1881 similem
875 1823 934 1882 sibi
981 1824 1080 1880 tacere
1096 1822 1225 1895 jubebat.
1239 1821 1338 1898 Neque
1352 1822 1429 1879 enim
1450 1823 1586 1882 omnibus
1601 1827 1696 1902 idem,
1712 1829 1763 1886 sed

153 1913 247 1972 videri
269 1916 356 1969 vitam
373 1908 545 1979 bominum,
570 1920 600 1966 et
621 1922 777 1967 mercatum
796 1930 862 1968 eum
885 1914 936 1988 qui
981 1910 1048 1968 aliis
1062 1910 1142 1968 aliud
1168 1910 1279 1967 tacendi
1307 1922 1419 1986 tempus
1444 1931 1498 1987 pro
1514 1911 1654 1970 aestimato
1677 1929 1763 1991 captu

151 2003 311 2059 baberetur
335 1997 463 2054 maximo
490 1995 627 2053 ludorum
656 2011 812 2075 apparatu,
845 2000 935 2057 totius
982 1997 1119 2056 sollertiae
1139 1996 1379 2056 constituebatur.
1397 1997 1425 2056 ls
1446 2011 1540 2056 autem
1562 2002 1613 2076 qui
1635 2000 1763 2078 tacebat,

151 2090 275 2148 Graeciae
294 2085 472 2145 celebritate.
489 2087 560 2141 Nam
576 2096 609 2141 ut
621 2084 683 2141 illic
698 2084 748 2141 alii
765 2084 936 2163 corporibus
982 2104 1047 2160 quae
1071 2086 1108 2143 ab
1132 2087 1198 2148 aliis
1223 2087 1320 2163 iisque
1340 2086 1568 2164 sapientioribus
1594 2087 1765 2148 dicebantur

151 2176 320 2236 exercitatis
334 2174 456 2249 gloriam
472 2184 501 2231 et
515 2152 700 2229 nobilitatem
717 2191 834 2252 coronae
856 2188 934 2251 pete·
982 2172 1135 2247 audiebat,
1151 2174 1214 2252 ipse
1229 2192 1323 2250 neque
1339 2174 1544 2250 percontandi,
1560 2176 1699 2252 siparum
1717 2179 1763 2236 in·

153 2276 218 2321 rent
226 2306 235 2335 ,
254 2262 307 2323 alii
324 2260 442 2317 emendi
461 2270 512 2316 aut
526 2256 672 2316 vendendi
685 2271 798 2334 qnaestu
811 2271 840 2315 et
853 2258 936 2318 lucro
982 2261 1142 2337 tellexerat,
1151 2280 1245 2339 neque
1254 2262 1392 2319 exarandi
1402 2261 1606 2338 quaeaudierat
1617 2263 1765 2322 licentiam

150 2350 340 2419 ducerentur,
357 2358 430 2407 esset
444 2358 538 2403 autem
553 2344 699 2422 quoddam
715 2350 934 2420 geneseorum,
983 2364 1139 2409 assecutus.
1158 2350 1320 2426 Caeteroqui
1343 2350 1497 2409 minimum
1519 2350 1631 2407 tacendi
1654 2364 1766 2430 tempus

154 2438 245 2514 idque
255 2436 434 2493 velmaxime
444 2435 732 2513 ingenuum,quinec
743 2432 875 2509 plausum
884 2454 937 2492 nec
984 2436 1040 2496 fuit
1057 2437 1224 2509 biennium,
1250 2440 1407 2495 maximum
1434 2438 1666 2515 quinquennium
1690 2439 1764 2519 (32).

156 2526 271 2583 lucrum
295 2534 473 2599 quaererent,
489 2522 539 2579 sed
558 2520 673 2579 visendi
693 2538 779 2578 causa
803 2522 937 2579 venirent
984 2525 1215 2586 Nominahantur
1236 2545 1308 2584 vero
1329 2525 1525 2584 adolescentes
1550 2528 1627 2583 intra
1653 2529 1766 2586 tacendi

157 2612 345 2686 studioseque
357 2610 571 2687 perspicerent,
595 2605 668 2684 quid
687 2620 819 2682 ageretur
831 2621 860 2665 et
879 2629 938 2686 quo
984 2613 1180 2690 audiendique
1202 2624 1313 2691 tempus
1337 2612 1528 2687 ἀκουσματικοί
1541 2612 1588 2670 vel
1604 2614 1766 2676 ἀκουστικοί.

158 2698 246 2756 modo
259 2719 266 2753 ε
278 2700 347 2754 item
356 2696 501 2772 nosquasi
511 2697 543 2752 in
553 2706 694 2752 mercatus
705 2694 849 2771 quandam
861 2696 938 2755 cele·
985 2702 1023 2758 ht
1043 2700 1111 2778 uhi,
1125 2700 1205 2777 quod
1224 2700 1355 2757 omnium
1379 2700 1586 2757 difficillimum
1602 2714 1659 2773 est,
1674 2714 1769 2761 tacere

156 2786 292 2843 britatem
305 2803 341 2841 ex
349 2786 422 2840 urbe
432 2783 542 2859 aliqua,
554 2785 596 2840 sic
607 2782 638 2839 in
648 2780 821 2840 hancvitam
833 2800 869 2839 ex
885 2786 939 2841 alia
985 2800 1014 2845 et
1037 2790 1140 2846 audire
1161 2786 1323 2847 didicerant
1346 2788 1470 2865 ipsoque
1490 2788 1623 2858 silentio,
1637 2791 1685 2846 cui
1706 2804 1770 2848 erat

157 2874 219 2931 vita
241 2886 269 2931 et
287 2886 391 2930 natura
406 2870 565 2948 proiectos,
591 2870 664 2927 alios
686 2872 789 2947 gloriae
810 2872 937 2942 servire,
986 2893 1092 2932 nomen
1106 2872 1247 2953 ἐχεμυθία,
1264 2875 1296 2930 in
1310 2872 1416 2931 litteris
1436 2873 1634 2951 proiecerant,
1649 2888 1710 2933 tum
1731 2878 1769 2935 iis

159 2963 231 3020 alios
246 2961 394 3038 pecuniae3
423 2979 505 3016 raros
519 2977 578 3016 esse
602 2957 741 3035 quosdam
760 2962 810 3035 qui
831 2961 940 3018 caeteris
986 2963 1078 3021 verba
1090 2964 1184 3020 iacere
1196 2975 1225 3019 et
1236 2981 1365 3039 quaerere
1385 2981 1509 3040 quaeque
1530 2963 1679 3021 audissent
1697 2967 1769 3024 scri·

162 3050 297 3108 omnibus
324 3068 377 3126 pro
405 3047 497 3104 nihilo
531 3046 641 3104 habitis
680 3066 776 3104 rerum
807 3060 939 3108 naturam
985 3049 1057 3109 here
1068 3065 1096 3109 et
1110 3071 1175 3129 quae
1188 3051 1247 3128 ipsi
1259 3051 1450 3128 opinarentur
1463 3069 1636 3128 expromere
1653 3051 1768 3112 licebat.

163 3134 291 3194 studiose
303 3135 500 3206 intuerentur3
515 3134 570 3193 hos
586 3154 618 3193 se
631 3135 777 3213 appellare
792 3137 941 3213 sapientiae
987 3137 1029 3197 Eo
1046 3152 1139 3198 autem
1156 3153 1285 3218 tempore
1299 3140 1379 3197 nulla
1393 3140 1519 3216 amplius
1540 3140 1653 3199 tacendi
1668 3161 1771 3200 neees-

161 3222 324 3292 studiosos,
339 3222 369 3280 id
390 3236 434 3280 est
455 3224 531 3280 enim
552 3222 745 3300 philosophos
768 3244 774 3278 :
792 3236 820 3281 et
831 3237 863 3281 ut
879 3226 940 3284 illic
988 3231 1071 3285 sitate
1092 3229 1204 3288 astricti
1220 3227 1400 3304 μαθηματικοί
1416 3227 1585 3286 dicebantur
1601 3227 1639 3286 ah
1658 3229 1704 3288 his
1724 3249 1770 3287 ar·

159 3309 396 3368 liberalissimum
413 3323 500 3382 esset,
516 3323 648 3388 spectare
664 3310 738 3367 nihil
761 3311 820 3369 sibi
841 3315 939 3389 acqui·
988 3315 1084 3392 tibus,
1100 3337 1172 3394 quas
1183 3316 1244 3394 jam
1256 3317 1369 3375 discere
1381 3336 1414 3374 ac
1435 3316 1568 3374 meditari
1584 3319 1769 3395 inceperant,

159 3408 286 3468 rentem,
299 3401 341 3455 sic
359 3398 391 3455 in
404 3397 468 3455 vita
489 3398 575 3474 longe
596 3397 730 3456 omnihus
750 3399 852 3456 studiis
865 3420 939 3458 con·
987 3406 1126 3480 quoniam
1146 3406 1333 3481 geometriam
1351 3419 1380 3463 et
1398 3405 1618 3480 gnomonicam,
1631 3406 1770 3463 musicam

159 3485 376 3562 templationem
387 3504 484 3542 rerum
496 3487 752 3562 cognitionemque
765 3499 938 3562 praestares
988 3504 1162 3569 caeterasque
1187 3493 1256 3550 item
1280 3491 1450 3570 disciplinas
1478 3491 1594 3550 altiores
1624 3489 1771 3566 μαθήματα

159 3573 216 3633 Nec
237 3593 308 3632 vero
329 3573 510 3649 Pythagoras
528 3575 657 3632 nominis
679 3575 773 3632 solum
795 3575 941 3649 inventor,
990 3577 1084 3637 Graeci
1110 3578 1264 3638 vocabant.
1279 3579 1402 3637 Talibus
1423 3578 1563 3636 doctrinae
1579 3577 1683 3634 studiis
1698 3597 1773 3654 prae-

160 3660 409 3720 sedrerumctiam
423 3662 552 3738 ipsarum
566 3661 761 3738 amplificator
777 3661 838 3720 fuit.
855 3662 941 3721 Nam·
976 3669 1083 3744 ,parati
1115 3667 1152 3725 ad
1183 3668 1404 3744 contemplanda
1432 3685 1557 3743 corpora
1589 3665 1721 3723 coelestia·
1744 3679 1773 3723 et

160 3767 217 3824 que
237 3749 292 3808 etsi
311 3750 434 3826 reliquis
451 3748 562 3808 artibus
583 3748 757 3808 liberalibus
770 3770 838 3808 suus
852 3753 945 3812 bonos
990 3756 1109 3813 latentes
1121 3775 1218 3813 rerum
1231 3774 1330 3813 causas
1342 3754 1522 3830 indagandas
1537 3773 1712 3831 omnemque
1723 3775 1772 3812 na-

159 3837 327 3909 constabat,
348 3858 438 3896 unum
465 3851 559 3896 tamen
580 3843 656 3909 erat,
684 3838 763 3915 quod
793 3841 943 3916 praecipue
989 3855 1063 3899 turae
1098 3843 1303 3900 obscuritatem
1346 3842 1530 3900 scrutandam
1567 3842 1772 3920 procedebant.

162 3922 333 3982 bominibus
357 3926 395 3982 ad
430 3925 552 3988 honesta
583 3926 679 3985 studia
706 3927 944 3988 incumbentibus
989 3929 1117 3998 Quarum
1133 3949 1229 3988 rerum
1247 3930 1416 4005 cognitione
1435 3930 1569 3989 instructi
1588 3932 1773 4009 postmodum

161 4009 300 4085 placeret,
318 4025 425 4070 naturae
439 4012 638 4088 investigatio.
666 4014 723 4082 Qui
737 4015 828 4089 igitur
843 4017 945 4075 mundi
991 4017 1212 4095 appellabantur
1232 4017 1348 4098 φυσικοί.
1363 4018 1621 4076 verumenimvero
1645 4038 1682 4076 ne
1706 4021 1773 4096 quis

163 4111 259 4157 ortum
274 4101 409 4177 scrutari,
425 4101 477 4176 qui
493 4102 655 4159 coelestium
680 4102 809 4166 siderum
826 4124 941 4176 cursus,
990 4118 1073 4182 putet
1095 4106 1291 4183 Pythagoreos
1318 4107 1400 4167 linito
1426 4107 1636 4184 quinquennali
1657 4106 1774 4166 silentio
1810 4100 1815 4110 ’

165 4331 214 4378 κῶν
237 4330 392 4390 φιλοσοφῆσαι
412 4332 454 4379 καὶ
475 4333 595 4392 ποιήματα
619 4333 707 4395 γράψαι
726 4335 822 4394 ἱστορεῖ.
846 4333 948 4383 Fallitur
993 4331 1102 4393 ὠνόμασε
1119 4333 1254 4395 Πυθαγόρας
1267 4335 1307 4382 καὶ
1320 4335 1403 4382 ἑαυτόν
1415 4333 1557 4395 φιλόσοφον,
1574 4333 1598 4380 ἐν
1611 4334 1713 4380 Σικυῶνι
1725 4332 1774 4380 δια·

165 4402 305 4458 Αοοιιγτυιιε
318 4402 402 4448 auctor
415 4401 472 4449 uta
485 4401 624 4463 Pythagora
636 4401 699 4462 apud
714 4403 826 4451 Photium
846 4417 853 4450 ι
874 4405 915 4452 καὶ
932 4408 947 4463 ἡ
993 4403 1116 4464 λεγόμενος
1126 4405 1210 4452 Λέοντι
1219 4407 1253 4466 τῷ
1267 4404 1401 4454 Σικυωνίων
1413 4403 1530 4464 τυράννῳ,
1544 4400 1701 4460 ῆΦλιαοίων,
1714 4403 1774 4451 καθά

165 4469 248 4517 Θεανὼ
262 4469 286 4516 δὲ
297 4469 387 4531 λέγεται
404 4471 431 4519 οὐ
445 4473 560 4534 μαθήτρια
572 4471 651 4534 μόνον,
665 4473 724 4520 ἀλλὰ
737 4467 782 4520 καθ’
795 4473 836 4532 μία
849 4479 895 4522 τῶν
908 4477 947 4522 du·
993 4487 1062 4532 φησιν
1075 4472 1228 4534 Ἡρακλείδης
1238 4475 1251 4520 θ
1263 4475 1376 4529 Ποντικός
1388 4474 1455 4536 ἐντῷ
1467 4473 1518 4536 περὶ
1530 4478 1571 4531 τῆς
1585 4473 1667 4521 ἄπνου.
1679 4470 1776 4530 Μηδένα

161 4539 269 4601 γατέρων
288 4541 360 4588 αὐτοῦ
374 4542 443 4590 εἶναι.
462 4543 562 4590 veriora
584 4543 696 4592 videntur
709 4555 765 4605 quae
780 4543 820 4592 alii
841 4543 947 4594 tradunt.
993 4540 1038 4605 γὰρ
1047 4541 1107 4590 εἶναι
1119 4543 1192 4601 σορὸν
1204 4543 1334 4608 ἄνθρωπον,
1345 4541 1394 4592 ἀλλ’
1406 4544 1422 4601 ἢ
1440 4541 1502 4590 θεόν.
1518 4542 1586 4591 Idem
1600 4543 1642 4592 lib·
1657 4544 1726 4604 VHl,
1740 4547 1775 4592 8:

165 4607 277 4657 Clemens
295 4612 386 4658 strom.
407 4611 510 4673 tih.1v‚
531 4627 554 4674 p.
579 4620 623 4663 sta
639 4616 675 4661 D:
689 4613 820 4675 ἐφιλοσόφει
848 4619 948 4674 Μυῖαὴ
994 4612 1142 4675 Σωσικράτης
1159 4614 1185 4661 δὲ
1200 4614 1224 4661 όν
1242 4615 1361 4675 διαδοχαῖς
1381 4629 1451 4674 φησιν
1466 4612 1536 4660 αὐτόν
1555 4610 1607 4675 (τόν
1619 4611 1774 4676 Πυθαγόραν)

165 4681 269 4734 θεανοῦς
282 4679 383 4741 θυγάτηρ
397 4681 426 4729 τὰ
444 4682 606 4746 Πυθαγόρεια,
623 4685 663 4732 καὶ
682 4683 805 4747 Ἀριγνώτη
821 4687 880 4741 qr&
896 4689 948 4749 περὶ
993 4680 1135 4742 ἐρωτηθέντα
1146 4684 1193 4732 tut
1212 4685 1311 4738 Λέοντος
1328 4687 1369 4730 τοῦ
1389 4681 1511 4731 Φλιασίων
1526 4683 1654 4746 τυράννου,
1675 4683 1710 4740 τίς
1720 4684 1773 4745 εθης

167 4750 293 4798 hieracion
309 4749 367 4810 (leg.
386 4753 525 4816 Διονύσου).
544 4755 631 4804 Suides
650 4769 656 4798 ι
677 4754 812 4817 'Auspicia-q*
835 4757 949 4820 μαθήτρια
993 4750 1130 4813 ptldoopm,
1141 4754 1228 4813 εἰπεῖν,
1239 4753 1329 4801 καὶτὸν
1350 4752 1400 4814 βίον
1416 4754 1515 4801 ἒθῑκέναῑ
1533 4755 1674 4816 πανηγύρει·
1685 4757 1716 4810 ὡς
1734 4754 1775 4804 οὖν

166 4819 307 4886 Πυθαγόρου
328 4825 371 4870 τοῦ
395 4822 495 4884 μεγάλου
517 4826 559 4874 καὶ
575 4829 692 4886 θιανοῦς,
711 4827 805 4890 Σαμία,
825 4827 949 4890 φιλόσοφος
994 4826 1026 4878 εἰς
1037 4823 1122 4880 ταύτην
1133 4826 1155 4872 ol
1171 4823 1211 4884 μὲν
1221 4823 1430 4884 equitaturam!
1445 4823 1531 4872 diaec’
1543 4825 1666 4888 ἐμπορίαν,
1679 4827 1702 4873 ol
1711 4825 1737 4874 δέ
1748 4841 1775 4887 γε

169 4889 329 4952 Πυθογοριιιή·
351 4893 460 4948 συνέταξε
482 4893 545 4944 τόθι·
565 4898 683 4958 Βακχικά·
703 4898 765 4957 (ἔστι
782 4898 807 4946 δὲ
828 4901 880 4960 περὶ
902 4905 949 4948 τῶν
995 4898 1109 4958 βτλτιστοι
1118 4895 1225 4957 ἔρχονται
1236 4894 1324 4943 θεαταί·
1337 4895 1410 4964 οθτῳς
1426 4895 1450 4944 ἐν
1468 4901 1503 4957 τῷ
1516 4897 1561 4960 βίιρ
1573 4900 1595 4945 οἱ
1606 4898 1647 4959 μὲν
1661 4896 1775 4959 θνθραιτο·

167 4963 207 5016 τῆς
226 4961 347 5022 Δήμητρος
368 4963 512 5027 μυστηρίων·
537 4965 647 5029 γρόρεται
671 4969 695 5016 δὲ
718 4971 758 5018 καὶ
769 4969 838 5030 Ίιρὸς
861 4968 947 5031 λόγος’)
995 4966 1085 5022 θώθιις,
1100 4966 1158 5026 lan,
1180 4964 1275 5025 ρόονται
1296 4964 1361 5022 δόξης
1379 4966 1419 5013 καὶ
1433 4967 1562 5024 πλεονεξίας
1582 4964 1689 5031 θηραταί·
1710 4968 1732 5014 οἱ
1750 4967 1774 5015 dl

168 5026 256 5092 ἔγραψε
266 5029 291 5078 δὲ
302 5031 341 5079 καὶ
353 5023 451 5089 Τελετὰς
468 5034 582 5084 Διονύσου
595 5039 636 5084 καὶ
651 5036 709 5086 ἄλλα
721 5037 843 5099 φιλόσοφοι.
856 5064 887 5074 -
899 5041 947 5102 (³0)
994 5035 1112 5096 φιλόσοφοι
1127 5041 1167 5091 τῆς
1181 5034 1295 5091 ἀληθείας·

169 5099 208 5148 Sic
219 5099 253 5149 ait
264 5099 401 5150 Heraclides
414 5102 527 5151 Ponticus
541 5105 604 5166 apud
617 5105 755 5155 Ciceronem
768 5107 865 5156 Tuscul.
879 5108 909 5167 V,
924 5112 947 5159 3.
1025 5106 1075 5166 (³2)
1088 5106 1179 5154 Gellius
1192 5108 1261 5155 Noct.
1279 5106 1350 5156 attic.
1366 5106 1409 5156 lib.
1421 5109 1443 5168 1,
1461 5119 1513 5170 cap.
1530 5115 1553 5158 9.
1564 5105 1715 5158 lamblichus
1729 5106 1775 5154 rit.

165 5193 200 5204 --
212 5169 262 5232 (³1)
276 5169 394 5233 Diogenes
406 5172 513 5223 Laertius
521 5171 563 5222 lib.
578 5175 639 5236 1,12
653 5192 659 5224 ε
672 5175 845 5239 attemptaret
857 5179 948 5240 πρῶτος
968 5165 973 5225 l
994 5175 1094 5238 Pythia.
1105 5179 1133 5226 71
1144 5188 1195 5238 seq.
1208 5175 1328 5226 Lucienus
1341 5176 1393 5226 itit.
1406 5180 1470 5227 auct.
1482 5190 1537 5240 cap.
1549 5181 1573 5227 3.
