3959 5925
210 370 266 423 114
672 380 676 391 ’
836 364 1253 427 Prrflleoeroeurr

204 516 250 553 τετ
239 493 361 573 ,αγμόνοι
376 494 437 555 ποτὶ
461 494 605 575 ταξιάρχαν
630 493 675 553 καί
699 493 863 574 λοχαγέταν,
886 493 988 575 ἔχοντες
1034 498 1067 555 δι’
1080 496 1226 578 ὑπερόολὴν
1240 498 1395 578 θερμότητος
1409 499 1426 573 ἣ
1439 499 1594 649 ξηρότητος,
1612 496 1817 574 θςδδέξοῖδιὰ

205 608 282 665 φυσιν
294 588 405 647 ἕπεσθαι
417 586 462 647 καί
479 588 652 647 suessiones
671 588 808 667 τιικαλως
821 586 987 668 καθαγεομ
1033 587 1133 657 πλῆθος
1149 585 1272 667 τροφῆςῆ
1287 586 1405 661 ἔνδειαν,
1420 588 1492 657 δςδὲ
1506 581 1573 649 ἐνῖ
1547 613 1632 663 ος,α
1615 583 1817 671 αἷμαῆμυελδν

205 697 252 753 νῳ.
295 675 380 735 Ξυνδν
390 663 481 779 μδν
461 700 498 733 ων
520 676 552 734 αὖ
554 678 606 734 τῶν
623 674 682 734 stt
684 698 744 756 ργον
758 675 810 733 ἐντὶ
819 676 870 737 καί
884 680 922 735 τῶ
940 674 987 757 ἄρ-
1033 671 1224 753 ἢέγιιόραλον.
1245 673 1367 735 Γίνεσθαι
1388 634 1417 732 δέ
1437 699 1501 735 ποτε
1515 676 1594 736 καί
1583 678 1634 739 νπδ
1651 681 1704 738 τῶν
1726 680 1818 751 ἔξωθεν

203 783 294 841 χοντος
310 762 407 821 καλ”
372 785 424 820 των
439 762 612 842 ἀρχομένων,
632 760 736 821 ἀλλ’
705 786 735 823 ου
757 786 793 822 κα
812 761 851 821 ἔτι
866 762 987 822 δύναιντο
1034 762 1134 835 αἰτιῶν,
1159 762 1262 822 ὑδάτων
1276 765 1360 823 ποιῶν
1374 760 1392 834 ἢ
1406 761 1589 845 χώραςῆαό
1557 789 1646 827 artois
1664 759 1717 835 6⁹
1676 769 1821 850 ,ανόγιιης

204 848 379 930 συντετάχθαι
394 848 433 908 rol
446 850 588 931 ἀρχόμενοι
604 850 704 911 ποτὶ
681 874 710 910 το
725 849 799 931 ἔργον
811 851 983 934 ἀπολειρθίν-
1033 874 1051 921 η
1064 873 1116 908 των
1129 850 1227 917 τούτοις
1238 851 1445 931 παραπλησίων.

202 962 244 1006 τες
258 938 397 1018 ἁγεμόνος,
410 936 499 1019 ὥσπερ
515 938 573 997 οὐδὲ
590 938 673 999 ἀοιδοί
685 938 746 999 ποτὶ
765 937 915 998 ουναοιδίαν
928 939 986 1001 οὖδὲ
1074 940 1219 1018 (Stobaeus
1229 940 1307 1003 flor.
1324 944 1360 1012 C,
1377 942 1427 1001 25.
1442 942 1571 1021 lleposui
1582 943 1730 1004 eGesneri
1745 968 1818 1007 con-

204 1029 363 1107 στρατιῶται
388 1026 449 1087 ποτὶ
475 1026 637 1107 ατραταγίαν
659 1025 857 1107 ἀπολειφθέντες
876 1026 917 1087 rol
939 1026 987 1105 μὲν
1030 1029 1144 1108 jecurra
1158 1029 1189 1097 ἃς
1204 1029 1323 1107 μὲν-ἃς
1337 1029 1436 1097 δὲ-δς
1448 1031 1476 1089 δὲ
1490 1052 1546 1110 pro
1562 1032 1695 1092 codicum
1709 1034 1818 1097 lectio-

204 1116 343 1195 οτραταγῶ
357 1138 398 1173 τοι
387 1112 440 1173 δὲ
454 1113 599 1195 κορυφαίω.
1016 1117 1151 1176 nibus‘
1136 1142 1172 1186 ως
1184 1116 1308 1191 μὲν-ὡς
1327 1116 1433 1184 δὲ-ὡς
1453 1117 1493 1179 δὲ.
1509 1118 1544 1179 ln
1563 1121 1752 1198 sequentibus
1766 1139 1816 1185 aut

240 1202 358 1265 Τοιαότα
373 1201 447 1263 δὲ’
399 1226 488 1349 δρυσις
499 1201 601 1269 οὖδενδς
614 1202 690 1261 ποτιδ
691 1204 758 1260 εἷται
772 1201 831 1261 οὔτε
845 1202 984 1281 συγγενέας
1033 1207 1194 1285 requiritur
1208 1205 1303 1283 αἵματι
1317 1204 1335 1277 ἢ
1354 1210 1443 1288 μυελῷ
1455 1205 1477 1278 ἢ
1488 1207 1625 1287 ἐγκεφάλῳ
1635 1223 1686 1269 aut
1700 1211 1812 1272 subau-

202 1289 260 1353 οὔτε
278 1290 413 1366 ἔξωθενβ
416 1290 488 1370 desp
505 1288 564 1348 οὔτε
576 1291 606 1347 ἐκ
619 1288 716 1348 enotuit
720 1312 831 1369 ρμνσται
841 1292 931 1369 ψυχᾶς
942 1288 987 1347 καὶ
1033 1295 1172 1377 diendum
1188 1308 1233 1355 est
1249 1297 1282 1354 δι
1298 1307 1364 1371 apte
1375 1285 1455 1373 αἷμα.
1470 1294 1572 1374 ltaque
1585 1297 1661 1357 nihil
1673 1305 1796 1364 mutavi.
1805 1302 1815 1383 J

201 1377 339 1456 σώματος,
353 1377 398 1437 καί
413 1378 465 1459 γδρ
480 1376 558 1437 διόλω
572 1376 625 1436 ἐντὶ
639 1376 782 1458 ψυχαί,οθτ
768 1377 933 1436 ἐναντίων
946 1401 987 1436 τι
1072 1403 1097 1444 n
1114 1381 1371 1463 Ἀλκμαίωνέρη”
1338 1406 1385 1454 της
1399 1352 1447 1461 μὲν
1462 1375 1604 1460 ὑγιείαςιῖ
1578 1408 1646 1443 ενοι
1660 1390 1815 1463 συνεκτικὴν

201 1469 268 1541 νῶν,
282 1467 316 1525 τδ
329 1468 407 1547 γὰρ’
395 1464 500 1525 εναντία
513 1462 603 1544 ααλκρ
605 1464 665 1523 eris
675 1464 720 1523 >sal
735 1464 935 1575 κρμτεῖαθαιί
900 1487 920 1523 π
935 1488 986 1546 ρο·
1032 1468 1108 1543 τὴν
1099 1470 1234 1548 ιαονομίαν
1253 1474 1304 1529 τῶν
1321 1468 1454 1547 δυνάμεων
1475 1474 1569 1549 ὑγροῦ,
1584 1470 1675 1552 ξηροῦ,
1697 1479 1801 1556 ψυχῇ
1770 1501 1815 1551 00,

200 1578 257 1618 κεν.
269 1553 340 1615 Αδό
361 1578 396 1635 γα
410 1558 449 1613 τῶ
464 1552 585 1630 σώματος
590 1488 693 1633 pit-pm
713 1553 813 1630 μῑαῖνῑῑ
826 1576 856 1611 30
842 1552 986 1634 καθαρὸν
1032 1566 1145 1639 θερμοῦ,
1160 1564 1271 1637 πικροῦ,
1285 1558 1393 1634 γλυκέος
1413 1558 1460 1618 καὶ
1481 1583 1533 1618 των
1545 1561 1660 1634 λοιπων
1682 1564 1768 1636 τὴνδ’
1788 1570 1818 1627 ἐν

200 1652 248 1709 τας
261 1646 356 1724 ψυχᾶς·
371 1641 451 1718 epis
475 1639 526 1721 γὰρ
543 1638 673 1720 ἀκήρατος
687 1642 732 1700 καὶ
745 1640 811 1707 θεῖός
826 1642 897 1711 ἐντι,
913 1663 942 1699 το
929 1640 985 1701 δὲ
1032 1648 1119 1714 αὐτοῖς
1133 1645 1321 1728 μοναρχίαν’
1292 1645 1630 1725 νοαουπαρασνιευαατικὴν
1643 1636 1719 1714 εἶναι.

201 1731 292 1791 θνατδν
308 1731 387 1789 καίθ
374 1728 520 1808 θολομιγίς.
537 1726 616 1789 Οὕτω
633 1727 660 1786 δὲ
684 1726 782 1805 μιαίνει
797 1727 843 1787 καὶ
858 1726 987 1805 μολυόδας
1071 1735 1308 1817 JSrobaeusFlor
1328 1734 1378 1811 Cl,
1395 1756 1425 1792 n.
1434 1735 1443 1811 J
1615 1737 1619 1746 ’

200 1817 319 1926 χρυσὸνη
313 1838 359 1877 και
373 1826 425 1877 πᾶν
440 1816 471 1875 τδ
490 1824 525 1897 τᾷ
544 1814 606 1895 ρόοι
619 1813 726 1893 γνήσιον
744 1817 774 1874 τί)
787 1814 872 1875 νόθον
893 1811 985 1885 Ὀδως
1070 1843 1093 1883 e.
1111 1822 1260 1901 Ἀλκμαίων
1275 1821 1343 1880 κατδι
1352 1821 1401 1892 τὴν
1411 1844 1458 1880 του
1441 1824 1609 1904 διαρανους
1621 1825 1759 1909 ἀντίληψιν
1773 1829 1816 1908 [εδ

201 1905 266 1967 δὲ
241 1928 273 1965 το
283 1908 360 1985 σῶμα
370 1912 424 1972 τοῖς
436 1904 525 1964 θνατ
501 1928 537 1971 αις
549 1903 660 1963 δέδωκεν
670 1908 684 1963 6
694 1904 748 1973 θεός
762 1903 873 1987 ζῴοιςδι
873 1902 984 1964 ’estias
1030 1909 1150 1988 δρατικδν
1163 1910 1315 1987 αυμόαίνειν
1326 1909 1444 1989 πόθος].

200 1994 317 2073 ἀνάγκαν
331 1991 408 2052 καθ’
391 2016 513 2074 αρυκτον.
529 1990 603 2054 Φόοι
624 1991 708 2072 γὰρ’
689 2015 786 2073 απορον
807 1992 853 2052 καὶ
876 1994 983 2074 πτωχὸν
1071 1998 1232 2077 (Excerptu
1256 2020 1272 2058 e
1297 2000 1401 2058 codice
1426 1998 1596 2059 Florentino
1623 2001 1729 2065 Joann.
1757 2004 1814 2063 Da·

199 2091 251 2142 παν
266 2080 638 2193 τδγενέσιοςιιεκοινωνηκός,
1030 2106 1118 2147 masc.
1146 2086 1179 2145 in
1206 2086 1288 2145 Stob.
1310 2084 1410 2163 Eclog.
1440 2086 1486 2148 ed.
1513 2087 1661 2151 Gaislord.
1688 2104 1761 2152 tom.
1786 2093 1815 2152 ll

239 2170 308 2240 Θεὸς
322 2160 401 2246 ptr*
381 2195 417 2230 ων
429 2174 498 2243 ἕντι,
509 2168 629 2249 καθάπερ
643 2172 699 2228 ἐν’
685 2179 757 2251 αρχᾷ
769 2184 806 2229 ’τω
787 2168 888 2248 λόγω
899 2159 984 2243 εἶπον,
1029 2195 1059 2253 p
1076 2196 1145 2248 71¹
1151 2175 1161 2251 J

200 2260 303 2328 αὐτός’
289 2283 359 2339 αρχα
345 2258 419 2319 καί
440 2267 552 2367 πρᾶτον·
569 2261 608 2315 θε·
601 2258 683 2325 ,υτδέ
672 2257 824 2336 ’ὃκόσμνε
841 2282 886 2317 καῑ
901 2256 935 2316 τὰ
957 2260 983 2317 ἓν
1070 2282 1095 2323 ε.
1119 2262 1296 2338 Ἀλκμαίων’
1284 2286 1311 2322 εν
1324 2285 1362 2320 τω
1342 2264 1509 2343 ἐγκερόλω
1523 2255 1626 2323 εἶναι
1602 2288 1633 2325 το
1646 2268 1815 2344 ἡγεμονικόν·

200 2349 271 2426 αὐτῷ
281 2346 417 2424 δινεόμενα
428 2346 527 2405 πάντα.
544 2344 595 2414 Ὦς
609 2344 733 2423 ὁμοίιος
719 2365 746 2404 οε
736 2343 802 2405 καὶ
813 2344 915 2423 δαίμων
930 2344 983 2405 ἐντι
1028 2350 1113 2457 ro6rqi
1127 2339 1171 2407 ουν
1182 2321 1366 2430 θορραίνεαθόι
1376 2349 1482 2410 ἕλκοντι
1491 2349 1581 2409 616⁹
1540 2376 1598 2411 των
1617 2355 1754 2415 ἀναπνοῶν
1767 2356 1815 2424 τὰς

199 2407 320 2515 adipe,
345 2433 412 2493 αῡτδι
436 2432 525 2513 γὰρ
508 2456 584 2513 αρχει
606 2402 652 2491 καί
669 2456 734 2491 κινει
723 2434 779 2494 ’τδ
802 2432 880 2492 διόλω
905 2436 980 2543 ζῳον.
1028 2435 1121 2514 δαμείς.

199 2520 420 2599 Δαιμόνιονδὲ
397 2543 519 2598 οαωυα
532 2545 567 2579 κα
567 2518 627 2579 τδι
638 2521 723 2579 rouro
734 2520 813 2579 δὲ
775 2544 873 2583 ποντα
888 2510 966 2581 Δει
946 2544 982 2579 ων
1069 2524 1372 2603 (Excerptaecodice
1383 2526 1667 2588 FlorentinoJoann.
1677 2530 1810 2593 Damaso.

198 2607 267 2669 οὕτω
283 2610 366 2669 διαι’
340 2634 392 2717 ρεγ,
409 2608 466 2668 θεὸν
486 2632 531 2669 και
545 2608 623 2683 θειον,
642 2608 688 2669 καί
703 2610 816 2689 δαίμονα
830 2610 876 2668 καί
890 2608 983 2687 δαιοο·
1028 2612 1155 2675 inStob.
1171 2614 1274 2691 Eclog.
1290 2614 1338 2672 ed.
1352 2613 1500 2675 Gaislord.
1518 2628 1589 2678 tom.
1608 2617 1685 2696 llp.
1703 2619 1788 2697 714)-

197 2718 262 2759 νιον.
1068 2722 1092 2763 ε.
1106 2699 1292 2778 Ἀλκμαίων’
1274 2700 1381 2760 ακοόειν
1398 2705 1520 2777 ἡμᾶς”
1485 2727 1523 2782 τῳ
1545 2706 1613 2783 κενῷ
1626 2728 1665 2764 τω
1645 2705 1748 2773 ἐντδς
1762 2712 1809 2765 τοῦ

238 2784 383 2866 (Stobaeus
399 2785 499 2863 Eclog.
518 2785 573 2847 lib
588 2784 682 2865 lcap.
698 2787 728 2859 3,
749 2805 818 2864 pag
838 2806 877 2861 με
897 2803 979 2862 seqq.
1028 2787 1104 2855 ιὀτός·
1117 2788 1255 2867 τουταγαρ
1268 2777 1374 2847 εἶναι
1348 2811 1379 2847 το
1397 2790 1504 2898 διηχρῖιν
1524 2812 1595 2849 κατα
1581 2789 1656 2864 τὴν
1674 2796 1719 2851 τοῦ
1732 2792 1811 2852 πνεό·

198 2873 243 2935 ed.
263 2875 357 2933 ll'eer'
350 2894 439 2952 ,.cep
459 2895 489 2947 a,
504 2892 571 2953 pag.
590 2874 627 2930 25
645 2891 707 2950 seq
724 2873 772 2932 ed.
788 2870 915 2935 Meinels.
928 2871 937 2951 J
1030 2897 1111 2952 ματος
1126 2874 1261 2946 εἷσόολην·
1274 2874 1362 2937 πάντα
1377 2874 1465 2957 γδιρ
1438 2900 1471 2934 τα
1486 2880 1645 2959 κοῖλαήχεῖ.

454 3015 723 3076 innumeros.
1030 2963 1403 3130 ..666666066666
1416 2966 1813 3119 636‘666066'666}

238 3167 260 3209 1.
284 3145 361 3224 Λέγει
384 3145 411 3204 δὲ
429 3143 476 3212 τὰς
489 3145 577 3213 νόσους
599 3143 759 3222 συμπίπτειν
775 3142 805 3210 ἃς
824 3143 871 3222 μὲν
885 3147 929 3225 ὑφ’
949 3136 978 3203 οὗ
1026 3163 1057 3219 p.
1077 3145 1146 3217 769.
1163 3141 1248 3200 (loni.
1264 3142 1412 3202 Plutarch.
1432 3144 1468 3202 de
1484 3145 1559 3222 plac.
1577 3147 1651 3225 phil.
1674 3146 1723 3219 lv,
1743 3150 1789 3211 16.
1801 3148 1814 3227 J

195 3368 226 3419 ad
241 3367 375 3428 deremet
393 3365 491 3430 gregarii
506 3364 595 3415 milites
608 3365 773 3427 instructaque
786 3363 849 3414 acies
865 3364 894 3414 ad
908 3363 972 3413 ordi·
1024 3362 1120 3409 animus
1133 3361 1206 3410 etiam
1215 3361 1299 3423 genius
1310 3363 1357 3423 est,
1367 3360 1482 3423 quoniam
1493 3361 1544 3424 ipse
1561 3369 1639 3414 totum
1651 3365 1739 3414 animal
1748 3368 1810 3430 regit

194 3471 254 3508 num
269 3457 381 3506 ductores
403 3457 428 3505 el
442 3453 579 3506 cohortium
603 3453 745 3516 preelectus,
766 3466 871 3516 quorum
891 3454 978 3502 natura
1022 3449 1146 3498 είιιιονοί
1159 3447 1404 3499 λθιιιίιοιιθυωνειο
1413 3451 1808 3515 corpusejosquepartesomnes.

194 3545 230 3595 ils
239 3545 381 3607 comparata
391 3544 438 3604 est,
450 3544 620 3605 utrequsntnr
636 3541 727 3591 honum
743 3541 829 3591 durem
841 3541 911 3606 eique
921 3540 978 3590 obe·
1023 3540 1104 3596 Quare
1114 3536 1152 3586 sie
1168 3536 1222 3586 trec
1241 3535 1348 3586 dividere
1357 3538 1461 3600 oportet,
1471 3537 1496 3588 in
1508 3536 1582 3588 deum
1597 3542 1622 3591 et
1636 3539 1757 3605 divinum,
1771 3555 1811 3604 ge-

195 3633 270 3683 diant.
285 3633 422 3682 commune
446 3631 519 3693 igilur
540 3642 601 3693 opus
619 3636 656 3682 est
670 3632 720 3679 tam
741 3631 893 3694 imperatoris
905 3643 977 3694 quam
1022 3625 1090 3675 nium
1104 3622 1318 3675 etsdmirandum.

193 3721 307 3782 militum,
320 3732 406 3770 verum
424 3731 438 3768 a
456 3718 517 3768 duee
530 3717 638 3770 destituti
652 3718 752 3782 gregarii
766 3717 854 3770 milltes
865 3718 977 3781 componi
1316 3715 1514 3766 Alcmeonis,
1750 3782 1752 3785 Ι

192 3808 223 3858 ad
243 3820 306 3870 opus
326 3820 375 3857 non
394 3806 497 3870 emplius
520 3808 638 3870 possum,
654 3805 716 3856 sicut
730 3819 775 3858 nee
792 3807 823 3855 ad
835 3789 977 3856 concentum
1056 3805 1078 3852 l.
1096 3802 1194 3854 idorbos
1205 3801 1370 3853 animantibus
1383 3803 1495 3865 ingruere
1506 3803 1566 3853 dicit
1576 3803 1637 3855 alios
1648 3805 1738 3856 ellectu
1749 3819 1814 3869 quo·

192 3898 303 3946 cantores
322 3907 399 3955 neque
408 3894 438 3944 ad
452 3894 565 3944 virtutem
576 3893 754 3956 imperatoriam
769 3893 867 3954 milites,
876 3893 898 3942 si
909 3893 977 3943 alteri
1022 3890 1119 3940 demoti
1126 3890 1214 3940 caloris
1222 3892 1265 3940 aul
1272 3889 1387 3940 siccitatis
1397 3889 1578 3952 strumentum,
1588 3892 1650 3942 elios
1661 3905 1735 3943 causa
1743 3897 1814 3944 certa

192 3981 335 4048 imperatore
348 3982 417 4032 alieri
431 3987 579 4045 praecentore
589 3984 694 4031 careant.
818 4015 820 4020 -
1022 3981 1120 4043 propter
1137 3979 1244 4030 alimenti
1255 3973 1348 4042 copiam
1360 3984 1403 4029 aut
1421 3979 1539 4043 inopiam,
1550 3983 1610 4032 aiios
1623 3983 1648 4031 iu
1664 3983 1814 4045 quibusdem·

222 4072 287 4124 Talis
301 4084 360 4121 vero
381 4073 469 4120 natura
481 4070 540 4120 nihil
560 4083 638 4132 neque
653 4072 782 4132 cognatum
799 4081 879 4132 neque
895 4071 977 4120 exter·
1021 4069 1128 4131 corporis
1141 4067 1258 4132 partibus,
1267 4069 1296 4117 ut
1304 4067 1421 4130 sanguiue
1427 4067 1465 4118 rel
1477 4068 1584 4119 medulla
1592 4069 1631 4120 rel
1642 4071 1750 4122 cerebro.
1757 4073 1807 4123 sti-

191 4175 251 4212 num
261 4159 389 4221 desiderat,
404 4159 507 4221 ideoque
518 4171 595 4220 neque
604 4171 635 4226 es
643 4157 739 4208 duobus
750 4158 861 4220 partibus
876 4170 976 4220 compo·
1023 4155 1211 4218 quandosutem
1220 4167 1263 4205 eos
1273 4156 1340 4204 nesci
1352 4156 1425 4205 etiam
1435 4155 1515 4204 causis
1528 4157 1645 4219 externis,
1668 4159 1739 4221 aquis
1747 4171 1807 4222 quo·

192 4250 239 4300 sita
251 4251 298 4310 eet,
319 4248 400 4297 animo
420 4249 446 4297 et
459 4259 572 4310 corpore,
594 4247 683 4309 qnippe
703 4257 759 4309 qnae
773 4247 827 4296 tota
839 4245 873 4295 sit
887 4246 975 4307 anima,
1022 4245 1079 4292 dam
1094 4242 1168 4292 modo
1180 4243 1289 4305 allectis,
1300 4244 1410 4306 regione,
1425 4243 1582 4307 lassitudine,
1604 4246 1750 4298 necessitate
1768 4247 1806 4298 rel

190 4350 272 4401 neque
285 4351 315 4388 ex
329 4335 467 4397 contrariis,
481 4335 537 4398 quia
552 4334 672 4384 contrariu
687 4336 712 4384 et
723 4334 822 4385 vincere
834 4336 859 4384 et
872 4334 933 4384 rinei
943 4347 976 4384 so
1022 4332 1075 4382 aliis
1087 4332 1161 4382 rebus
1172 4331 1258 4381 isaram
1275 4331 1408 4382 similibus.

189 4426 250 4477 ient.
262 4427 332 4476 certe
342 4423 450 4488 corporis
463 4423 612 4485 temperatio
620 4423 694 4472 enimi
707 4423 870 4485 integritatem
880 4422 974 4485 polluit,
1053 4427 1079 4470 2.
1099 4420 1224 4471 alcmeon
1242 4420 1276 4470 eit
1301 4419 1431 4470 sustentari
1454 4416 1618 4471 ualetudinem
1641 4423 1816 4486 aequabilitate:

190 4515 308 4577 quoniam
321 4513 362 4562 iric
375 4510 687 4572 sincerusestacdirinus‚
700 4509 760 4560 illud
773 4512 857 4561 eontra
871 4512 974 4561 mortale
1020 4509 1247 4573 viriumhumoris,
1257 4510 1382 4570 siccitatis,
1396 4510 1499 4573 frigoris,
1512 4511 1615 4574 catoris,
1626 4513 1812 4578 amaritudinis.

190 4599 263 4662 alque
283 4599 417 4662 impurum.
444 4596 486 4646 ste
498 4599 581 4646 autem
600 4597 625 4645 et
640 4607 725 4645 aurum
740 4595 841 4658 plumbo
853 4597 974 4646 οοιιίοιιιι
1020 4597 1155 4649 dulcedinis
1168 4601 1194 4648 et
1212 4598 1370 4661 reliquam,
1383 4597 1510 4649 sedunus
1518 4610 1550 4649 ex
1564 4599 1603 4648 ius
1615 4599 1805 4654 dominationem

191 4692 263 4738 natur
274 4690 298 4738 et
308 4686 425 4750 quidquid
438 4687 524 4736 nutura
534 4696 620 4734 rerum
634 4685 671 4734 est
684 4685 773 4735 luceto.
801 4685 906 4736 omnino
919 4698 975 4735 cor·
1020 4687 1099 4738 iacere
1115 4685 1239 4737 morbum.

188 4787 235 4836 pua
251 4773 393 4824 mortalibus
404 4773 566 4823 animantibus
582 4771 649 4822 dedit
659 4771 720 4822 deus
729 4785 761 4822 ex
777 4776 868 4822 eterna
886 4773 926 4823 et
920 4787 972 4822 rue·
1049 4780 1074 4826 3.
1090 4775 1213 4826 sienem
1226 4774 1346 4838 perceptis
1359 4774 1432 4825 rebus
1445 4773 1572 4839 pellucidis
1584 4787 1629 4826 nos
1643 4775 1726 4828 ridere
1736 4777 1803 4828 arbi·

188 4861 283 4913 vitabili
294 4862 444 4912 necessitate.
458 4861 582 4924 siquidem
600 4873 681 4922 omne,
694 4860 759 4924 quod
777 4868 860 4912 ortum
875 4861 973 4922 habuit,
1019 4864 1110 4914 tratur.

135 4942 136 4946 ’
189 4952 276 5000 natura
289 4950 359 5014 inops
373 4953 448 5001 estet
460 4962 574 5012 egenum.
682 4988 684 4994 ,
1048 4953 1073 5000 4.
1088 4952 1213 5002 Alcmaeou
1227 4951 1252 5001 in
1265 4951 1365 5002 cerebro
1374 4951 1449 5005 animi
1457 4950 1618 5014 principatum
1629 4954 1720 5015 posuit,
1730 4954 1799 5016 ejus-

220 5041 285 5104 Deus
303 5039 388 5101 igitur,
402 5037 609 5101 quemadmodum
624 5037 649 5116 6¹¹
668 5037 785 5101 principio
804 5037 973 5102 disputationis
1018 5053 1067 5102 que
1079 5052 1139 5104 ope,
1155 5040 1215 5092 dum
1229 5053 1273 5104 per
1288 5040 1472 5106 respirationem
1488 5039 1576 5092 odores
1589 5042 1683 5106 trahit,
1701 5045 1802 5094 censuit

188 5125 254 5188 dixi,
267 5125 321 5196 ipse
339 5128 376 5176 est
393 5125 537 5188 principium
557 5125 583 5175 et
602 5126 723 5188 primum;
744 5123 841 5176 divinus
860 5138 919 5176 vero
932 5125 972 5176 iric
1018 5140 1064 5178 nos
1076 5125 1180 5179 odorari.

180 5212 297 5267 'mundus
311 5214 335 5264 et
355 5221 411 5276 quae
430 5212 455 5261 in
472 5225 503 5262 eo
521 5212 655 5264 volvuntur
673 5213 763 5262 omnia.
787 5213 848 5264 Num
863 5213 976 5268 similiter,
1048 5222 1073 5267 5.
1087 5216 1209 5268 Alcmeon
1222 5217 1306 5271 audire
1316 5231 1361 5270 nos
1375 5218 1442 5269 inani
1455 5217 1521 5284 quod
1533 5218 1598 5270 intra
1608 5230 1693 5270 aurem
1707 5221 1760 5284 est;
1778 5221 1809 5270 id·
