3959 5925
299 466 334 519 ω
910 438 1262 533 ,Ρντοκοοιιοοιιοο

297 592 419 661 ἀλήπτων
446 595 553 673 διάφορα
578 594 638 676 γένη
665 588 737 655 εἶναι.
755 594 802 657 ¹³⁰.
870 600 960 659 linium
982 601 1009 659 δὲ
1032 601 1065 660 τά
1114 603 1191 675 πίνης
1205 602 1257 684 θριρ
1273 604 1457 683 περιείληπται
1473 607 1521 679 “’,
1541 607 1603 666 δταν
1623 608 1731 688 λέγηται
1752 604 1870 686 tinniit,

295 678 363 737 κατὰ
377 679 452 759 φύσιν
469 681 542 748 ἀξίαν
564 681 650 761 ἔχειν,
675 684 719 742 καί
741 685 827 742 πάντα
849 686 881 744 τά
902 688 974 763 παρὰ
989 688 1064 769 φύσιν
1111 692 1290 768 ἀπονιμητικὴ
1304 698 1349 751 τοῦ
1363 698 1422 753 κατ’
1435 695 1507 763 ἀξίαν
1517 696 1630 776 έκάστῳ,
1646 699 1700 758 ίστι
1712 694 1869 779 γάρόίανωῦ

223 808 232 829 .
296 766 417 835 ἀπαξίαν.
454 767 511 839 Τὴν
526 767 552 827 δί
571 768 643 838 ἀξίαν
656 771 776 849 λέγεσθαι
788 778 895 854 τριχῶς,
914 775 961 852 ¹⁴⁰,
976 777 1024 847 τήν
1038 800 1065 834 τε
1111 780 1294 847 ἐπιὸἀλλοντος
1310 780 1423 862 ἑκάστῳ.
1445 786 1506 843 Τῶν
1526 786 1550 842 δ’
1570 785 1642 853 ἀξίαν
1654 787 1766 866 ἀγόντων
1785 794 1818 847 τὰ
1830 799 1868 869 μὲν

266 896 273 911 ,
295 856 374 926 δόσιν,
389 854 435 927 τὴν
448 860 507 915 καθ’
522 858 602 929 αὑτήν
618 860 666 938 ¹⁴¹,
678 860 722 918 καί
742 861 788 931 τήν
805 861 918 938 ἀμοιθὴν
932 868 976 921 τοῦ
990 865 1067 922 δοκι·
1111 865 1180 944 ἔχειν
1199 866 1297 938 πολλὴν
1316 868 1399 942 ἀξίαν,
1416 871 1450 927 nd
1463 870 1490 928 δὲ
1506 874 1644 951 βραχεῖαν.
1666 856 1780 950 ’ὁμοίως
1793 880 1867 939 δὲκαὶ

295 948 411 1019 μαστοῦ,
427 944 472 1003 καί
484 943 531 1015 πλν
545 946 648 1027 τρίτην,
663 948 695 1021 ἣν
709 953 722 1007 ὁ
735 949 900 1029 Ἀντίπατρος
915 953 1064 1025 ἐκλεκτικὴν
1109 957 1161 1011 τῶν
1175 954 1286 1021 ἀπαξίαν
1299 954 1410 1033 ἐχόντων
1425 956 1442 1013 ἀ
1456 950 1508 1031 ’μὲν
1523 936 1591 1037 έχείν
1604 960 1703 1033 πολλὴν
1721 963 1841 1036 ἀπαξίαν,
1854 970 1867 1028 θ

293 1032 602 1111 πρασσγορεῦει,καθ’ίξν
616 1036 735 1095 διδόντων
749 1040 799 1095 τῶν
814 1039 975 1115 πραγμάτων
989 1041 1023 1099 τά
1036 1043 1065 1118 γε’
1111 1042 1138 1100 δέ
1154 1047 1289 1122 βραχεῖαν.
1320 1044 1362 1104 Τθι
1375 1043 1421 1120 μὲν
1430 1035 1474 1103 οὖν
1492 1047 1591 1118 πολλὴν
1604 1046 1696 1126 έχοντα
1708 1049 1781 1117 ἀξίαν
1796 1076 1867 1132 προη-

293 1142 351 1177 τινα
366 1122 466 1196 μᾶλλον
480 1120 537 1178 ἀντί
558 1124 638 1180 τῶνδε
654 1122 811 1201 αἱρούμεθα,
830 1116 882 1184 οἷον
896 1126 994 1204 ὑγίειαν
1008 1128 1064 1185 ἀντὶ
1110 1130 1194 1207 γμίνα
1205 1131 1378 1209 λέγεσθαι,τά
1389 1131 1416 1189 δὲ
1428 1134 1527 1203 πολλὴν
1541 1134 1653 1202 ἀπαξίαν
1665 1137 1869 1215 ἀποπροηγμένα,

293 1204 386 1279 νόσου,
399 1208 443 1265 καὶ
461 1206 528 1278 ζωὴν
544 1210 600 1267 ἀντί
615 1210 735 1282 θανάτοο,
752 1212 796 1270 καί
814 1214 923 1271 πλοῦτον
936 1213 994 1272 ἀντί
1008 1240 1064 1274 πε-
1112 1210 1231 1279 Ζήνωνος
1250 1209 1348 1277 ταύτας
1364 1210 1410 1276 nl<
1428 1213 1568 1287 ὄνομασίας
1583 1214 1689 1290 θεμένου
1704 1217 1811 1295 πρώτον
1825 1220 1868 1281 τοῖς

293 1294 359 1361 νίας.
373 1295 449 1354 Κατὰ
455 1295 483 1353 τὸ
494 1296 619 1374 ἀνάλογον
629 1298 656 1356 δὲ
667 1298 711 1357 καί
720 1296 767 1370 τλν
778 1299 988 1381 ἀπαξίαντριχῶς
1000 1326 1064 1381 punt
1110 1300 1259 1376 πράγμασι.
1276 1299 1444 1375 Προηγμένον
1456 1301 1479 1357 δ’
1491 1291 1557 1359 εἶναι
1569 1300 1699 1379 λέγουσιν,
1712 1304 1726 1359 δ
1738 1304 1867 1382 ἀδιάρορον

295 1380 429 1459 λέγεσθαι,
456 1385 652 1460 ἀντιτιθιμένων
669 1390 720 1444 τῶν
735 1388 933 1464 σημαινομένων
946 1398 1000 1455 τοῖς
1021 1390 1063 1449 ἐπὶ
1109 1383 1137 1446 δν
1147 1384 1380 1461 ἀκλεγόμεθακατλ
1392 1387 1583 1466 προηγούμενον
1592 1387 1677 1460 λόγον.
1687 1389 1742 1449 Τὸν
1755 1390 1780 1447 δ’
1791 1389 1868 1465 innuo

293 1474 338 1538 τῆς
353 1469 457 1550 πρώτης
478 1472 549 1540 ἀξίας
564 1474 712 1551 εἰρημένοις.
737 1476 793 1545 Τὴν
816 1476 842 1533 δὲ
868 1476 936 1537 δόσιν
951 1477 1029 1557 φησὶν
1051 1482 1065 1535 ὁ
1109 1472 1183 1551 λόγον
1197 1470 1233 1507 ¹⁴³
1247 1471 1289 1531 ἐπί
1302 1476 1353 1531 τῶν
1369 1476 1589 1553 ἀποπροηγμένων
1604 1467 1778 1551 cluaniraird
1795 1502 1869 1557 παρα-

293 1556 415 1635 Διογίνης
435 1558 518 1639 κρίσιν
533 1551 614 1635 εἶναι,
631 1562 669 1639 ἐρ’
687 1560 745 1621 ὅσον
762 1564 829 1621 κατὰ
847 1562 922 1642 ριίσιν
941 1564 1063 1637 ἔστίν,ἣ
1110 1559 1237 1637 δείγματα
1253 1560 1320 1619 κατὰ
1342 1560 1389 1630 τὴν
1404 1563 1543 1636 ἀναλογίαν
1563 1565 1657 1624 ταοτά.
1675 1564 1760 1625 Odoin
1775 1566 1806 1625 δὲ
1825 1570 1868 1623 τῶν
1956 1563 1957 1618 f

294 1646 334 1723 ἀρ’
350 1644 409 1705 ὅσον
426 1647 516 1725 χρείαν
530 1652 563 1726 τῇ
579 1647 654 1727 γύσει
674 1649 826 1728 παρέχεται.
848 1654 888 1709 Τὸ
910 1652 936 1709 δὲ
951 1652 1065 1729 δοκιμα-
1110 1649 1213 1723 ἀγαθῶν
1227 1640 1291 1706 εἶναι
1303 1649 1467 1727 προηγμένον
1489 1650 1532 1708 διά
1548 1651 1578 1709 τθ
1597 1650 1645 1722 rip
1666 1653 1795 1730 μιγίστην
1810 1654 1870 1721 ἀξίαν

293 1732 389 1805 στικόν,
400 1735 449 1812 οὐχ
461 1737 496 1801 ὡς
506 1733 610 1807 λέγεται
623 1735 655 1792 τά
666 1746 808 1814 πράγματα
821 1736 966 1815 δοκιμαστά
977 1763 1064 1817 παρα·
1110 1735 1175 1793 αὖτά
1194 1734 1273 1813 ἔχειν.
1286 1736 1325 1796 Τὸ
1339 1734 1367 1793 δέ
1385 1736 1566 1815 προηγμένον,
1588 1736 1634 1808 τὴν
1650 1737 1771 1818 δεύτερον
1790 1739 1870 1819 χώραν

293 1818 482 1895 λαμθάνεσθαι,
503 1822 561 1876 ἀλλ’
572 1824 607 1885 ὡς
620 1822 781 1897 δοκιμαστήν
793 1846 877 1901 φαμεν
896 1815 960 1883 εἶναι
972 1824 1016 1881 τὸν
1030 1824 1063 1885 τά
1108 1822 1153 1879 καί
1163 1822 1235 1890 ἀξίαν
1248 1822 1316 1900 ἔχον,
1340 1825 1495 1900 σοντγγίζειν
1507 1848 1562 1890 πως
1574 1829 1606 1904 τῇ
1617 1829 1669 1884 τῶν
1681 1827 1787 1903 ἀγαθῶν
1798 1830 1870 1907 φύσει,

292 1907 436 1984 πράγματα
451 1905 631 1981 δοκιμάζοντα.
644 1910 700 1980 Τῆς
713 1900 756 1967 οὖν
771 1908 880 1985 ἀμοιὸῆς
895 1908 937 1967 τὸν
948 1910 1061 1969 τοιοῦτόν
1108 1908 1176 1967 (lidi
1190 1910 1240 1986 γάρ
1254 1912 1279 1967 ἐν
1293 1911 1360 1989 αὐλῇ
1373 1914 1424 1968 τῶν
1435 1914 1605 1991 προηγμένων
1621 1902 1686 1970 εἶναι
1698 1913 1743 1972 τὸν
1757 1915 1870 1991 βασιλέα,

293 2015 355 2072 ροισι
367 1994 527 2069 δοκιμαστὴν
541 1987 621 2066 εἶναι,
640 1995 685 2054 καί
699 1996 795 2061 ταύτας
812 1996 858 2071 μὲν
875 1996 921 2063 τάς
933 1996 977 2055 δύο
991 1997 1063 2065 ἀξίας
1108 1994 1176 2053 ἀλλά
1193 1993 1251 2061 τοθς
1272 1994 1328 2069 μετ’
1349 1996 1427 2054 αὐτὸν
1453 1999 1625 2075 τεταγμένους
1636 2002 1677 2054 ¹⁸⁸·
1716 2002 1869 2079 Προηγμένα

292 2079 350 2138 καθ’
360 2080 390 2148 ἀς
401 2080 508 2161 λέγομέν
522 2086 621 2159 τινατῇ
633 2082 691 2163 ἀξίη
700 2088 840 2161 προῆχθαι.
857 2084 956 2163 Τρίτην
972 2083 1003 2142 δέ
1017 2107 1062 2164 pn·
1107 2083 1135 2140 δὲ
1146 2081 1267 2158 λίγεσθαι
1277 2084 1306 2139 οὗ
1315 2084 1352 2161 τῷ
1363 2082 1427 2161 πρὸς
1435 2085 1598 2161 εὐδαιμονίαν
1608 2087 1666 2146 τινθ
1679 2086 1869 2161 συμδαίλλεσθαι

293 2190 333 2225 σιν
345 2159 427 2240 ε’ίναι,
444 2170 502 2229 καθ’
512 2169 544 2241 ἥν
559 2193 643 2249 φαμεν
656 2170 821 2246 ἀξίωμάτινα
831 2172 909 2251 ἔχειν,
919 2172 962 2230 καί
976 2172 1060 2243 ἀξίαν,
1108 2170 1256 2247 [συνεργεῖν
1278 2192 1304 2227 τι
1321 2168 1384 2247 πρὸς
1404 2169 1501 2252 αὐτ-ην]
1518 2172 1566 2247 ¹⁴⁵,
1589 2172 1656 2232 ἀλλά
1677 2176 1716 2253 τῷ
1737 2178 1872 2251 ἀναγκαῖον

291 2258 360 2339 ἥπερ
375 2258 434 2336 περί
452 2259 580 2337 ἀδιάφορα
594 2260 622 2316 οὗ
636 2258 762 2335 γίγνεται,
780 2258 847 2318 ἀλλά
861 2260 923 2337 περί
948 2258 1014 2334 μόνα
1027 2257 1061 2316 nd
1107 2248 1173 2315 εἶναι
1184 2255 1282 2315 τούτων
1293 2257 1340 2327 τὴν
1351 2259 1459 2337 ἐκλογὴν
1472 2266 1602 2319 ποιεῖσθαι
1614 2259 1687 2340 παρά
1698 2260 1732 2320 τά
1746 2264 1874 2341 ἀποπροη·

292 2346 431 2405 σπουδαῖα.
446 2347 565 2424 Χρῆσθαι
584 2344 610 2403 δὲ
627 2349 696 2415 ἡμᾶς
711 2369 788 2425 ρησιν
804 2346 884 2405 ἐνίοτε
900 2349 937 2425 τῷ
951 2345 1059 2421 ὀνόματι
1106 2345 1198 2419 γμένα.
1625 2394 1632 2407 ,
1748 2397 1754 2409 ,

291 2438 337 2502 τῆς
353 2430 424 2501 ἀξίας
438 2433 495 2489 ἀντί
509 2438 554 2493 τοῦ
567 2432 759 2500 ίπιθάλλσντος·
776 2436 847 2500 ὡςέν
861 2438 898 2512 τῷ
909 2435 1062 2502 τῆςδικαιο-
1144 2430 1293 2497 Ἀκαλοοθος
1302 2433 1325 2490 δ’
1336 2432 1392 2489 ἐστὶ
1401 2433 1440 2511 τῷ
1448 2432 1561 2512 λόγῳτῷ
1570 2433 1870 2514 περὶτῶνπροηγμένων
1958 2453 1959 2472 ³

290 2634 370 2686 parom
384 2622 420 2672 rel
430 2622 544 2685 imparem
559 2622 659 2672 crinium
672 2636 799 2673 numerum
815 2624 909 2674 babere.
919 2623 1062 2672 ludilieren·
1106 2626 1200 2670 natura
1210 2621 1324 2681 congruat
1333 2619 1371 2668 vel
1379 2622 1496 2681 quatenus
1502 2624 1595 2671 naturae
1606 2634 1677 2671 naum
1686 2580 1781 2673 alferat
1792 2630 1871 2687 tppru

290 2711 351 2759 tium
364 2723 433 2772 porro
441 2714 532 2759 naturae
540 2711 720 2771 coniunctorum
728 2710 773 2759 alia
782 2712 922 2773 auntprima
930 2710 1062 2759 sonandum
1107 2706 1227 2756 bubonem
1246 2708 1325 2755 autem
1338 2718 1387 2755 non
1406 2707 1431 2755 in
1449 2706 1521 2757 rebun
1539 2709 1675 2769 approbatis
1695 2710 1769 2771 pont,
1793 2711 1872 2759 audin
1952 2736 1958 2747 ·

290 2802 409 2859 naturam,
421 2798 467 2845 alia
485 2810 526 2859 per
536 2798 736 2846 communionem.
751 2798 830 2847 Prima
847 2798 978 2845 aecrmdum
990 2802 1061 2845 natu·
1105 2794 1210 2856 pentonia
1222 2795 1274 2845 illua
1284 2795 1477 2857 approbantibus.
1496 2797 1704 2857 llomuncrationis¹
1721 2799 1795 2860 igitnr
1805 2800 1871 2849 talem

233 2898 236 2907 ¹
290 2887 408 2935 remeunt
423 2884 549 2933 motusrcl
571 2884 668 2932 babitus
684 2884 802 2933 neminum
823 2884 954 2933 rationibus
973 2886 1060 2945 aptus,
1104 2883 1443 2944 eeseapprobatorempratae
1457 2883 1717 2946 iemnt,ucduplicem
1730 2886 1874 2935 lnancntatni
1959 2941 1960 2944 ς

290 2971 721 3032 utsanituuetnennua,dicoaulem
737 2972 882 3033 percipiendi
895 2973 943 3019 rim
962 2976 987 3021 et
1006 2985 1061 3020 ner·
1105 2971 1319 3034 dignitatumque
1335 2971 1516 3032 dicimunfieri‚
1536 2974 1563 3021 ut
1578 2974 1692 3022 nonnulla
1705 2975 1872 3037 suadignitate
1959 2990 1960 3003 ι

291 3073 376 3108 vorum
394 3059 538 3108 firmitatem.
555 3061 599 3108 Per
612 3059 804 3108 communionem
823 3071 887 3119 nero,
910 3072 1061 3121 quacunque
1105 3059 1157 3107 airis
1171 3060 1334 3120 praeierantur.
1347 3060 1452 3109 Tertiam
1467 3063 1547 3108 autem
1561 3061 1678 3121 Diogenen
1690 3062 1871 3113 estimationem

289 3147 320 3195 ad
331 3146 449 3195 nominum
459 3146 561 3194 redonen
576 3146 756 3194 accommodate
767 3150 846 3195 motus
861 3153 885 3195 et
897 3146 990 3196 babitus
1001 3161 1060 3196 con·
1104 3145 1166 3193 lianc
1175 3158 1226 3194 eane
1236 3145 1304 3205 rull,
1320 3158 1367 3206 ηοε
1382 3145 1483 3194 dicinms
1492 3146 1606 3195 nonnniia
1619 3147 1780 3209 dignationem
1790 3149 1872 3198 babere

289 3235 361 3283 nortia
371 3237 442 3292 arunt,
461 3234 526 3282 reiut
546 3245 630 3282 mantnt
647 3233 747 3293 integra,
760 3246 844 3294 corpus
858 3245 953 3292 mutum,
976 3247 1060 3283 nenaua
1104 3231 1141 3279 toi
1153 3229 1304 3291 dignitatem.
1323 3243 1379 3291 (ἶνίν
1397 3245 1444 3280 ¹¹0¹i
1464 3232 1488 3279 in
1501 3231 1658 3282 indifferenti·
1675 3234 1718 3282 ted
1735 3236 1833 3284 inuium
1850 3237 1874 3284 itt

289 3333 338 3369 non
358 3319 471 3369 hebetati.
489 3321 569 3381 doque
586 3319 655 3368 aliter
670 3317 694 3368 in
712 3319 741 3368 iia
755 3333 811 3382 ηοω
822 3320 914 3369 naturae
929 3323 1061 3381 repugnant
1102 3317 1176 3379 proba
1186 3317 1257 3365 cadit.
1271 3317 1352 3374 Quid?
1362 3317 1469 3380 quoduti
1480 3331 1524 3366 noa
1535 3319 1652 3369 interdurn
1663 3320 1873 3380 aitdignitatisno·

289 3421 339 3457 reru
354 3421 380 3456 ae
392 3407 484 3457 trabere.
498 3411 652 3468 Quaecunque
660 3410 739 3457 aulem
756 3411 848 3455 naturae
857 3407 982 3469 conjuncta
993 3409 1058 3467 aunt,
1103 3404 1167 3452 mine
1176 3405 1386 3466 proconrenicnte;
1399 3404 1703 3464 utiujustitiaedednitione
1713 3408 1789 3469 ineat,
1799 3422 1872 3470 ηοοια

289 3498 463 3556 enneaccrpta,
476 3494 581 3556 aeduum
595 3499 705 3542 enatura
719 3494 872 3554 abhorreant,
886 3507 934 3543 non
950 3502 1057 3555 accepta.
1102 3489 1238 3550 perlibetur
1253 3503 1305 3538 orso
1325 3490 1421 3539 babitus
1442 3504 1513 3540 auum
1532 3489 1618 3554 cuique
1637 3506 1679 3554 pro
1691 3492 1810 3554 dignitate
1831 3495 1873 3544 tri·

287 3586 408 3632 craterum
424 3585 515 3632 naturae
533 3583 716 3644 conjunctorum
728 3583 773 3631 alia
792 3595 834 3644 per
845 3595 871 3631 ae
882 3583 979 3642 accepta
994 3596 1058 3640 ense,
1101 3576 1204 3637 licendi,
1218 3583 1253 3626 cri
1267 3579 1331 3626 enim
1344 3582 1456 3639 tanquam
1469 3591 1514 3638 pro
1528 3591 1557 3627 co
1570 3579 1634 3641 quod
1648 3581 1736 3641 cuique
1749 3584 1872 3632 conrernit.

286 3671 331 3720 alia
344 3683 400 3720 vero
410 3671 504 3732 propter
515 3671 570 3718 alia.
590 3673 634 3719 Per
647 3683 672 3720 ae
685 3669 790 3730 quidem,
802 3683 857 3731 quan
868 3669 1003 3731 cupidinem
1017 3672 1055 3718 sui
1101 3665 1156 3712 ium
1169 3677 1223 3725 ηοω
1236 3664 1374 3725 dignitatem
1396 3664 1510 3724 babeant,
1531 3677 1614 3714 eorum
1633 3667 1743 3727 quendam
1763 3682 1872 3731 magnam

287 3758 347 3806 adeo
363 3759 460 3805 movent
472 3759 499 3806 ut
518 3771 546 3806 ea
558 3758 659 3806 retinere
674 3757 786 3816 velimus,
804 3756 869 3805 verbi
884 3769 955 3805 cauea
966 3756 1056 3805 sanita·
1101 3751 1187 3799 'tibere
1201 3751 1351 3812 dignitatem,
1366 3751 1411 3799 ⁸¹5⁸
1424 3763 1529 3812 lirim·
1573 3751 1686 3801 Similiter
1701 3753 1778 3803 elim
1789 3769 1873 3804 comm

287 3847 349 3901 tom,
365 3854 478 3890 senauum
490 3843 605 3904 rigorem,
622 3843 784 3892 molestiarum
796 3844 956 3904 vacuitatem,
971 3855 1056 3906 corpo·
1101 3853 1155 3901 quun
1165 3840 1328 3900 indignitatem
1344 3832 1459 3899 inaurant,
1476 3839 1523 3887 alia
1533 3838 1622 3888 babere
1633 3852 1753 3902 magnam,
1763 3844 1813 3892 alia
1823 3857 1874 3906 par·

286 3931 318 3978 rie
329 3930 537 3994 pulchritudinem.
547 3935 647 3994 lurrtpor
659 3932 784 3981 efficientia
798 3932 1001 3995 existimarique
1013 3946 1057 3995 ap-
1099 3939 1163 3974 tim·
1176 3929 1238 3983 Qum
1250 3926 1322 3986 igitur
1332 3939 1417 3987 magna
1435 3927 1549 3988 dignitate
1559 3930 1643 3976 ornata
1661 3927 1723 3988 aiut,
1745 3933 1876 3992 praeposita

286 4018 385 4081 petitum
395 4021 428 4068 ita
438 4021 551 4078 movent,
565 4022 659 4068 oleum
671 4019 755 4068 adalia
767 4019 900 4078 traducant,
914 4033 960 4068 non
973 4025 1054 4069 autem
1099 4014 1225 4076 appellari,
1239 4014 1281 4062 scd
1295 4026 1322 4061 ea
1336 4014 1359 4062 in
1372 4014 1459 4074 quibua
1470 4027 1555 4074 magna
1566 4013 1656 4062 lnaeroat
1664 4015 1806 4077 indignitas,
1816 4020 1873 4079 reje-

285 4105 314 4152 ad
336 4119 361 4154 se
378 4107 525 4165 convertunt,
545 4106 648 4168 exempli
667 4117 739 4154 caum
752 4105 861 4166 divitiae,
875 4105 973 4166 gloriam
984 4109 1057 4166 alque
1099 4101 1357 4160 cia‚Zou0neprimum
1370 4100 1801 4162 naecnonimrenmtmnonente.ne
1814 4121 1875 4168 prar-

284 4189 371 4241 luorum
385 4190 477 4240 similia.
494 4191 533 4238 Sic
545 4203 642 4252 quoque
652 4203 735 4240 norum
747 4205 802 4255 qum
822 4195 913 4240 naturae
926 4196 1057 4253 repugnent
1099 4189 1203 4249 positum
1215 4187 1312 4248 quidem
1327 4199 1380 4234 ανον
1400 4187 1533 4247 affirmant,
1549 4188 1615 4248 quod
1633 4201 1708 4248 ηοοιιι
1732 4190 1876 4242 incinerans

284 4279 329 4328 alia
342 4291 393 4326 eoae
405 4291 446 4338 per
459 4289 485 4326 ae
494 4291 540 4326 non
554 4281 664 4339 accepta,
676 4279 720 4326 alia
731 4281 848 4341 quatenus
860 4279 985 4328 efficientia
998 4280 1053 4329 sint.
1098 4275 1130 4322 til
1141 4273 1283 4336 praecedeoti
1297 4274 1389 4322 ratione
1402 4273 1498 4322 addocti
1508 4274 1626 4334 eligimur.
1641 4275 1749 4324 Similem
1763 4286 1872 4327 remoto·

284 4369 373 4415 Eorum
386 4378 440 4426 ηοω
451 4377 493 4427 per
506 4378 532 4413 ne
540 4377 588 4413 non
602 4367 650 4414 eint
666 4369 762 4427 accepta
779 4366 872 4416 diversa
890 4377 941 4415 esae
960 4379 1052 4428 gernere.
1099 4376 1153 4411 rum
1166 4375 1216 4411 eane
1233 4363 1348 4411 rationem
1362 4363 1433 4423 atque
1444 4362 1541 4422 eadem,
1553 4375 1597 4423 pro
1611 4352 1735 4424 portione,
1752 4369 1876 4430 eaennpta

284 4455 337 4503 iam
346 4452 485 4514 omniaqutn
494 4456 584 4500 naturae
593 4451 735 4501 conueniant
745 4451 831 4501 babere
839 4451 985 4513 dignitatem,
998 4465 1052 4514 qnae
1097 4451 1197 4499 Nullum
1214 4454 1293 4498 autem
1310 4450 1427 4498 bonorum
1445 4449 1589 4510 productum
1605 4449 1720 4510 judicari,
1745 4460 1876 4515 propterea

283 4545 393 4590 enatura
411 4539 566 4597 abhorreant,
578 4537 749 4600 indignitatem.
762 4539 907 4600 Dignitatem
917 4540 963 4588 dici
984 4540 1050 4588 trita·
1097 4533 1483 4596 nuodiilasummamdignitalem
1492 4535 1603 4585 babeant.
1613 4539 1801 4598 atprnoncnnm
1811 4542 1877 4603 qrtod

283 4629 352 4689 riam,
364 4627 466 4690 primum
476 4626 628 4676 donationem
640 4639 681 4690 per
694 4641 728 4686 ne,
739 4627 825 4677 deinde
836 4627 1000 4690 approbatoris
1015 4641 1050 4677 re·
1096 4622 1197 4671 aiterum
1211 4622 1291 4670 locum
1306 4624 1331 4670 et
1350 4621 1480 4671 secundam
1491 4622 1629 4684 dignitatem
1647 4624 1733 4684 lnabet,
1753 4629 1877 4688 quodam

283 4715 486 4774 rnnrneratiouem,
501 4714 604 4775 denique
625 4715 689 4764 illam
705 4727 778 4776 quam
790 4715 913 4777 Antipater
927 4715 1051 4775 eligentem
1096 4709 1169 4758 modo
1180 4709 1210 4758 ad
1224 4709 1280 4757 boni
1301 4713 1411 4757 naturam
1424 4708 1523 4758 amedit.
1542 4712 1699 4773 nequeenim
1712 4713 1737 4761 in
1755 4715 1819 4762 aula
1840 4730 1878 4764 re·

283 4799 1050 4866 locat,quanireuoluat,duobusproponitioallerummalnmun,
1096 4811 1148 4858 gem
1163 4797 1194 4846 ad
1207 4796 1347 4856 dignitatem
1365 4796 1506 4857 moductum
1520 4796 1584 4858 diei,
1601 4798 1641 4847 ned
1656 4799 1698 4861 qni
1718 4803 1838 4861 proxime
1848 4803 1878 4850 ad

283 4892 309 4937 nt
320 4887 443 4938 sanitatem
455 4900 527 4949 qrram
540 4887 660 4948 morbum,
671 4887 745 4937 vitam
753 4901 824 4948 uuam
832 4889 941 4945 mortem,
955 4886 1050 4935 divitiae
1096 4884 1185 4946 regium
1206 4882 1364 4944 principatum
1384 4881 1506 4933 accedant.
1530 4886 1661 4945 Proposita
1679 4899 1739 4934 reno
1756 4887 1880 4950 appellari

281 4989 353 5037 quam
364 4977 535 5037 paupertatem«
557 4975 609 5024 Pari
624 4989 719 5038 quoque
728 4975 817 5026 ratione
834 4974 995 5037 indignitatem
1010 4975 1051 5022 tri-
1095 4984 1144 5020 non
1157 4970 1246 5019 idcirco
1259 4969 1315 5033 quia
1335 4969 1366 5018 ad
1387 4969 1525 5020 felicitatem
1544 4970 1675 5034 quidquam
1697 4973 1823 5034 atterant,
1836 4976 1880 5024 aed

281 5063 325 5112 bun
333 5061 409 5112 modin
416 5063 489 5125 accipi
496 5063 705 5126 volunt,opponitis
716 5064 832 5126 qnaebuin
842 5063 924 5124 primae
931 5061 1050 5123 dignitatis
1093 5062 1150 5121 quia
1160 5071 1257 5108 moeste
1266 5059 1298 5107 ait
1308 5058 1348 5106 illa
1357 5070 1372 5106 ε
1384 5059 1482 5106 remotio
1494 5059 1545 5107 aire
1555 5059 1649 5120 τοξοσθα
1659 5060 1773 5110 diacerai.

281 5149 420 5210 expositioni
430 5150 612 5211 alteraexparte
624 5149 916 5211 respondentnominibua.
930 5153 964 5198 Αο
975 5147 1049 5198 θωνα·
1125 5147 1236 5208 sequitur
1249 5148 1329 5194 autem
1346 5147 1475 5194 tractatum
1494 5145 1524 5194 de
1540 5148 1672 5208 praeponitis
1689 5149 1742 5197 aira
1754 5152 1882 5210 promotis

281 5237 370 5286 tionem
380 5233 476 5299 quidem
486 5234 601 5297 Diogenen
610 5233 725 5293 judicium
734 5247 785 5288 esse
794 5234 922 5295 contendit,
932 5239 1049 5296 ηιιαῑσιιοη
1094 5226 1153 5284 alter
1166 5234 1197 5284 de
1213 5231 1305 5295 officio.
1327 5232 1443 5284 Detioitur
1461 5245 1518 5282 tero
1539 5233 1660 5298 officium,
1678 5249 1842 5299 comcquena
1855 5239 1881 5288 ia
