3959 5925
62 657 160 746 ’ν’
287 688 416 838 nn
473 682 768 875 arona
826 564 1541 842 uonrsrunnr.

444 1012 452 1039 l

156 1145 214 1202 Sub
222 1141 370 1218 Antigono
379 1141 503 1219 Gonata,
510 1142 651 1202 Demetrii
660 1142 733 1215 illio,
743 1142 796 1219 qui
804 1142 899 1201 Gallis
944 1142 1053 1201 tarium
1067 1156 1162 1201 autem
1174 1140 1497 1223 significabat)‚genere
1508 1146 1725 1224 Borysthenita,

115 1233 217 1310 ejectis
236 1244 266 1290 et
288 1232 464 1309 aduersariis
478 1231 602 1291 devictis
623 1231 767 1294 ellecitut
784 1231 900 1291 Gracia
944 1250 1004 1288 non
1020 1248 1095 1309 pura
1110 1230 1183 1289 facie
1196 1229 1336 1307 insignis,
1353 1232 1404 1289 sed
1426 1232 1583 1311 inscripta,
1599 1234 1726 1295 acerbis·

116 1320 255 1379 diuturna
270 1339 342 1396 pace
366 1320 521 1393 frueretur,
538 1320 657 1396 ingenia
678 1320 832 1396 studiaque
847 1321 899 1379 diu
944 1318 1012 1376 simi
1033 1317 1147 1377 domini
1170 1331 1295 1391 tessera3
1315 1330 1407 1378 mater
1421 1339 1491 1379 vero
1514 1340 1550 1380 ex
1571 1322 1725 1401 lupanari,

116 1428 256 1488 oppressa
270 1422 407 1468 revocata
420 1421 503 1480 sunt,
519 1409 620 1468 accitis
643 1409 770 1466 maxime
784 1410 816 1466 in
833 1407 897 1465 lla-
943 1406 1084 1465 nimirum
1094 1407 1207 1489 qualem
1221 1405 1393 1485 hujusmodi
1403 1407 1491 1466 homo
1501 1410 1607 1469 ducere
1621 1414 1724 1491 possit.

116 1494 268 1556 cedbniam
281 1498 357 1557 viris
370 1496 465 1556 doctis
478 1509 508 1555 et
520 1497 640 1555 eximiis
663 1496 804 1557 doctrinae
823 1515 896 1573 prae·
946 1487 1061 1553 Deinde
1079 1508 1171 1574 pater,
1189 1506 1343 1573 postquam
1358 1515 1469 1556 merces
1494 1518 1553 1556 non
1569 1500 1665 1561 soluto
1678 1522 1727 1561 νε-

115 1585 184 1644 ruiis
208 1586 379 1664 propositis.
394 1584 471 1643 llinc
491 1584 603 1643 clarum
624 1584 751 1643 &nonis
773 1582 895 1658 nomen,
947 1583 1045 1658 ctigali
1056 1581 1285 1663 importavit(4)‚
1300 1604 1366 1643 cum
1378 1597 1437 1643 tota
1447 1585 1535 1643 domo
1544 1589 1726 1657 renundatus¹

115 1673 243 1732 Cratetis
257 1675 430 1751 utriusque,
443 1672 609 1732 Academici
623 1686 651 1731 et
664 1672 782 1749 Cynici,
797 1671 897 1732 Theo·
944 1682 997 1728 est.
1013 1669 1129 1728 Accidit
1150 1682 1230 1741 tum,
1250 1683 1283 1728 ut
1306 1690 1353 1729 me
1376 1672 1622 1732 adolescentulum
1648 1675 1726 1735 haud

116 1759 229 1837 phrasti
254 1761 446 1837 aliorumque.
461 1759 496 1817 ln
518 1760 638 1820 eandem
659 1772 770 1818 atatem
792 1760 897 1819 incidit
942 1756 1096 1835 illepidum
1111 1759 1342 1836 oraturquidam
1355 1762 1584 1837 emeret,quiet
1597 1764 1727 1825 moriens
1824 1832 1830 1843 ⁵

114 1848 176 1905 vita
188 1848 290 1906 Bionis
305 1847 358 1926 (ι),
374 1848 410 1906 de
428 1868 486 1926 quo
501 1848 644 1908 disserere
658 1849 707 1907 hic
720 1849 869 1909 constitui.
943 1860 1048 1905 cuncta
1061 1846 1135 1908 mihi
1152 1847 1286 1925 reliquit.
1302 1848 1386 1908 lllius
1398 1868 1453 1925 ego
1466 1848 1552 1909 libris
1567 1852 1727 1912 combustis

155 1935 185 1995 ls
200 1956 265 1995 cum
279 1935 396 1995 Persaeo
409 1949 438 1995 et
455 1935 613 1995 Philonide
626 1938 659 1995 in
674 1938 740 1996 aula
755 1938 896 2013 Antigoni
943 1936 1141 2013 omnibusque
1156 1937 1281 1996 corrasis
1293 1938 1420 1997 Athenas
1431 1940 1562 1999 concessi
1577 1939 1679 2018 ibique
1690 1940 1726 1999 ad

119 2026 223 2084 vivens
246 2025 405 2102 aliquando
428 2044 446 2083 a
470 2043 556 2100 rege,
579 2025 658 2102 quod
681 2025 807 2084 obscuro
831 2027 896 2085 loco
944 2022 1140 2101 philosophiae
1157 2024 1285 2083 studium
1300 2042 1346 2084 me
1357 2027 1479 2087 contuli.
1677 2024 1686 2043 '

116 2125 201 2171 natus
215 2133 279 2172 esse
292 2126 475 2191 argueretur,
489 2114 532 2172 sic
545 2114 742 2189 interrogatus
755 2127 798 2173 est
813 2114 851 2193 (ο)
865 2138 873 2173 ι

145 2261 206 2317 Quis
218 2213 268 2309 tu?
279 2270 337 2322 qua
349 2260 442 2321 patrio
452 2257 567 2320 mtipul
577 2259 603 2305 te
612 2259 876 2319 concorporentur?

49 2431 54 2442 .
112 2382 168 2440 Cui
179 2382 228 2440 ille
238 2381 391 2459 respondit
404 2403 410 2438 :
423 2381 512 2458 Atqui
521 2380 595 2439 bene
607 2382 689 2454 sacis,
702 2400 793 2454 orex,
805 2403 895 2461 quum

113 2468 228 2545 indiges
241 2470 416 2544 sagittariis,
435 2468 514 2545 quod
527 2488 588 2527 non
603 2488 708 2545 genere
723 2473 903 2548 perquisito,¹

112 2556 163 2615 sed
177 2576 267 2636 scopo
290 2561 457 2635 proposito,
473 2557 602 2635 optimos
625 2557 744 2616 illorum
758 2576 892 2618 assumis.

111 2643 160 2701 Sic
180 2644 273 2719 igitur
294 2645 401 2718 etiam,
417 2643 497 2721 quod
518 2644 555 2701 ad
575 2644 685 2702 amicos
703 2644 821 2719 attinet,
836 2665 896 2702 non

112 2731 210 2805 unde,
226 2733 275 2790 sed
291 2734 393 2809 quales
414 2732 489 2802 sint,
507 2731 640 2807 explora.
654 2729 743 2788 Pater
757 2750 839 2789 meus
859 2732 895 2789 li·

112 2817 213 2877 hertus
229 2819 295 2887 luit,
314 2818 415 2876 cubito
431 2836 463 2875 se
485 2835 645 2893 emungens
662 2816 703 2896 (3)
726 2816 894 2894 (salsamen-

142 2997 176 3058 (t)
188 2996 226 3045 ct.
236 2998 292 3044 Jan.
306 2997 368 3044 Mar.
380 2995 509 3058 iiooguiiet
523 2995 651 3057 Spectmen
669 2994 895 3057 philosophico-cri·

110 3069 186 3117 ticum
199 3067 325 3116 continens
338 3067 456 3116 diatrihcn
469 3066 501 3117 de
511 3068 587 3117 Bione
600 3066 777 3128 Borysthenita.
786 3067 896 3129 Lugduni

112 3140 258 3186 Βιιονοιοω
269 3140 374 3186 turh-
382 3137 416 3198 (ι)
426 3137 543 3198 Diogenes
552 3135 711 3186 Laertiuslih.
723 3138 767 3198 lv,
778 3140 823 3187 io:
834 3137 896 3188 Βίων

109 3207 138 3256 τὸ
150 3206 192 3267 μὲν
204 3207 270 3266 γένος
282 3205 311 3267 ἢν
328 3206 508 3269 Βορυσθενίτης·
520 3205 553 3254 ῶν
568 3223 638 3255 τινων
649 3205 675 3254 δὲ
688 3206 785 3267 γονέων,
800 3208 840 3255 καὶ
857 3206 896 3267 ἀφ’

110 3278 167 3327 σίων
180 3276 324 3339 πραγμάτων
341 3275 393 3336 ἧξεν
409 3277 447 3325 ἐπὶ
458 3275 603 3339 φιλοσορίαν,
616 3275 684 3331 αὐτὸς
700 3274 826 3339 Ἀντιγθνιρ
844 3277 895 3326 δια-

111 3352 186 3410 σαφεῖ.
201 3346 327 3412 Ἔρομίνου
340 3347 385 3410 γὰρ
394 3345 473 3407 αύτθν,
486 3347 543 3406 Τίςς
553 3346 623 3395 πόθεν
635 3346 668 3402 εἷς
680 3347 784 3410 ἀνδρῶνς
794 3347 849 3397 πόθι
858 3365 896 3397 τοι
960 3392 966 3404 ,

108 3419 177 3475 πόλις
189 3418 231 3477 toi
242 3424 338 3480 τοκῆες)
349 3417 486 3480 αἰσθόμενος
499 3419 534 3468 ὅτι
545 3417 754 3483 προδιαθέάληται,
769 3419 826 3482 φησί
839 3419 897 3482 πρὸς

110 3489 188 3539 αὐτόν·
202 3489 277 3551 Ἐμοῦ
294 3491 395 3552 θπατὴρ
405 3489 446 3550 μὲν
464 3489 668 3553 ἧνάπελιύθερος,
683 3493 718 3551 τῷ
732 3489 821 3548 ἀγκῶνι
834 3488 894 3537 ἀπο·

110 3561 254 3622 μυσσόμενος
269 3561 384 3622 (διεδήλου
395 3561 420 3609 δὲ
433 3561 473 3610 τάν
482 3562 670 3624 ταριχέμπορσν),
680 3561 745 3621 γένος
757 3560 894 3624 Βορυσθενί-

108 3646 164 3691 της,
174 3628 236 3691 ἔχων
247 3629 276 3678 ού
287 3629 424 3690 πρόσωπον,
435 3630 495 3677 ἀλλὰ
506 3631 639 3690 συγγραφὴν
651 3629 690 3678 ἐπὶ
702 3634 744 3678 τοῦ
753 3631 892 3691 προσώπου,

110 3705 150 3756 τῆς
159 3703 201 3747 τοῦ
210 3698 325 3747 δεσπότου
335 3698 428 3760 πικρίας
438 3698 565 3758 σύμθολον·
574 3699 649 3759 μήτηρ
659 3699 692 3760 δέ,
703 3699 756 3746 σίαν
766 3701 893 3755 ὁτοιοῦτος

108 3771 136 3817 ἂν
149 3769 236 3830 γήμαι,
255 3768 300 3816 ἀπ’
315 3768 451 3828 οἰκήματος.
465 3767 588 3816 Ἔπειταθ
602 3769 680 3830 πατὴρ
695 3769 893 3832 παρατελωνησά-

110 3839 177 3901 μενός
191 3855 230 3898 τι,
246 3838 367 3894 πανοίκιος
381 3836 469 3901 ἐπράθη
486 3836 537 3897 μεθ’
547 3839 623 3900 ἡμῶν.
637 3836 684 3885 Καί
698 3853 728 3898 με
741 3837 847 3901 ἀγοράζει
859 3855 894 3895 τις

110 3911 187 3973 ῥήτωρ
198 3909 310 3973 νεώτερον
321 3909 378 3958 ὄντα
389 3909 429 3956 καὶ
447 3907 550 3972 εὔχαριν
564 3907 589 3964 θς
602 3908 642 3956 καί
655 3907 811 3966 ἀποθνήσκων
824 3910 894 3958 κατέ·

34 3997 39 4006 ·
108 3982 161 4031 λιπέ
173 3997 213 4042 μοι
230 3979 315 4029 πάντα.
329 3980 404 4040 Κάγὼ
422 3978 574 4036 κατακαύσας
587 3979 661 4028 αὐτοῦ
678 3978 706 4027 τὰ
720 3979 894 4044 συγγράμματα

77 4107 82 4114 .
109 4054 150 4101 καὶ
159 4052 236 4100 πάντα
245 4052 375 4112 συγξύσας,
385 4051 491 4109 Ἀθήναζε
500 4049 569 4110 ἦλθον
578 4051 619 4099 καί
629 4048 795 4113 ίριλοσθρησα.
801 4051 893 4109 Ταύτης

961 2144 1058 2205 ,Ηκίιιε
1070 2156 1110 2194 me
1121 2158 1175 2195 esse
1184 2148 1285 2208 putris,
1294 2149 1394 2209 periens
1407 2159 1448 2196 me
1459 2147 1558 2209 οίοιίοι
1568 2146 1648 2210 huius
1660 2149 1703 2212 (5).

942 2253 1011 2312 llaec
1023 2253 1114 2313 habui
1127 2275 1193 2333 quae
1207 2256 1243 2314 de
1256 2275 1302 2314 me
1316 2256 1454 2315 dicerem.
1467 2256 1666 2327 Quamobrem
1678 2259 1727 2319 de·

943 2343 1041 2402 sinant
1053 2342 1185 2404 Persaeus
1201 2358 1232 2402 et
1249 2344 1420 2413 Philonides
1435 2346 1492 2404 ista
1506 2349 1653 2429 memoriae
1667 2362 1726 2407 tra-

942 2431 1029 2505 dere,
1049 2451 1095 2489 me
1118 2444 1213 2490 autem
1232 2450 1269 2489 ex
1294 2433 1425 2514 meipso
1449 2447 1556 2509 specta.
1584 2436 1725 2494 Caeterum

942 2517 1174 2575 Bionismatrem
1183 2518 1419 2575 memoratetiam
1428 2519 1727 2581 Athenaeuslib.Xl'l.l

940 2625 971 2681 p.
987 2604 1041 2679 591
1055 2602 1092 2676 F,
1105 2604 1158 2681 qui
1177 2622 1241 2663 eam
1255 2603 1397 2683 Olympiae
1416 2606 1533 2663 nominc
1549 2618 1682 2665 vocatam
1695 2624 1728 2665 et

940 2687 1091 2747 herenam
1107 2690 1196 2749 suisse
1212 2690 1301 2755 refert
1318 2691 1368 2771 (6).
1390 2690 1510 2750 Constat
1523 2692 1615 2769 igitur
1633 2694 1726 2772 Rory·

940 2776 1096 2835 sthenitam
1118 2777 1178 2836 illis
1193 2797 1255 2837 esse
1274 2779 1524 2838 annumerandum
1539 2781 1591 2858 qui
1613 2782 1725 2858 ingenii

941 2864 1142 2941 magnitudine
1155 2878 1184 2923 et
1195 2865 1335 2925 doctrina
1349 2866 1508 2927 subtilitate
1522 2869 1661 2928 natalium
1671 2870 1725 2929 hu-

941 2951 1095 3011 militatem
1110 2954 1168 3032 ipsi
1184 2952 1382 3018 nobilitarint.

981 3041 1056 3099 Bion
1080 3054 1112 3101 ut
1143 3041 1273 3102 Athenas
1306 3044 1443 3116 advenit,
1472 3043 1559 3102 rebus
1590 3045 1727 3106 omnibus

941 3128 1117 3207 posthabitis
1129 3142 1222 3188 totum
1238 3148 1270 3190 se
1283 3131 1315 3190 in
1329 3134 1442 3210 optimo
1457 3133 1522 3190 vitae
1534 3144 1610 3191 statu
1622 3136 1726 3212 exqui-

941 3216 1194 3276 rendocollocavit
1203 3231 1233 3276 et
1242 3239 1307 3278 cum
1319 3220 1489 3280 clarissimis
1499 3221 1529 3278 in
1539 3219 1728 3300 philosophia

939 3304 1110 3364 auctoribus
1124 3319 1255 3365 versatus
1267 3319 1322 3369 est.
1344 3305 1453 3366 lncidit
1474 3321 1568 3366 autem
1584 3308 1725 3368 adventus

939 3411 1004 3469 eJus
1023 3395 1055 3452 iu
1076 3394 1150 3452 illud
1164 3407 1298 3472 tempus,
1321 3414 1381 3471 quo
1405 3396 1437 3453 in
1456 3394 1612 3452 Academia
1625 3395 1726 3455 Crates

940 3480 1097 3556 diligenter
1110 3499 1144 3538 ea
1156 3500 1222 3557 quae
1240 3501 1258 3553 a
1271 3479 1474 3560 superioribus
1494 3494 1644 3560 acceperat
1662 3495 1725 3541 tue-

939 3567 1027 3628 batur
1050 3568 1101 3649 (7).
1130 3569 1216 3628 Hunc
1242 3569 1343 3645 igitur,
1369 3581 1470 3646 utpote
1495 3569 1594 3628 virum
1622 3588 1726 3646 magna

941 3656 1025 3715 samae
1039 3655 1207 3716 celebritate
1224 3655 1287 3732 jam
1309 3653 1480 3714 absentibus
1502 3669 1619 3728 notum,
1638 3657 1725 3718 initio

940 3744 1058 3820 quidem
1081 3743 1216 3816 audivit,
1231 3743 1282 3801 sed
1304 3763 1372 3802 mox
1386 3742 1451 3820 ejus
1472 3744 1605 3802 instituta
1625 3764 1725 3824 asper-

939 3844 1024 3889 natus
1034 3829 1088 3909 (8),
1098 3841 1193 3888 sumto
1203 3830 1295 3906 pallio
1306 3843 1334 3888 et
1343 3849 1413 3910 pera
1422 3831 1457 3889 ad
1467 3831 1606 3908 Cynicam
1617 3846 1722 3892 sectam

938 3987 959 4047 I,
972 3987 999 4046 i,
1015 3984 1063 4032 vol.
1077 3983 1111 4032 Xl
1127 3996 1151 4045 p.
1170 3983 1378 4037 stauilitum:
1394 3987 1408 4033 θ
1421 3983 1466 4047 γὰρ
1477 3985 1549 4033 εἰπὼν
1562 3985 1725 4048 ταριχοπώλην

938 4054 1035 4104 αὐτόθεν
1048 4053 1205 4118 ἐλοιδόρησεν·
1216 4055 1230 4104 θ
1242 4055 1266 4106 δὲ
1277 4056 1365 4118 φήσας,
1376 4055 1519 4118 Μεμνήμεθοί
1534 4072 1562 4104 σε
1573 4059 1607 4115 τῷ
1618 4055 1725 4118 βραχίονι

108 4140 145 4172 τοι
157 4127 236 4183 γενεῆς
250 4138 275 4170 τε
287 4125 328 4171 καί
340 4123 439 4187 αἵματος
451 4123 552 4185 εὔχομαι
566 4122 633 4170 εἶναι.
646 4120 787 4171 Trotilon
799 4122 829 4170 τὰ
839 4119 893 4171 κατ’
939 4126 1141 4189 ἀπομυττόμενον,
1150 4125 1253 4190 ἔσκωψε.
1262 4126 1370 4188 scriptor
1381 4123 1567 4175 Rhetorioorum
1577 4123 1607 4172 ad
1616 4125 1723 4174 Heroon.

108 4194 158 4254 spi.
170 4193 247 4242 Ὥστε
258 4193 436 4243 παυσάσθωσαν
451 4192 567 4257 nanto<
584 4209 611 4241 τι
625 4193 666 4240 ναὶ
685 4191 815 4249 Φιλωνίδης
829 4195 894 4242 icco-
938 4197 980 4248 tio.
993 4200 1037 4257 lv,
1057 4201 1087 4248 st
1100 4215 1107 4247 ι
1123 4216 1135 4240 «
1146 4199 1178 4248 Ut
1186 4197 1206 4248 si
1220 4195 1395 4247 salsamentarii
1406 4195 1455 4246 ilio
1469 4195 1537 4245 dicas
1550 4209 1558 4244 ε
1573 4194 1671 4258 quiesce
1683 4198 1724 4258 tu,

108 4268 201 4326 σοῦντετ
225 4263 300 4311 aare·
319 4263 403 4312 caica
426 4263 453 4311 δέ
471 4274 502 4325 itt
520 4264 543 4317 ἐξ
565 4262 676 4324 ἐμαυτοῦ·
697 4261 809 4312 Sl⁰bae⁰⁸
828 4263 892 4313 Flot·
937 4267 1009 4330 cuius
1020 4269 1086 4328 paler
1097 4267 1180 4318 cubito
1190 4279 1354 4330 seemungere
1362 4266 1463 4317 solebat.
1473 4286 1485 4308 ν
1498 4267 1628 4317 Suetonius
1640 4265 1726 4320 iulio.-

108 4334 245 4394 Lxxxvi,
265 4337 294 4383 ¹3
309 4355 316 4383 τ
329 4333 457 4396 Ἀντίγονον
473 4336 487 4382 ὁ
502 4334 610 4397 βασιλεὺς
626 4332 706 4382 Βίωνα
721 4333 761 4382 τὸν
771 4334 894 4397 φιλόσοφον
938 4340 993 4390 ratii
1005 4339 1056 4390 vila
1070 4359 1076 4388 :
1091 4358 1105 4384 ι
1120 4339 1235 4390 Horatius
1252 4339 1364 4402 Flaccus,
1380 4337 1533 4398 Venusinus,
1546 4339 1626 4400 patre,
1637 4335 1725 4399 utipse

108 4405 259 4463 δννὸλιθέντα
271 4407 303 4462 ὡς
317 4407 416 4468 &verret
430 4407 513 4469 ἤρετο·
526 4405 581 4467 Τίς)
596 4404 666 4454 πόθεν
684 4406 717 4462 εἶτ
726 4404 830 4468 ἀνδρῶνα
839 4405 894 4454 πὸθι
939 4409 1025 4472 tradit,
1039 4409 1153 4460 libertino
1162 4411 1187 4460 et
1197 4410 1354 4460 exactionum
1364 4410 1487 4470 coactore,
1497 4411 1526 4458 ut
1537 4419 1595 4458 vere
1605 4405 1723 4457 creditum

107 4474 807 4540 τοιπόλιτὴδὲτνιῆοτιίίάνιῖνοτιῖπεν·Ἀλλ’ὂρθῶιίκνι,
823 4475 894 4537 title·
939 4483 992 4540 est,
1014 4481 1211 4543 salsamentario,
1235 4494 1311 4543 quum
1336 4479 1372 4530 illi
1394 4479 1495 4542 quidam
1521 4479 1545 4526 in
1569 4476 1725 4535 altercatione

108 4550 184 4609 σῑλῑῡν
197 4548 364 4606 &mittio
373 4549 453 4614 χρείαν
462 4545 894 4613 ίχιτννῦιίρωτῶντατὸιένοιιᾶλλὰ
938 4551 1107 4614 exprobrasset
1131 4550 1275 4608 :Quotiens
1297 4563 1343 4614 ego
1367 4549 1418 4598 ridi
1438 4551 1528 4611 patrem
1550 4549 1619 4596 tuum
1643 4544 1726 4596 cubito

106 4619 197 4666 τιθέντα
209 4618 249 4667 τὸν
267 4619 358 4669 σκοπὸν
374 4620 427 4676 τοὺς
448 4620 557 4684 ἀρίστους
570 4619 677 4675 solertiis
694 4617 892 4682 παραλανόάνειν·
939 4623 1127 4683 emunganlemt
1135 4624 1208 4682 -(ι)
1219 4621 1277 4670 vid.
1288 4620 1388 4671 Boeclrh.
1401 4616 1602 4669 staauhaushalt.
1613 4615 1657 4666 der
1665 4616 1721 4666 Alli.

108 4689 182 4746 οὕτως
192 4687 232 4737 οὖν
242 4690 282 4738 καὶ
293 4691 388 4740 ἐπὶτῶν
400 4690 472 4754 φιλῶν
483 4691 572 4748 ἐξέταζε
581 4690 609 4739 οὐ
621 4688 691 4738 πόθεν
703 4688 772 4750 εἰσίν,
783 4686 842 4736 iiia
856 4688 892 4737 τί·
939 4694 990 4743 rot.
1009 4693 1021 4741 1
1033 4705 1056 4754 p.
1071 4697 1116 4742 sot
1132 4704 1183 4756 seq.
1197 4719 1228 4727 -
1240 4691 1274 4755 (5)
1290 4691 1358 4741 ttici.
1378 4693 1419 4752 vi,
1434 4693 1495 4752 att,
1509 4687 1541 4738 ad
1553 4699 1625 4750 quem
1635 4687 1725 4738 ausu·

107 4777 151 4815 νῑι-
164 4785 196 4796 -
206 4760 239 4822 (³)
250 4761 336 4811 Suldts
348 4775 373 4812 V·
384 4763 473 4822 ἀγκών·
484 4764 524 4811 καὶ
540 4760 670 4824 παροιμία,
681 4765 716 4820 τῷ
726 4760 815 4823 ἆγνῶνι
832 4761 892 4810 ἀπο·
937 4764 1005 4814 thius
1017 4778 1025 4812 ε
1038 4764 1141 4814 ἐντεῦθεν
1150 4765 1190 4812 καί
1202 4765 1216 4812 ὁ
1229 4763 1327 4820 Κυνικὸς
1345 4760 1487 4819 Ἀντισθένης
1497 4759 1656 4824 χρησάμενος,
1667 4759 1725 4822 πρὸς

109 4830 262 4892 μνσσθμενοι.
276 4830 339 4882 Βίων
356 4835 370 4882 d
386 4832 511 4896 φιλόσοφός
523 4845 601 4895 φησιν·
614 4832 672 4895 ἐμοῦ
687 4834 700 4881 θ
712 4833 790 4896 πατὴρ
807 4833 849 4895 μὲν
864 4831 893 4893 ἦν

107 4901 274 4966 ἀπελεύθερος,
297 4909 333 4968 τῷ
353 4905 443 4968 ἀγκῶνι
463 4904 668 4972 ἀπομυσσόμενος.
684 4906 797 4962 Διεδήλου
816 4905 841 4954 δὲ
854 4905 894 4953 τὸν

108 4974 286 5038 ταριχέμπορον.
300 4977 443 5028 lluslalhltis
454 4976 485 5026 ad
499 4977 569 5027 itiad.
584 4980 619 5026 vl
632 4990 686 5040 pag.
696 4978 743 5030 495
754 4976 793 5026 ed.
806 4975 891 5026 Basti:

106 5045 139 5098 ῶς
153 5043 206 5104 ἐμοὶ
215 5047 292 5110 πατὴρ
301 5048 343 5109 μὲν
351 5046 381 5108 ἢν
391 5052 426 5111 τῷ
438 5049 527 5110 ἀγκῶνι
540 5047 749 5111 ἀπομυσσόμενος,
763 5047 835 5107 ἤγουν
850 5063 893 5096 τα·

106 5115 255 5178 ριχίμπορος.
270 5116 337 5167 ldem
350 5131 403 5181 pag.
416 5124 462 5168 613
474 5139 480 5168 :
491 5120 567 5182 πατὴρ
578 5122 613 5180 τῷ
624 5118 713 5181 ἀγκῶνι
723 5117 893 5181 ἀπομυσσόμε-

106 5204 158 5246 νος,
171 5187 211 5235 διὰ
220 5188 248 5236 τὸ
261 5190 293 5250 μὴ
307 5189 369 5254 ἔχειν
384 5190 472 5248 δηλαδὴ
488 5195 558 5240 τοῦτο
570 5194 647 5240 ποιεῖν
660 5195 690 5252 τῇ
702 5190 762 5254 χειρὶ
774 5188 892 5252 ἀσχολου-

106 5259 164 5320 utra
179 5259 231 5321 περὶ
246 5261 391 5311 elimasse.
412 5262 557 5332 Plutarchus
570 5265 683 5326 sympos.
704 5261 744 5312 tib.
763 5264 787 5311 ti
799 5261 892 5318 Quart.

939 4835 979 4884 τὸν
993 4836 1146 4898 ἀνακρίνοντα
1158 4835 1259 4897 τὸγένος
1269 4835 1341 4884 αὐτοῦ
1353 4833 1435 4890 εἰπών,
1445 4834 1478 4887 ὡς
1494 4831 1545 4894 ἐμοὶ
1556 4829 1633 4895 πατὴρ
1643 4831 1684 4893 μὲν
1697 4829 1724 4892 ἦν

938 4914 972 4970 τῷ
990 4907 1081 4970 ἀγκῶνι
1100 4906 1310 4970 ἀπομυσσόμενος,
1329 4906 1401 4966 ἤγουν
1420 4903 1597 4966 ταριχέμπορος.
1618 4899 1668 4951 Sed
1685 4901 1725 4952 itta

938 4978 1063 5040 memoriae
1075 4977 1144 5040 lapsu
1154 4977 1320 5028 Autlstlienem
1332 4989 1376 5038 pro
1386 4975 1459 5025 Bione
1470 4973 1560 5035 posuit.
1568 5001 1598 5013 -
1608 4971 1642 5034 (ο)
1652 4971 1724 5023 Αίίιι·

938 5061 1009 5099 umus
1022 5048 1067 5098 lib.
1080 5049 1139 5116 tint
1153 5061 1175 5110 p.
1191 5051 1233 5098 591
1249 5049 1268 5096 F
1279 5060 1285 5090 ν
1298 5047 1337 5096 riri
1353 5045 1414 5096 Βίων
1424 5043 1443 5094 θ’
1453 5046 1466 5094 ὁ
1476 5041 1643 5107 Βορυσθενίτης
1658 5043 1723 5103 φιλό·

938 5136 1009 5183 σοῳς
1021 5119 1113 5182 ἑταίρας
1126 5117 1156 5179 ἦν
1166 5119 1217 5175 υίὸς
1232 5117 1361 5180 Ὀλυμπίας
1376 5115 1511 5176 Λακαίνης,
1522 5115 1554 5172 ὥς
1569 5131 1626 5180 φησι
1640 5112 1723 5170 Νικίας

938 5193 953 5241 θ
969 5190 1071 5247 Νικαεὺς
1091 5189 1115 5238 ίν
1133 5193 1184 5245 ταῖς
1195 5193 1242 5238 τῶν
1260 5187 1392 5250 φιλοσόφων
1405 5187 1533 5250 ἀιαθοχιίίς.
1544 5211 1576 5221 -
1586 5185 1620 5246 (7)
1637 5183 1724 5239 iliceto

939 5259 1014 5311 Actd.
1025 5261 1047 5322 l,
1057 5266 1080 5310 o.
1090 5261 1163 5321 -(θ)
1179 5257 1298 5322 Diogenes
1312 5257 1419 5308 laertius
1429 5257 1471 5306 lib.
1487 5253 1521 5305 lv
1545 5259 1571 5306 5l
1584 5273 1590 5302 ι
1606 5252 1673 5311 οὗτος
1682 5253 1723 5309 τὴν

892 5349 935 5394 tte
1600 5341 1631 5384 21
