3959 5925
228 367 284 418 itio
929 361 1129 426 cantelou

226 503 313 551 unum,
324 501 369 540 aec
380 487 492 552 simplex,
505 489 600 538 initiam
613 494 699 540 cancta
709 491 849 553 continens,
861 492 905 542 sed
919 493 1006 554 conjn—
1051 509 1154 560 sumque
1165 501 1193 546 nt
1209 497 1285 548 imum
1301 499 1389 562 medlo,
1404 501 1440 549 sic
1452 501 1568 552 medietas
1576 515 1687 564 summo;
1698 507 1751 555 tum
1767 515 1833 558 certe

226 579 290 640 gatio
302 577 422 640 copulata.
456 580 489 627 Ut
501 576 572 639 igitur
582 577 730 640 exemplari,
743 579 813 640 cujus
827 579 1006 630 aemulationem
1052 583 1169 635 medietas
1181 598 1196 635 a
1207 598 1315 649 summo,
1327 593 1352 637 et
1365 588 1422 637 item
1434 589 1674 651 innominandae:
1686 605 1831 656 sursumque

226 665 391 727 mutuabatur,
406 666 478 714 etiam
502 666 527 714 in
547 679 648 715 numero
661 665 747 716 similis
762 672 838 728 esset;
853 667 942 718 idcirco
962 683 1008 719 aec
1051 670 1148 720 extimis
1172 671 1220 722 illis
1242 673 1274 722 ad
1296 674 1432 724 medietatis
1452 675 1613 726 conditionem
1629 681 1702 740 atquo
1723 681 1830 742 ejusdem

226 753 410 804 innumerabiles
430 752 514 802 mundi
530 771 538 804 ι
553 753 595 802 sed
616 754 879 805 unicussbeoiactua
894 758 943 805 est.
977 761 1007 806 Et
1053 759 1196 818 parilitatem
1215 761 1318 810 redactis
1338 780 1345 810 ι
1365 775 1421 811 cum
1440 763 1555 828 medietas
1568 777 1667 828 quoque
1686 767 1832 818 extimarum

226 843 282 906 quia
301 841 473 904 corpulentus,
486 841 649 903 visibilisque,
661 844 686 890 ct
699 843 841 904 contiguus,
857 842 943 891 merito
956 847 1007 892 erat
1052 827 1129 893 sicem
1145 845 1248 907 suscipit
1260 864 1267 895 ι
1280 846 1320 910 sit,
1330 847 1426 911 opinor,
1437 851 1465 898 ut
1479 851 1529 898 tota
1543 851 1643 900 materia
1654 865 1701 904 una
1712 855 1738 902 et
1748 855 1831 904 eadem

225 933 334 989 taturus;
356 929 408 978 sine
432 929 486 989 igne
512 942 583 991 porro
617 929 675 979 nituit
701 929 796 978 risibile
823 931 941 993 sentilam
963 944 1007 982 nec
1052 933 1144 981 ratione
1164 933 1365 998 societur,eoque
1383 937 1557 998 pacto,eadem
1573 937 1618 986 sibi
1636 942 1706 988 erunt
1722 941 1832 990 uniuersa

225 1031 283 1066 aero
304 1016 437 1079 quidquam
460 1017 527 1078 tangi
555 1017 636 1080 potest
660 1016 713 1065 sine
738 1016 871 1077 soliditate;
897 1017 1005 1068 soliditas
1052 1019 1178 1068 iiiembra:
1194 1021 1284 1083 quippo
1304 1034 1360 1070 cum
1377 1035 1459 1072 eorum
1482 1024 1514 1072 sit
1542 1036 1590 1072 una
1618 1026 1735 1076 conditio.
1773 1030 1832 1078 Unis

226 1117 297 1166 porro
329 1102 393 1152 nulla
423 1103 474 1152 sine
508 1109 571 1153 terra
597 1123 604 1152 :
632 1103 711 1166 ignem
741 1109 876 1166 terramque
899 1107 1007 1167 corporis
1053 1115 1123 1162 porro
1136 1102 1230 1152 allectis
1246 1103 1373 1165 membris,
1386 1117 1462 1153 unum
1479 1105 1538 1167 crit,
1553 1110 1627 1167 alque
1642 1107 1723 1172 idem,
1744 1113 1831 1161 totum.

225 1191 310 1242 mundi
327 1192 483 1241 fundamenta
499 1193 556 1254 jecit
578 1195 654 1242 Deos.
691 1191 859 1256 Quoniamque
877 1193 943 1242 nulla
958 1194 1007 1243 duo
1053 1193 1148 1250 Quare,
1159 1190 1277 1252 sicorpus
1287 1191 1403 1241 uniuersae
1415 1193 1448 1242 rei
1460 1192 1633 1254 longitudinem
1643 1198 1668 1244 et
1682 1196 1832 1247 latitudinem

224 1279 277 1330 siae
303 1279 456 1340 adjunctione
478 1279 541 1328 tertii
576 1278 644 1327 trine
664 1280 690 1328 et
709 1279 904 1328 indissolubiliter
924 1280 1006 1330 ooboe-
1051 1277 1386 1336 satas,crassitudinemrero
1400 1279 1490 1328 nullam
1504 1279 1833 1347 liaberedeberet;essetque

224 1370 304 1418 rent:
328 1381 392 1417 nexu
414 1362 479 1416 enirn
504 1367 585 1416 medio
607 1368 714 1416 extrema
736 1369 847 1416 nectente
868 1379 930 1427 opius
945 1372 1005 1416 est:
1052 1365 1831 1432 huiusmodi,quatisestsolidorumcorporumsuperficies:una

224 1468 300 1505 nexus
316 1469 374 1505 aero
388 1456 541 1504 firmissimus
557 1455 596 1504 iile
608 1458 673 1504 certe
682 1459 728 1515 est,
740 1454 783 1516 qni
800 1459 826 1503 et
845 1455 968 1516 seipsum,
982 1459 1008 1504 et
1052 1433 1167 1504 medietas
1183 1455 1303 1505 sufficeret
1314 1455 1344 1504 ad
1358 1457 1511 1517 semetipsam
1523 1455 1675 1508 uinciendam
1686 1461 1711 1508 et
1726 1459 1832 1509 extimas

224 1558 319 1606 eaquae
335 1557 418 1594 secum
438 1545 587 1604 vinciuntur,
602 1543 658 1592 tacit
677 1555 752 1590 unum
766 1561 772 1591 ι
787 1543 835 1592 troc
849 1556 920 1604 porro
935 1542 1008 1593 eiticit
1053 1546 1141 1603 piantes.
1174 1545 1242 1592 Nunc
1261 1555 1318 1594 vero
1340 1544 1455 1606 quoniam
1471 1543 1591 1594 soliditate
1606 1558 1668 1607 opus
1689 1553 1741 1597 erat
1763 1561 1832 1597 mun·

224 1633 323 1692 modus,
342 1634 368 1681 et
389 1645 493 1692 congrua
518 1643 630 1680 mensum
649 1630 766 1692 partium.
807 1633 868 1680 cuna
891 1631 956 1679 enirn
975 1643 1005 1680 eu
1052 1629 1115 1676 dano
1131 1627 1243 1691 corpori,
1261 1627 1337 1677 solida
1356 1643 1428 1690 porro
1451 1645 1574 1694 nunquam
1597 1646 1659 1695 una,
1678 1635 1719 1684 sed
1739 1635 1833 1685 duabus

225 1720 301 1770 tribas
316 1719 355 1769 vel
376 1719 492 1781 numeris,
511 1719 548 1768 ret
568 1718 684 1783 molibus,
699 1719 735 1766 sel
755 1718 803 1766 ulle
821 1718 868 1766 alia
883 1718 1006 1780 potentia,
1052 1716 1223 1766 medietatibus
1253 1716 1390 1766 illiciuntur
1412 1737 1418 1767 :
1444 1718 1532 1769 idcirco
1562 1721 1646 1770 mundi
1669 1722 1747 1784 opifex
1771 1724 1832 1772 inter

225 1808 339 1859 medietas
360 1808 408 1856 into
425 1808 522 1868 perinde
533 1807 647 1866 ιιιιιιιιιοις
662 1810 689 1854 ut
703 1806 829 1854 summitas
841 1805 939 1854 medio:
955 1820 1006 1854 rur·
1052 1801 1131 1862 ignem
1150 1808 1175 1853 et
1195 1806 1283 1854 terram
1303 1818 1358 1854 aera
1372 1809 1396 1854 et
1410 1819 1496 1867 nquam
1510 1808 1625 1869 inseruit,
1638 1809 1729 1858 libratis
1749 1811 1832 1860 iisdem

230 1905 1833 1930 ——.-—--—------——-—--.-..

226 1961 271 2019 καί
285 1965 333 2018 οὐκ
348 1959 379 2017 ἀν
396 1959 435 2017 ἔτι
449 1958 556 2018 ἐκείνοιν
569 1958 627 2016 ἀλλ’
639 1957 730 2037 ἐκείνῳ
743 1961 781 2036 τῷ
795 1954 942 2036 περιέχονάι
954 1957 1008 2016 τόδ’
1053 1957 1084 2014 τό
1099 1959 1179 2032 μέσον
1193 1955 1241 2032 μέν
1256 1960 1359 2035 πρῶτον
1383 1959 1428 2016 καὶ
1452 1959 1563 2036 ἔσχατον
1586 1961 1751 2038 γιγνόμενον,
1768 1964 1797 2020 τὸ
1811 1965 1834 2021 δ’

227 2048 258 2106 ἀν
273 2045 479 2128 ἀρωμοιωμένον
502 2045 604 2123 λέγοιτο
623 2047 638 2104 ό
655 2045 770 2124 θότερον.
811 2043 871 2105 Ἵνα
889 2036 933 2102 οάν
949 2044 1007 2101 τόδε
1054 2043 1168 2123 ἔσχατον
1192 2043 1286 2104 καὶτὸ
1315 2050 1418 2124 πρῶτον
1439 2036 1472 2105 οὗ
1490 2046 1560 2124 μέσα
1582 2048 1733 2128 ἀμφότερα,
1756 2051 1833 2108 πάνθ’

226 2135 295 2195 κατὰ
315 2135 363 2206 τὴν
388 2133 500 2210 μόνωσιν
523 2132 611 2211 ὅμοιον
634 2070 654 2212 ,ἀ
675 2137 713 2211 τῷ
734 2132 858 2190 παντελεῖ
877 2130 949 2210 ζῴῳ,
965 2131 1008 2187 διὰ
1054 2130 1137 2196 οὕτως
1151 2130 1177 2200 ἐξ
1192 2132 1308 2210 ἀνάγκης
1322 2127 1406 2191 sotiadi
1427 2124 1493 2192 εἶναι
1508 2133 1682 2211 ξυμόήσεται,
1697 2138 1780 2194 satri
1805 2137 1833 2194 δέ

226 2229 308 2281 ταῦτα
330 2221 391 2280 οὔτε
410 2220 456 2278 δύο
475 2220 528 2279 οὔτ’
547 2219 668 2301 ἀπείρους
687 2219 808 2290 ἐποίησεν
829 2223 843 2277 ὃ
862 2221 942 2276 ποιῶν
962 2218 1007 2275 κό-
1055 2219 1181 2297 γενόμενα
1196 2221 1318 2292 ἀλλήλοις
1335 2221 1361 2279 ἓν
1377 2223 1464 2281 ποίντα
1481 2223 1567 2285 ἔσται.

227 2333 322 2386 ομους,
335 2309 393 2367 ἀλλ’
406 2299 443 2376 εἷς
457 2305 499 2366 ὅδε
512 2309 653 2387 μονογενὴς
666 2307 773 2387 οὐρανὸς
787 2306 897 2385 γεγονὼς
911 2305 967 2364 ἔστι
980 2328 1009 2362 τε
1095 2307 1193 2367 XVll.
1219 2310 1252 2367 Ei
1273 2306 1320 2384 μὲν
1336 2299 1380 2366 οάν
1395 2311 1516 2369 ἐπίπεδον
1533 2310 1590 2386 μέν,
1607 2309 1682 2389 βάθος
1702 2309 1729 2368 δέ
1751 2311 1833 2387 μηδὲν

227 2397 271 2454 καὶ
286 2396 322 2454 ἔτ’
338 2395 425 2456 ἔσται.
469 2395 651 2472 Σωματοειδὲς
665 2397 692 2454 δὲ
707 2395 738 2467 δὴ
757 2395 802 2454 καὶ
816 2392 908 2473 ὁρατὸν
925 2392 1009 2452 ἁπτόν
1055 2393 1115 2473 ἔχον
1130 2395 1182 2453 ἔδει
1193 2395 1326 2472 γίγνεσθαι
1340 2396 1370 2454 τὸ
1384 2405 1428 2457 τοῦ
1441 2397 1538 2465 παντὸς
1550 2403 1644 2477 σῶμα,
1659 2398 1706 2476 μία
1724 2398 1834 2476 μεσότης

226 2508 255 2542 τε
270 2485 308 2542 δεῖ
321 2484 352 2543 τὸ
365 2483 502 2560 γενόμενον
517 2474 593 2541 εἶναι.
636 2481 773 2560 Χωριοθέν
794 2482 821 2540 δέ
836 2481 915 2558 πυρὸς
935 2480 1008 2539 οὐδὲν
1055 2479 1087 2537 ἂν
1105 2480 1207 2562 ἐξήρκει
1221 2482 1255 2541 τοί
1270 2508 1298 2542 τε
1322 2489 1379 2560 μεθ’
1395 2488 1476 2557 αὑτῆς
1491 2485 1587 2554 ξυνδεῖν
1605 2486 1650 2545 καὶ
1668 2477 1775 2557 έαυτήν·
1789 2491 1833 2543 νῦν

228 2572 260 2630 ἀν
276 2595 340 2632 ποτε
364 2571 456 2650 ὁρατὸν
474 2571 587 2651 γένοιτο,
603 2571 662 2630 οὐδὲ
678 2570 762 2630 ἁπτὸν
777 2571 838 2630 ἀνευ
861 2569 930 2636 τινὸς
951 2593 1008 2628 ore·
1055 2569 1084 2627 δέ
1104 2601 1145 2616 -·
1166 2570 1271 2650 στερεὸν
1302 2571 1353 2650 γάρ
1380 2571 1444 2631 αὐτὸ
1473 2577 1604 2650 προσῆκεν
1630 2563 1714 2646 disat,
1739 2573 1772 2630 τὰ
1806 2571 1833 2631 δέ

227 2666 302 2740 ρεοῦ,
317 2662 422 2742 στερεὸν
438 2659 464 2718 δὲ
479 2662 526 2720 οὐκ
540 2659 601 2718 ἄνευ
616 2664 677 2737 γῆς·
693 2658 749 2718 ὅθεν
764 2662 794 2718 έκ
808 2657 889 2734 πυρός
902 2657 948 2716 καὶ
961 2661 1010 2733 γῆς
1055 2657 1154 2736 στερεὰ·
1165 2657 1213 2735 μία
1229 2656 1276 2734 μὲν
1291 2657 1426 2736 οὐδέποτε,
1439 2661 1483 2720 δύο
1496 2661 1523 2719 δὲ
1538 2663 1578 2720 ἀεὶ
1592 2661 1731 2738 μεσότητες
1746 2661 1833 2740 ξυναρ-

226 2748 257 2808 τ“ο
281 2755 326 2809 τοῦ
350 2750 447 2814 παντὸς
470 2749 614 2828 ἀρχόμενος
638 2746 785 2816 ξυνιστάναι
813 2749 891 2823 σῶμα
914 2749 928 2804 ὁ
955 2745 1010 2812 θεὸς
1056 2745 1203 2820 μόττουσιν·
1219 2744 1287 2804 οὕτω
1304 2745 1335 2818 δὴ
1353 2749 1434 2826 πυρός
1447 2771 1475 2805 τε
1489 2747 1534 2805 καλ
1550 2752 1598 2826 γῆς
1612 2748 1681 2826 ὕδωρ
1697 2748 1761 2826 ἀέρα
1779 2749 1835 2805 rad

227 2835 321 2895 ἐποίει.
363 2834 636 2906 distinctionem<
652 2831 1009 2912 ξυνίσταοθαιτρίτουχωρὶς
1055 2831 1109 2899 θεὸς
1126 2836 1152 2892 ἐν
1168 2832 1241 2912 μέσῳ
1255 2833 1323 2907 θείς,
1338 2837 1384 2893 καὶ
1398 2835 1462 2916 πρὸς
1476 2837 1579 2908 ἄλληλα
1591 2841 1649 2894 καθ’
1665 2835 1730 2915 ὅσον,
1742 2828 1774 2907 ἦν
1792 2837 1834 2892 δυ-

226 2925 256 2980 οὖ
271 2923 388 2981 δυνατόν·
403 2922 500 2998 δεσμὸν
513 2921 565 3002 γὰρ
580 2925 605 2978 ἐν
620 2923 693 3001 μέσῳ
709 2923 750 2979 δεῖ
762 2944 820 2982 τινα
835 2922 931 3002 ἀμφοῖν
950 2921 1009 2991 Eutr-
1055 2921 1131 2980 νατὸν
1148 2921 1256 2981 ἀνὰ-τὸν
1271 2924 1347 2983 αὐτὸν
1362 2925 1439 3003 λόγον
1456 2925 1687 3006 ἀπεργασάμενος,
1703 2923 1725 2995 ό,
1743 2948 1769 2983 τι
1785 2946 1834 3002 περ

228 3010 329 3085 αγωγον
344 3009 487 3086 γίγνεσθαι.
531 3011 642 3083 Δεομῶι
653 3008 680 3065 δέ
690 3008 828 3074 κάλλιστος
844 3007 871 3073 te
886 3008 918 3067 ἀν
931 3010 1009 3069 αὑτὸν
1056 3013 1109 3088 πῦρ
1124 3010 1188 3091 πρὸς
1203 3013 1284 3091 ἀέρα,
1295 3019 1371 3071 τοῦτο
1385 3015 1450 3092 ἀέρα
1467 3016 1531 3094 πρὸς
1545 3014 1631 3093 ὕδωρ,
1649 3014 1694 3073 καὶ
1708 3012 1731 3086 ό,
1744 3038 1770 3071 τι
1785 3010 1834 3092 ἀὴρ

227 3096 272 3154 καὶ
292 3097 327 3154 τὰ
352 3096 509 3170 ἱννδοόμενοι
524 3096 564 3152 ὅτι
583 3095 699 3166 pomieno
716 3093 743 3151 ἓν
760 3100 834 3173 ποιῇ.
877 3099 964 3156 Τοῦτο
982 3096 1009 3154 δὲ
1056 3098 1120 3173 πρὸς
1133 3097 1215 3178 ὕδωρ,
1236 3105 1311 3159 τοῦτο
1328 3101 1396 3180 ὕδωρ
1412 3102 1474 3180 πρὸς
1490 3106 1550 3179 γῆν,
1566 3102 1686 3174 innitare
1704 3102 1749 3158 καὶ
1765 3100 1835 3169 ξυνε-

227 3184 340 3263 πίρυκεν
368 3184 495 3259 ἀναλογία
520 3184 648 3240 κάλλιστα
674 3184 820 3240 ἀποτελεῖν
839 3182 937 3242 ὁπόταν
956 3183 1009 3263 γάρ
1055 3184 1170 3248 ordonna
1184 3186 1292 3263 οὐρανόν
1307 3188 1399 3265 ὁρατὸν
1418 3188 1463 3245 καί
1483 3190 1576 3249 ἁπτόν.
1623 3189 1677 3247 liet
1692 3187 1735 3245 διὰ
1751 3194 1835 3246 ταῦτα

227 3273 344 3350 ἀριθμῶν
360 3274 439 3349 τριῶν
461 3268 512 3327 εἴτε
527 3269 611 3346 όγκων
627 3268 678 3326 εἴτε
699 3267 832 3341 δυνάμεων
848 3271 1007 3327 ὡντινωνοῦν
1056 3270 1085 3327 ἔκ
1101 3294 1129 3327 τε
1143 3270 1174 3341 δὴ
1191 3270 1288 3330 τούτων
1304 3273 1425 3331 τοιούτων
1445 3274 1490 3331 καί
1506 3276 1549 3333 τὸν
1573 3273 1681 3352 ἀριθμὸν
1703 3274 1835 3351 τεττάρων

227 3352 290 3439 ,ἀπὸ
311 3358 400 3436 μέσον,
415 3361 438 3429 ἀ,
456 3382 481 3415 τι
495 3381 545 3437 περ
565 3357 594 3427 τό
613 3360 716 3436 πρῶτον
736 3356 802 3434 πρὸς
830 3355 911 3426 αὐτό,
932 3360 1009 3414 τοῦτο
1055 3358 1084 3415 τὸ
1104 3362 1148 3413 τοῦ
1168 3357 1267 3435 κόσμου
1290 3364 1367 3435 σῶμα
1384 3360 1507 3437 ἐγεννήθη
1529 3363 1561 3418 δι’
1576 3358 1715 3434 ἀναλογίας
1738 3362 1835 3429 ὁμολο-

230 3450 294 3507 αὐτὸ
308 3446 412 3525 πρδςτὸ
422 3445 544 3527 ἔσχατον,
557 3445 603 3503 καὶ
614 3435 774 3509 adteruisse
785 3443 808 3515 ὅ,
821 3467 846 3501 τι
857 3445 886 3501 τὸ
897 3442 1009 3521 ἔσχατον
1055 3447 1150 3519 γῆσαν,
1172 3445 1259 3524 φιλίαν
1280 3470 1309 3504 τε
1328 3446 1403 3525 ἔσχεν
1428 3450 1457 3505 έιι
1477 3446 1588 3521 τούτοιν,
1608 3445 1670 3503 ὥστ’
1685 3447 1720 3509 είς
1740 3444 1835 3503 ταύτόν

227 3536 291 3615 πρὸς
305 3535 334 3593 τὸ
351 3535 441 3612 μέσον,
454 3539 531 3593 τοῦτο
544 3532 574 3592 τὸ
597 3532 675 3609 μέσον
699 3533 762 3613 πρὸς
775 3532 937 3609 τὸπρῶτον,
951 3532 1008 3589 τότε
1055 3536 1125 3610 αὑτῷ
1149 3532 1265 3599 {nveitis
1282 3534 1375 3592 ἄλυτον
1397 3532 1449 3592 ὑπό
1470 3557 1515 3593 του
1534 3535 1614 3592 ἀλλον
1636 3533 1706 3601 πλὴν
1721 3531 1771 3590 ὑπὸ
1789 3537 1835 3589 τοῦ

227 3707 383 3767 igitarunum
395 3705 512 3752 mrsndum
523 3702 687 3751 diximusian
699 3702 777 3761 plures
788 3703 813 3750 et
822 3700 1009 3750 innumerabiles
1028 3702 1032 3723 '
1054 3702 1206 3764 aptissimum
1228 3707 1300 3765 atque
1323 3703 1526 3764 pulcherrimum,
1543 3704 1607 3764 quod
1627 3714 1657 3748 cx
1675 3712 1700 3748 so
1716 3702 1789 3761 atquc
1806 3699 1835 3747 de

230 3794 295 3843 dicto
312 3793 392 3842 rarius
406 3798 429 3841 et
442 3791 545 3841 melius?
561 3792 629 3839 Urius
645 3788 797 3850 protecto,si
813 3774 911 3849 quidem
932 3787 1008 3836 tactim
1053 3785 1160 3849 lis,qum
1170 3788 1287 3850 astringit,
1298 3801 1370 3850 quam
1381 3789 1487 3838 maxime
1503 3800 1578 3837 unum
1593 3788 1673 3837 allicit.
1708 3786 1734 3835 ld
1746 3788 1834 3849 optime

229 3880 310 3931 estad
326 3881 475 3943 exemplum.
508 3878 579 3936 Quod
598 3878 663 3926 enim
686 3889 771 3926 omnes
795 3876 929 3924 animantes
951 3889 1009 3935 aas,
1054 3876 1196 3938 assequitur,
1215 3888 1270 3937 qum
1289 3889 1365 3938 graece
1390 3877 1517 3939 ἀναλογία,
1542 3876 1615 3925 latiae
1635 3874 1781 3938 (audendum
1798 3875 1835 3923 est

228 3971 269 4033 qui
281 3970 371 4019 ratione
381 3968 556 4029 intelliguntur,
567 3966 743 4027 complectitur,
757 3964 780 4013 id
796 3977 846 4013 non
863 3964 941 4025 potest
955 3976 1009 4012 esse
1054 3964 1129 4024 enim,
1137 3964 1251 4025 quoniam
1263 3965 1314 4013 limo
1324 3965 1427 4027 primum
1438 3978 1452 4013 a
1464 3964 1538 4013 nobis·
1546 3962 1674 4023 nouantur)
1687 3960 1833 4025 comparatio

229 4072 285 4109 cum
300 4058 383 4107 altero⁴
417 4059 510 4105 Rursus
521 4055 585 4104 enim
597 4054 658 4102 alios
672 4054 796 4113 animans,
807 4052 916 4113 qui'euru
933 4052 1011 4102 couti·
1055 4051 1206 4112 proportione
1217 4051 1263 4100 dici
1280 4054 1366 4113 potest.

228 4152 298 4206 neat,
311 4147 343 4195 sit
358 4158 456 4194 necesso
471 4146 520 4204 cst,
534 4143 698 4203 cajuspartes
722 4140 771 4189 siat
788 4140 922 4189 animantes
937 4154 1010 4203 supe·
1086 4138 1188 4197 Quando
1217 4140 1281 4189 enim
1311 4140 1383 4189 trium
1410 4140 1447 4189 rel
1469 4152 1625 4188 numerorum
1647 4138 1684 4187 ret
1706 4136 1833 4197 figurarum

228 4238 313 4298 riores,
325 4236 461 4296 caelumque
479 4235 525 4283 troc
546 4233 705 4281 sinmtacrum
726 4227 791 4279 iltius
806 4231 882 4279 ultimi
899 4231 944 4293 sit,
962 4245 1010 4280 non
1056 4228 1092 4279 vel
1105 4240 1428 4291 quorumeunqucgenerum
1446 4216 1574 4290 contingit,
1590 4227 1632 4287 ut,
1647 4224 1711 4288 quod
1729 4222 1833 4272 medium

230 4326 341 4389 proximi.
375 4328 484 4383 Quorum
494 4334 524 4370 ne
537 4321 594 4381 quid
606 4319 725 4369 accideret
733 4323 806 4380 atque
817 4322 845 4365 ut
854 4318 894 4367 liic
905 4318 1011 4369 mundus
1054 4317 1094 4374 sit,
1105 4322 1131 4364 ιιι
1140 4317 1161 4364 ei
1175 4317 1280 4378 primum
1292 4315 1454 4377 proportione,
1464 4315 1497 4363 ita
1509 4314 1532 4363 id
1546 4318 1667 4377 postremo
1676 4312 1833 4373 comparetur,

229 4423 293 4468 esset
307 4414 424 4465 animanti
434 4410 769 4470 absolutosimillimns,tion
783 4407 925 4471 ipso,quod
943 4408 1009 4457 sotus
1028 4376 1032 4431 Ι
1057 4405 1220 4466 vicissimque,
1231 4405 1258 4453 ut
1275 4406 1410 4452 extremum
1427 4416 1483 4453 cum
1500 4402 1591 4462 nieitio,
1605 4402 1639 4450 sic
1656 4400 1761 4449 medium
1778 4408 1835 4445 cum

228 4509 301 4568 atquc
315 4517 378 4552 unas
395 4505 466 4561 esset,
483 4500 573 4550 idcirco
591 4498 735 4559 singularem
749 4498 808 4546 deus
818 4497 1010 4546 transmundum
1056 4493 1133 4553 priam
1146 4491 1293 4551 contestatum
1309 4491 1333 4539 id
1347 4491 1410 4552 quod
1425 4490 1531 4540 inedium
1543 4494 1593 4548 est,
1603 4490 1657 4537 tum
1674 4486 1780 4549 primum
1795 4482 1835 4544 tit,

229 4594 301 4652 alque
313 4590 438 4650 irnigonam
453 4586 593 4649 procreavit.
627 4588 773 4647 corporeum
790 4586 871 4633 autem
895 4585 919 4632 et
940 4598 1010 4646 aspa·
1055 4584 1105 4629 tum
1121 4581 1283 4641 postroruunu
1296 4582 1415 4652 postrema
1429 4592 1486 4629 uero
1498 4582 1521 4628 et
1534 4578 1609 4639 prima
1622 4576 1698 4625 media
1713 4574 1779 4623 duint.
1799 4573 1837 4621 lta

230 4679 316 4728 stabile
325 4678 431 4739 itemque
440 4675 564 4725 tractabile
573 4686 645 4724 omne
655 4686 753 4722 necesse
765 4675 801 4721 est
812 4685 876 4732 esse,
888 4672 951 4734 quod
966 4686 1009 4720 na·
1055 4668 1185 4717 necessitas
1195 4667 1272 4727 cogit,
1284 4669 1310 4716 ut
1324 4665 1408 4716 eadem
1421 4666 1470 4715 sint
1481 4679 1523 4721 aa,
1536 4678 1590 4728 qum
1600 4663 1718 4724 disjuncta
1733 4661 1834 4709 inerant.

230 4767 282 4815 tum
296 4768 340 4815 est.
373 4763 437 4815 ltiliil
449 4776 520 4826 porro
531 4762 578 4824 igni
588 4774 693 4811 vacuum
704 4760 777 4809 rideri
790 4762 943 4823 potest:nec
954 4772 1011 4807 nero
1056 4755 1144 4804 Eadem
1168 4756 1251 4803 aulem
1268 4768 1343 4817 quam
1361 4754 1422 4803 tacta
1438 4752 1623 4815 sint,etiicilur,
1640 4754 1665 4799 ut
1689 4748 1769 4798 omnia
1788 4746 1837 4796 sint

229 4854 307 4917 tangi,
322 4854 387 4916 quod
407 4856 487 4901 carcat
504 4852 580 4901 solido
601 4866 608 4899 ε
627 4850 730 4899 solidam
755 4852 837 4897 autem
856 4846 930 4906 nituit,
945 4845 1011 4908 quod
1055 4856 1139 4892 unnim.
1172 4842 1277 4902 Quodsi
1295 4842 1553 4904 uniuersitatiscorpus
1569 4838 1667 4903 planum
1685 4833 1836 4897 eloquente

230 4947 300 4993 terrac
312 4944 345 4991 sit
358 4954 452 5003 expers.
487 4941 650 4998 Quamobrem
667 4937 785 4987 mundum
802 4936 896 4985 allicere
908 4934 1011 4983 moliens
1055 4931 1213 4992 supplicaretur
1235 4944 1314 4993 nequa
1339 4930 1363 4978 ia
1386 4944 1414 4979 eo
1431 4929 1564 4992 quidquam
1585 4929 1649 4977 esset
1667 4924 1834 4988 requisitum:

230 5025 798 5091 deus,terra1nprimumigncmqucjnngebat.
830 5023 917 5072 Onusta
931 5024 1010 5080 autem
1056 5032 1130 5066 unum
1148 5019 1299 5080 interjectum
1312 5018 1416 5068 medium
1429 5021 1486 5067 etse
1500 5017 1578 5080 ipsum
1593 5011 1836 5077 etea,quibusesset

231 5120 281 5168 diro
302 5118 332 5167 ad
350 5117 520 5168 cohaerendum
539 5117 635 5166 tertium
654 5114 743 5176 aliquid
758 5113 888 5175 anquirunt
903 5110 1011 5173 etquasi
1055 5106 1242 5169 interpositum,
1268 5107 1397 5168 colligaret.
1438 5105 1483 5156 sed
1507 5118 1583 5167 quum
1609 5103 1718 5153 soliditas
1745 5096 1835 5149 mundo

231 5208 321 5258 nodum
335 5205 506 5269 uinculumque
522 5203 666 5255 desiderant.
698 5202 744 5253 sed
762 5201 912 5250 uinculorum
929 5198 953 5247 id
971 5205 1009 5248 est
1030 5246 1033 5259 ,
1055 5195 1401 5259 quareretu13solidaautcm
1421 5194 1501 5243 omnia
1524 5206 1573 5243 ιιοο
1596 5190 1675 5242 medio
1696 5198 1834 5250 nunquam,
