3959 5925
706 342 902 403 snrsvrrer
922 300 1190 405 volumumus(
1667 324 1731 413 ιιι

136 480 195 534 σθαι
213 475 271 535 οὔτε
287 474 360 556 παρθ
376 479 429 535 τῶν
454 474 622 546 ἐπισκόπων,
645 472 705 533 οὔτε
729 474 819 533 ἰκανὸν
842 464 908 532 εἰναι
958 472 989 532 αἰ
1004 498 1037 551 με
1052 475 1179 543 πολλάκις
1200 476 1339 558 ἐλιπάρουν
1365 479 1408 537 ἰπὶ
1424 462 1556 561 μυστήριά
1574 504 1603 541 σε
1621 482 1693 561 άγειν
1708 476 1731 544 ἐ.

136 565 307 639 οἰκονομῆσαι
320 563 364 620 τὸν
377 561 471 645 ἀνδρα,
486 563 551 621 αἰδῶ
564 585 592 622 τε
607 561 718 642 έχοντα,
733 560 779 621 καὶ
794 560 911 640 θορόόων
957 563 996 624 Τὸ
1008 556 1052 622 οθν
1067 563 1116 635 ῆδῦ
1135 564 1261 643 βιότευμα
1276 566 1342 642 μετὰ
1356 568 1454 627 τούτων
1470 568 1587 647 ἔχουσα,
1604 573 1734 631 κατάλιπε
1772 598 1780 613 ¹

135 650 277 707 πολιτικῶν
291 652 337 721 ζῆν
354 648 459 730 μακράν
478 649 632 726 εἰθισμένον.
648 648 721 727 Ἐγὼ
735 646 762 707 δέ
779 646 912 728 πειρῶμε-
956 659 1010 718 τοῖς
1024 653 1050 709 ἐν
1067 651 1175 731 Κυρήνῃ
1190 651 1341 722 ἐπισκόποις
1355 654 1405 727 ό,τι
1420 658 1478 714 ποτ’
1492 655 1524 715 ἂν
1539 658 1659 718 ἐθέλωσιν
1674 662 1735 719 ἀδι-

63 748 72 763 ·
135 759 176 802 νος
190 739 225 804 ῶς
241 735 272 795 διν
291 738 411 817 ἀφεθείην
430 738 481 797 ῦπδ
501 743 547 797 τοῦ
565 738 702 799 Διονυσίου
722 738 834 797 πλεῦσαι
848 738 912 817 πρὸς
956 743 1021 797 κεῖν·
1037 740 1066 798 σὲ
1085 739 1137 819 γδιρ
1150 743 1196 799 οὐκ
1214 742 1251 807 εἰς
1264 741 1294 799 τὸ
1308 741 1415 821 φυσικὸν
1431 742 1505 810 τέλος
1522 744 1691 818 ἀδικήσουσιν
1706 747 1732 808 θ.

134 824 181 900 σέ,
198 826 320 897 ἐμποδῶν
336 850 382 904 μοι
392 832 438 886 τοῦ
453 826 538 907 χρεῶν
552 826 661 894 στάντος
674 829 702 885 ἐν
714 825 847 905 Λιπάραις
857 850 910 903 μα·
956 830 1048 908 Πειρῶ
1064 827 1091 885 δὲ
1105 826 1173 904 μετδι
1189 827 1348 901 Ξανθίππης
1362 830 1407 888 καί
1422 833 1544 911 Μυρτοῦς
1554 837 1617 904 ζῆν,
1631 837 1666 899 ὡς
1677 836 1734 911 ἐμοί

133 914 220 979 λακῶς
237 914 326 994 ἔσχον·
341 914 384 973 ὅτε
406 914 438 986 δὴ
453 914 499 975 καί
512 912 572 982 τοῦς
592 914 654 994 περὶ
674 913 792 974 Σόινικον
815 913 911 993 ἀριστά
956 915 1030 995 φίλον
1045 915 1112 993 μετδι
1126 915 1299 994 Σωκράτους,
1313 916 1391 977 πλέον
1407 918 1451 978 διὰ
1464 923 1510 991 τῆς
1526 920 1631 978 ἐκείνων
1648 922 1735 997 φιλίας

133 1024 179 1076 μοι
193 1002 417 1083 προσφερομένους
433 1003 528 1074 ἐνόησα
542 1002 722 1080 τημελοῦντάς
739 1024 772 1079 με
788 1002 911 1078 γνησίως,
956 1003 1068 1074 σεαυτήν
1079 1004 1233 1063 στέλλουσα·
1248 1006 1345 1063 ἐκεῖθιΙ
1359 1006 1389 1065 τδ
1399 1006 1512 1085 σοθαρθν
1525 1009 1572 1067 οῦκ
1581 1006 1733 1089 ἐπιχώριον.

133 1090 178 1147 καὶ
192 1093 227 1158 ὡς
241 1094 267 1149 ἐν
281 1092 344 1171 ᾅδου
363 1091 425 1151 ὄντα
437 1092 489 1164 ἤδη
504 1096 640 1158 ποιοῦντας
659 1093 755 1161 ἀναζῆν
769 1090 811 1148 διδι
826 1092 911 1150 διέθε-
956 1092 989 1149 Εἰ
1003 1091 1025 1147 δ’
1047 1089 1116 1150 ἔλθοι
1131 1095 1223 1149 θᾶττον
1247 1090 1304 1167 ἀμσ
1327 1095 1510 1174 Λαμπροκλῆς
1531 1096 1566 1161 εἰς
1582 1094 1708 1177 Κυρήνην
1721 1100 1735 1156 θ

134 1177 324 1258 οινθφιλικήν.
348 1181 415 1259 Περί
424 1169 460 1237 ῶν
472 1181 500 1238 δέ
509 1178 676 1259 έκρινσίςθμε
688 1177 747 1238 τίνα
757 1177 819 1245 ἕξεις
830 1178 909 1252 τιμὴν
956 1176 1126 1257 Σωκράτους,
1147 1177 1174 1246 θς
1198 1180 1226 1236 ἐν
1258 1179 1391 1261 Μεγάροις
1415 1182 1508 1257 ὡμίλει
1532 1206 1595 1259 μοι,
1617 1182 1736 1256 ποιήσεις

133 1269 177 1323 ὑπ’
193 1267 258 1342 ἐμοῦ
272 1268 506 1348 ῆλευθιρωμένοις,
525 1265 551 1325 οἰ
562 1266 609 1326 καί
631 1266 718 1343 ἔλεγον
739 1264 910 1344 Ἀριστίππου
957 1266 1053 1346 ἄριστα
1068 1265 1223 1342 κοινουμένη
1237 1266 1282 1326 τδν
1298 1267 1352 1347 βίον
1367 1272 1455 1349 αὐτῷ,
1473 1270 1518 1329 καὶ
1540 1271 1621 1347 μηδὲν
1643 1272 1736 1353 διαφο-

133 1354 170 1429 μή
186 1356 382 1434 ἀποχωρήσειν,
397 1356 445 1423 ἕως
466 1356 498 1413 ἀν
521 1346 638 1432 αθτοῑςή
659 1352 768 1430 δύναμις
790 1351 909 1434 ἀρέσκειν
957 1351 1067 1433 ρῶτερον
1078 1358 1124 1411 τοῦ
1137 1352 1229 1412 τέκνου
1239 1358 1354 1432 τιμῶσα.
1368 1359 1446 1429 Θῆλυ
1459 1356 1486 1415 δὲ
1500 1359 1589 1418 τέκνον
1604 1362 1627 1417 εἰ
1642 1360 1735 1435 μηκέτι

132 1441 223 1522 ἐκείνῳ
237 1466 265 1501 τε
279 1444 325 1501 καὶ
339 1443 397 1503 σοί·
418 1444 494 1504 πάντ’
517 1433 560 1503 οῦν
585 1444 671 1509 αὐτοῖς
690 1443 808 1502 πίστευε·
822 1443 910 1525 περιέ·
955 1439 1057 1520 τρέφειν
1074 1439 1175 1520 βοόλει,
1191 1439 1233 1501 διδ
1248 1441 1279 1500 τὸ
1293 1445 1379 1502 πολλὰ
1396 1447 1518 1504 ἀνιᾶσθαι
1539 1446 1582 1504 ἐπὶ
1597 1449 1735 1529 παιδοτρο-

132 1551 191 1586 σται
209 1530 260 1610 γδρ
274 1535 361 1598 αὐτοῖς
380 1536 410 1591 ἐκ
420 1535 468 1603 τῆς
487 1533 555 1607 ἐμῆς
570 1534 659 1609 βιοτῆς
675 1529 712 1607 μή
728 1519 794 1588 εἶναι
808 1533 907 1599 κακοῖς.
955 1528 1017 1609 φίφι,
1034 1529 1121 1599 τὸτῆς
1137 1526 1261 1597 Boeotio<
1272 1531 1420 1613 θυγάτριον,
1436 1533 1450 1591 θ
1464 1527 1651 1613 δήέλιυθέρως
1665 1528 1735 1617 ήγες,

131 1615 309 1693 Ὑποτίθεμαι
332 1617 360 1677 δέ
381 1640 422 1677 σοι
444 1616 480 1676 τδι
504 1617 569 1696 πρὸς
595 1617 722 1696 ἄρχοντας
745 1619 908 1695 οἰκονομεῖν,
955 1618 1014 1692 ἐμοί
1028 1640 1057 1674 τε
1071 1618 1224 1697 χαρίζεσθαι
1248 1620 1393 1697 βουλομένη
1406 1620 1419 1657 ¹
1433 1624 1472 1701 τῷ
1493 1625 1539 1692 τῆς
1554 1624 1619 1698 ἐμῆς
1637 1624 1735 1705 μητρὸς

131 1703 198 1762 ὥστε
223 1705 253 1763 τὸ
276 1706 339 1783 ἐμόν
360 1706 549 1782 συμάοιίλευμα
572 1710 650 1764 τοῦτο
663 1706 794 1784 συμφέρον
819 1706 911 1784 (δέχε-
955 1704 1064 1781 ὀνόματι
1082 1704 1294 1784 προσήγορευσας
1306 1706 1366 1783 (καὶ
1380 1706 1431 1788 γδιρ
1446 1708 1497 1784 ἐγὼ
1514 1708 1640 1777 πολλάκις
1652 1710 1732 1788 Ἀμυ-

131 1793 309 1871 σθαι).Τοῦτο
320 1793 348 1852 δὲ
358 1786 390 1865 ήν
402 1792 439 1870 μὴ
449 1801 495 1853 τοῦ
502 1792 620 1860 πλείονος
631 1796 794 1873 ὀριγνᾶσθαι.
807 1794 909 1874 Ῥᾷστα
954 1791 1017 1863 κήνΙ
1030 1791 1308 1873 αὖτὀπροσήγορευσα)
1320 1796 1465 1866 ἐπιτήδειον
1472 1796 1546 1855 ἐσται
1557 1802 1587 1856 ¹¹¹.
1595 1798 1653 1875 Πρὸ
1663 1822 1731 1857 παν·

130 1880 181 1960 γὰρ
204 1878 286 1948 οὕτως
314 1881 411 1959 ἐξάγεις
430 1880 464 1939 τθι
489 1880 559 1941 κατδι
581 1881 625 1941 τὸν
648 1881 720 1960 βίον,
747 1880 908 1959 ὑπεροπτικὴ
955 1880 996 1946 τὸς
1008 1878 1036 1938 δέ
1047 1879 1184 1939 ἐπισκόπει
1198 1886 1243 1939 τοῦ
1255 1889 1348 1959 μικροῦ
1359 1882 1530 1963 Ἀριστίππου
1542 1885 1732 1961 ἐπιμελεῖσθαι,

131 1968 228 2034 παντὸς
242 1959 307 2026 οῦσα
321 1974 368 2027 τοῦ
383 1969 498 2034 πλέονος.
511 1971 551 2030 Οὐ
564 1969 615 2047 γδρ
629 1967 686 2027 δνθ
700 1974 823 2029 τοσοῦτον
836 1971 908 2027 ἐκεῖ·
954 1966 1026 2034 όπως
1038 1967 1112 2027 ἐσται
1127 1968 1196 2037 ἄξιος
1210 1975 1224 2003 ¹²
1237 1972 1312 2045 ἡμῶν
1333 1969 1379 2028 καί
1392 1972 1553 2052 φιλοσοφίας·
1569 1971 1667 2045 ταύτην
1682 1973 1733 2053 γδιρ

129 2056 169 2113 νοί
194 2078 224 2113 σε
239 2055 404 2129 ἀδικήσειεν,
429 2055 499 2115 ὥστε
517 2079 547 2115 σε
563 2058 637 2116 ἐνδεᾶ
651 2055 783 2133 γενέσθαι.
810 2057 846 2115 Oi
862 2054 909 2113 δύο
955 2055 1186 2136 αὐτῷκαταλείπω
1196 2055 1735 2141 τήνθντωςκληρονομίσν,τάλλαμὲνγδιρ

130 2142 177 2218 μὲν
187 2146 238 2223 γάρ
255 2167 296 2203 σοι
309 2149 390 2215 κῆποι
403 2144 541 2221 μένουσιν,
554 2143 725 2218 ίκανοὶιόντες
737 2143 783 2202 καί
797 2144 907 2202 πολυτε·
954 2148 1001 2202 τοῦ
1015 2142 1071 2223 βίου
1082 2144 1127 2202 καὶ
1140 2143 1199 2210 τοὺς
1213 2146 1239 2201 ἐν
1252 2143 1361 2225 Κυρήνῃ
1375 2145 1505 2226 ἄρχοντας
1517 2145 1571 2225 ἔχει
1583 2147 1733 2225 πολεμίους.

129 2235 170 2290 λεῑ
183 2235 243 2313 βίῳ.
260 2234 300 2294 Τὸ
315 2234 338 2291 δ’
352 2235 379 2290 έν
394 2238 428 2313 τῆ
446 2231 559 2311 Βερνίκη
571 2235 661 2306 κτῆμα
672 2230 718 2289 καὶ
731 2229 808 2306 μόνον
821 2252 906 2287 κατα·
955 2231 1023 2311 Περὶ
1038 2234 1189 2313 φιλοσοφίας
1205 2230 1232 2291 δὲ
1247 2234 1304 2292 edil
1320 2234 1347 2292 ἐν
1363 2258 1408 2310 μοι
1420 2234 1567 2317 γέγραφας,
1582 2236 1622 2295 ότι
1635 2237 1732 2311 ταύτην

129 2322 231 2401 λειφθὲν
246 2321 311 2399 πρὸς
331 2320 439 2400 ἀρίστην
463 2318 594 2397 διαγωγήν
613 2320 663 2397 οὐχ
679 2316 825 2395 ὑπολείψει.
847 2317 908 2376 Τῶν
954 2324 1002 2379 σοῦ
1016 2344 1055 2387 τις
1071 2320 1214 2400 ἀφῄρηται.
1234 2320 1311 2398 Μέγα
1325 2312 1386 2396 οῦν,
1401 2313 1424 2381 ῶ
1442 2324 1526 2401 ἀγαθή
1546 2324 1640 2405 γόναι,
1657 2328 1735 2408 χαῖρε

132 2413 234 2488 μικρῶν
256 2411 332 2487 ήμῶν
352 2410 382 2467 οὐ
403 2408 619 2488 παρακελεύομαι
646 2408 871 2485 καταφρονεῖσθαι
885 2410 907 2474 ⁸,
955 2408 998 2466 ἐπὶ
1013 2413 1051 2487 τῷ
1065 2410 1184 2469 πλουτεῖν
1208 2410 1320 2468 πλοῦτον
1340 2408 1385 2467 τόν
1399 2409 1449 2470 ὑπὸ
1463 2409 1503 2471 σοί
1524 2412 1661 2491 κείμενον,
1688 2412 1735 2473 καί

129 2497 197 2555 illi
224 2496 262 2574 μῆ
288 2496 331 2554 ἐπὶ
356 2503 457 2574 μικροῖς
480 2494 668 2575 παρέπεσθαι,
691 2493 752 2551 ἔνθα
779 2493 838 2551 οὐδὲ
864 2493 908 2551 vel
955 2493 1120 2573 κτηματίτην
1135 2496 1206 2555 ποίει
1219 2496 1311 2555 τούτου
1333 2496 1376 2556 τόν
1394 2496 1460 2568 υίόν,
1476 2496 1504 2557 ὃν
1521 2497 1668 2575 ἐάουλόμην
1685 2499 1734 2577 μέν

129 2582 252 2659 μεγάλοις
276 2582 357 2640 καλὸν
371 2586 388 2652 ip
403 2580 478 2660 ἀργή.
502 2583 537 2641 Εἰ
561 2581 588 2638 δέ
601 2603 651 2656 μου
674 2580 838 2645 διαλυθέντος
857 2579 908 2639 ὑπὸ
955 2579 986 2640 ἂν
1000 2582 1096 2646 αιίτθςο
1109 2583 1160 2655 ήδη
1175 2583 1237 2660 ἐμὸν
1253 2574 1394 2645 υἱδνείναι.
1411 2585 1521 2656 Ἐπειδὴ
1537 2586 1682 2647 δέἀναλόω
1697 2588 1748 2665 μήΙ
1775 2580 1777 2585 ⁴

128 2676 174 2743 τῆς
199 2672 300 2751 φύσεως
319 2668 441 2748 γνῶναιῐ
460 2668 523 2743 ἐμόν
549 2668 671 2744 βούλημα
688 2670 788 2738 ζητεῖς,
812 2671 847 2734 ὡς
867 2666 907 2725 ὅτι
955 2670 1115 2741 ἐμπλησθεὶς
1130 2672 1226 2743 αὐτοῦ,
1247 2670 1359 2731 πέποιθα
1377 2674 1421 2732 καί
1435 2673 1491 2747 σοί,
1508 2674 1573 2731 διότι
1586 2675 1636 2747 τήν
1655 2675 1735 2747 αὐτὴν

129 2759 258 2837 κράτιστα
274 2757 441 2815 παιδεύσασα
455 2754 499 2812 τδυ
512 2752 689 2834 Ἀρίστιππον
709 2753 832 2823 Ἀθήναζε
848 2753 906 2831 χόε-
955 2755 1023 2823 άξεις
1038 2757 1145 2835 πορείαν
1162 2757 1209 2828 τήν
1227 2758 1325 2830 συνήθη
1340 2761 1444 2838 ἀγαθοῖς
1459 2760 1592 2840 ἀνδράσιν.
1607 2760 1733 2844 Ἐρβωσο

131 2868 188 2924 ρει,
206 2846 365 2916 Ξανθίππην
380 2844 425 2900 καί
444 2840 544 2919 Μυρτὼ
561 2842 611 2921 πρὸ
629 2840 725 2908 παντὸς
744 2840 906 2918 ποιουμένη,
953 2843 999 2901 καὶ
1014 2844 1074 2923 περὶ
1088 2849 1164 2921 ήμῶν
1179 2846 1343 2907 ἀστενάκτει.

129 3027 229 3076 idoncos
242 3025 282 3074 sit.
298 3028 348 3086 Ago
366 3037 424 3074 vero
437 3024 560 3073 conctusa
571 3022 686 3086 Dionysio
698 3022 866 3085 proficiscendi
878 3024 909 3073 ud
957 3041 1023 3091 supe
1043 3029 1175 3090 rogabunt,
1189 3031 1219 3079 ut
1236 3031 1262 3080 te
1276 3029 1307 3078 ud
1321 3031 1438 3093 mysterio
1453 3031 1607 3083 adducerem.
1628 3035 1736 3092 iucunde

129 3123 152 3165 tc
163 3115 258 3166 venium
281 3115 426 3177 impetrare,
448 3113 574 3175 ingruente
596 3112 693 3162 sinistro
711 3113 759 3162 tuto
782 3113 808 3162 in
829 3113 910 3162 lusulu
955 3115 1028 3176 igitur
1040 3128 1095 3164 ouru
1110 3115 1156 3165 illis
1169 3116 1252 3166 vivens
1264 3115 1318 3167 urbi
1338 3117 1469 3179 cyrenensi
1488 3119 1607 3178 probetis
1619 3117 1659 3179 jus
1674 3133 1736 3183 quo·

129 3205 214 3265 Lipare
228 3203 343 3266 egrotuvi
359 3217 366 3251 ι
381 3215 431 3265 quo
441 3203 553 3265 tempore
564 3201 678 3252 sonicum
694 3201 793 3263 ejusque
808 3199 908 3250 temiliu-
954 3200 1221 3262 modocuuquevolunt
1231 3201 1370 3252 violandum
1382 3203 1489 3266 relinque
1505 3217 1511 3248 ι
1526 3219 1600 3268 nuru,
1615 3209 1733 3269 quantum

129 3307 166 3342 res
179 3293 269 3355 optime
285 3305 312 3342 se
328 3291 445 3342 adversus
459 3302 499 3339 me
512 3302 593 3352 gerere
608 3288 731 3349 intellexi,
743 3289 857 3350 quouiuru
870 3302 908 3338 me
953 3288 985 3337 ud
998 3289 1133 3338 nuturelem
1146 3289 1267 3339 bonorum
1281 3289 1372 3353 linem,
1391 3291 1431 3352 jus
1449 3294 1517 3342 tunm
1532 3306 1580 3343 non
1594 3294 1731 3356 intringent.

128 3371 232 3444 legitime
250 3379 386 3430 tructubuul
400 3379 425 3428 et
439 3376 509 3440 quusi
526 3377 576 3437 jum
589 3379 713 3427 mortuum
726 3377 823 3439 propter
843 3377 909 3439 ipso·
953 3377 990 3424 Tu
1003 3377 1084 3425 eutero
1095 3387 1181 3426 sunere
1195 3389 1251 3426 cum
1267 3376 1404 3440 Xanthippe
1419 3379 1444 3428 et
1459 3379 1537 3440 tdyrto
1549 3392 1577 3429 eu
1590 3379 1682 3430 ratione
1694 3381 1732 3430 vi·

129 3478 184 3513 rum
191 3465 215 3512 iu
222 3477 261 3513 me
271 3476 378 3513 amorem
387 3460 578 3512 eteruicitiumiu
587 3461 661 3511 vitum
668 3464 823 3511 revocarunt.
835 3463 908 3510 liceo
953 3475 1024 3526 vere,
1038 3476 1087 3525 qun
1096 3463 1156 3513 milri
1172 3476 1228 3513 oum
1240 3465 1338 3514 Socrule
1348 3465 1430 3515 vivere
1442 3465 1518 3527 lubet,
1536 3465 1632 3516 illarum
1650 3468 1731 3517 umicl·

128 3557 210 3602 autern
221 3553 285 3614 quod
297 3565 337 3601 me
346 3553 504 3614 interrogasti,
515 3565 586 3614 quem
596 3553 711 3602 bonorem
722 3552 811 3602 bubum
821 3551 909 3602 debens
954 3551 987 3600 tiu
1003 3550 1077 3614 mugio
1090 3551 1214 3614 magisque
1235 3555 1258 3599 te
1276 3550 1352 3613 ipsum
1370 3563 1459 3601 oruuus
1478 3570 1485 3601 ε
1500 3565 1556 3602 nunu
1575 3553 1652 3603 iustus
1668 3553 1732 3604 illius

129 3641 158 3688 iis
171 3640 236 3702 quiu
251 3651 290 3687 me
303 3639 328 3686 iu
342 3639 475 3689 libertatem
487 3638 603 3688 vindicati
620 3641 687 3700 sunt,
703 3644 728 3689 el
743 3641 785 3702 qui
799 3640 907 3689 uttirme-
952 3637 1056 3700 regionis
1071 3639 1209 3690 lromlnibus
1220 3637 1349 3689 inusitatus
1359 3641 1405 3689 est.
1416 3639 1441 3690 Si
1453 3652 1510 3690 vero
1520 3640 1567 3690 cilo
1577 3641 1732 3704 Lumproclss

129 3729 186 3776 bunt
207 3740 234 3775 sc
249 3725 281 3774 nb
301 3725 426 3787 Aristippo
436 3738 548 3776 nunesse
565 3726 732 3787 discessuros,
746 3727 862 3788 quamdin
875 3727 908 3777 illl
952 3726 1040 3784 simut,
1067 3725 1173 3776 Socratis
1197 3725 1278 3785 lilius,
1300 3727 1405 3788 cyreneo
1426 3727 1532 3789 venerit,
1559 3728 1602 3788 qui
1626 3729 1728 3791 Megaris

128 3817 221 3880 tibique
236 3816 328 3878 plucere
345 3816 462 3877 μοεεοοί,
476 3814 538 3864 seito
559 3815 590 3866 iis
608 3816 634 3864 iu
653 3816 766 3865 omnibus
780 3816 852 3866 rebus
864 3817 909 3867 tibi
952 3826 1046 3864 mecum
1060 3813 1213 3876 versabatur,
1226 3812 1317 3876 optime
1336 3814 1438 3876 leceris,
1463 3815 1486 3864 εἰ
1507 3815 1549 3865 illo
1566 3816 1732 3868 contubernali

128 3917 181 3955 esse
196 3902 343 3954 credendum
358 3913 434 3952 :nunu
450 3914 480 3952 ex
490 3914 544 3952 meu
555 3903 605 3953 vitu
616 3903 640 3952 in
654 3915 697 3953 eos
711 3916 808 3952 morum
823 3916 907 3954 eruen-
951 3903 976 3952 et
990 3901 1130 3951 convictore
1146 3900 1222 3950 utaris
1243 3914 1347 3966 eumque
1361 3915 1430 3964 reque
1440 3915 1468 3952 oc
1487 3902 1561 3953 tilium
1573 3906 1643 3954 tuum
1657 3904 1730 3955 colus.

129 3993 194 4043 detio
209 3990 360 4041 redundabit.
373 3990 436 4041 lllud
453 4004 512 4042 vero
527 3991 631 4054 suadeo,
647 3994 675 4041 ut
688 4004 743 4054 quse
754 4005 811 4041 curu
824 3993 907 4056 presi·
952 3989 1060 4039 Ftliolvm
1076 3989 1096 4040 si
1109 4003 1158 4040 uon
1172 3989 1274 4052 emplius
1290 3989 1393 4041 educere
1403 3991 1441 4039 vis
1460 3989 1494 4040 ob
1509 3991 1644 4042 molestiam
1658 4005 1731 4054 quern

129 4080 200 4130 dibus
216 4080 259 4129 tibi
273 4080 368 4141 negotiu
387 4082 461 4141 sunt,
475 4080 499 4128 tn
517 4079 547 4129 iis
559 4080 617 4130 utile
630 4092 710 4130 meum
731 4069 857 4130 consilium
871 4093 907 4132 se·
952 4091 966 4127 e
986 4090 1116 4140 puerorum
1140 4077 1283 4128 educatione
1304 4078 1414 4140 trusisti,
1440 4077 1557 4128 Euboidis
1578 4078 1641 4141 tilio,
1658 4091 1731 4142 quum

129 4169 220 4230 queris.
237 4170 379 4218 ilocuutem
393 4168 453 4229 erut,
464 4180 615 4230 nequaquem
624 4167 724 4217 nimium
735 4181 831 4230 cupere.
843 4171 907 4218 llum
952 4164 1083 4216 liberaliter
1104 4165 1230 4216 erudiristi
1253 4164 1360 4227 milvique
1386 4165 1548 4227 gratificaturus
1564 4166 1648 4216 rustris
1670 4179 1732 4218 meu

129 4257 149 4306 si
163 4269 243 4307 rerum
276 4267 508 4318 supervucuncerum
539 4255 714 4318 pomessioucm
749 4258 906 4319 contuuuus,
951 4251 1496 4322 nomineuppeltustituumetijvmsaepeeum
1506 4253 1731 4318 Amycenvucevl),

128 4343 324 4394 commodissime
338 4344 630 4406 κατεστασίασμαι
644 4344 708 4393 euim
722 4343 757 4393 illi
773 4343 834 4393 edeo
844 4343 870 4392 in
883 4345 908 4394 te
951 4338 980 4388 sd
993 4339 1056 4389 hunc
1068 4352 1119 4389 reru
1135 4337 1221 4390 idonee
1239 4338 1293 4389 erit.
1304 4341 1380 4389 Porro
1394 4341 1449 4389 unte
1462 4329 1543 4389 omniu
1558 4339 1661 4390 iudncus
1677 4340 1730 4390 uui·

129 4437 198 4482 erunt
209 4431 308 4492 iniusti,
321 4433 348 4480 ut
361 4431 393 4480 ud
402 4431 506 4494 inopium
518 4431 641 4494 redigeris.
655 4431 781 4481 Duoeoim
793 4430 908 4481 viridario
951 4443 1020 4480 nrum
1032 4429 1125 4492 purvuli
1138 4429 1255 4492 Aristippi
1268 4441 1351 4479 curem
1368 4440 1454 4491 egere,
1477 4429 1504 4479 ut
1521 4429 1591 4479 nobis
1601 4428 1689 4492 diguus
1703 4435 1728 4479 el

129 4533 184 4582 qum
197 4521 356 4583 supererunt,
373 4518 429 4569 vitre
442 4519 550 4569 detimtae
572 4519 719 4569 sulteoerint.
735 4519 906 4569 suburbunum
952 4518 1114 4581 pbilosophis,
1127 4530 1200 4581 quem
1213 4516 1248 4566 illi
1257 4517 1404 4568 luculentum
1416 4529 1499 4580 respue
1521 4518 1679 4568 hereditatem
1692 4530 1731 4568 re·

128 4612 209 4657 eutem
224 4607 395 4670 berenicem,
411 4607 431 4655 si
451 4607 492 4658 vel
509 4607 589 4658 solum
606 4606 764 4669 relinquetur,
780 4605 812 4656 ud
831 4606 906 4656 vitum
953 4605 1053 4668 linquo,
1070 4605 1176 4667 erudut3
1197 4605 1289 4668 relique
1311 4605 1375 4655 euim
1394 4618 1449 4668 qum
1464 4605 1495 4655 ud
1508 4605 1581 4656 vitum
1600 4604 1731 4656 moessuriu
1750 4625 1752 4628 ·

129 4697 219 4758 optime
237 4695 353 4758 ugeudnrn
365 4708 461 4758 semper
476 4695 535 4746 selis
551 4696 606 4745 crit.
628 4697 681 4746 lton
699 4694 812 4744 cubortor
832 4698 866 4753 te,
880 4699 909 4745 ut
950 4693 1008 4742 suut
1038 4692 1161 4755 principes
1191 4692 1365 4755 cyrenensium
1387 4691 1542 4743 sdversarius
1566 4692 1666 4742 hubent.
1692 4694 1730 4743 De

129 4782 227 4843 exiguus
249 4795 287 4832 res
306 4784 401 4831 nostrus
422 4780 556 4845 despicies,
577 4781 621 4832 sed
643 4793 675 4831 ue
689 4781 769 4844 φοινία
792 4778 906 4843 turberis,
951 4781 1102 4844 philosophie
1116 4793 1177 4832 veru
1197 4781 1256 4832 nituit
1273 4780 1321 4833 tule
1333 4781 1393 4832 mibi
1406 4781 1539 4844 scripsisti,
1556 4765 1608 4844 ejus
1620 4780 1731 4832 videlicet

129 4868 227 4932 quuudo
239 4881 270 4919 ne
285 4882 373 4930 mugue
388 4868 487 4932 quidem
499 4869 644 4920 stomachari
655 4867 733 4919 decet.
748 4868 774 4919 sl
792 4881 850 4918 vero
860 4881 907 4919 nu·
951 4869 1126 4930 possessionem
1135 4881 1282 4932 quemquam
1297 4869 1341 4924 tibi
1354 4869 1483 4932 eripuisse,
1495 4869 1607 4932 liugnum
1621 4868 1702 4932 igitur,
1714 4883 1730 4919 ο

129 4959 192 5008 turus
217 4971 364 5008 concessero·
380 4957 556 5020 consiliumque
577 4969 660 5008 meum
687 4968 758 5007 nosse
780 4955 834 5019 vis,
857 4956 907 5006 tilio
950 4955 1013 5005 bonu
1028 4956 1123 5018 muller,
1135 4956 1243 5007 tetidem
1256 4969 1316 5021 cape
1335 4969 1365 5008 cx
1381 4956 1479 5019 divitiis,
1494 4969 1550 5020 quae
1563 4957 1588 5008 in
1607 4958 1651 5008 tuu
1664 4957 1730 5020 pote·

130 5046 251 5108 Aristippo
275 5058 347 5107 quern
370 5045 461 5108 optime
475 5044 598 5107 instituto,
624 5044 732 5095 Attienus
754 5041 827 5092 velim
839 5044 907 5106 petus
951 5046 1012 5095 stete
1025 5044 1078 5095 situ
1096 5043 1171 5105 sunt,
1191 5057 1322 5108 eurumque
1341 5057 1504 5108 possesmrem
1523 5044 1623 5095 institue
1640 5044 1728 5105 tilium,

130 5134 212 5197 ibique
234 5148 283 5196 prae
295 5133 380 5183 ceteris
394 5133 460 5184 colus
478 5133 632 5196 xsntbippm
642 5136 667 5183 et
682 5132 776 5195 myrto,
797 5143 853 5194 que
867 5145 906 5183 rue
951 5145 1025 5195 quem
1043 5131 1128 5183 vetlem
1142 5131 1193 5194 ipse
1206 5132 1257 5196 jum
1274 5144 1355 5185 meum
1376 5146 1428 5185 esse
1447 5131 1533 5184 fllium.
1551 5131 1729 5195 sedquoniam

236 5229 298 5265 surr.
314 5228 427 5266 concur.
1597 5223 1623 5263 υτ
