3959 5925
257 329 315 380 ata
808 322 1034 386 CYNICORUM
1056 327 1305 392 FRAGMENTA.

256 469 322 508 nem
337 449 373 508 de
382 449 564 522 divitiarum,
575 450 880 528 voluptatum,gloriae
891 466 1038 514 contemtu
1079 459 1283 533 Antisthenes,
1302 464 1598 524 contendeusreram
1619 482 1711 544 poetae
1730 488 1857 534 mentem

257 539 436 614 omninoque
453 536 490 594 de
503 556 601 595 rerum
616 540 748 597 omnium
765 539 957 600 humanarum
985 542 1036 600 de·
1080 560 1108 604 et
1128 548 1306 608 reconditum
1330 551 1394 626 ejus
1416 551 1572 611 verborum
1594 573 1710 614 sensum
1734 559 1771 617 ab
1794 563 1858 623 illis

255 626 410 703 spicientia
417 624 591 682 disseruisse
601 627 746 703 suspicor,
754 627 835 686 itaut
844 629 918 687 nihil
931 643 1037 706 praeter
1079 652 1138 690 non
1153 635 1286 712 intelligi.
1306 637 1450 697 Praeterea
1465 640 1523 698 Dio
1535 640 1761 718 chrysostomus
1774 651 1855 729 (137)

248 715 392 772 ¹virtutem
421 725 679 790 paupertatemque
703 716 735 773 in
762 715 849 774 bonis
871 716 1034 776 ducendum
1079 732 1198 781 testatur
1212 725 1381 784 Antisthene
1392 725 1492 801 judice
1504 729 1660 788 Homerum
1677 733 1708 790 in
1722 735 1788 795 aliis
1805 759 1857 798 re-

253 818 316 858 em
339 801 559 861 d⁹m⁰¹¹⁵¹f²¹⁰b
585 800 671 862 (3⁰¹¹s·
691 801 763 862 Xess·
785 803 911 864 convil·
928 802 979 876 AV,
998 807 1033 872 34
1078 806 1134 868 bus
1150 815 1319 872 sententiam
1334 833 1414 872 suam
1432 835 1602 893 expromere
1615 838 1715 879 ausum
1730 843 1807 898 esse,
1822 830 1855 887 in

253 910 314 969 seq.
331 891 414 952 Stob.
430 891 545 970 flool,
558 896 605 953 30.
621 893 658 965 Χ,
675 903 724 960 ta.
742 896 888 972 Diogenes
903 896 1035 957 laertius
1079 895 1145 956 aliis
1165 899 1202 956 ad
1227 921 1409 961 communem
1431 903 1582 963 hominum
1612 908 1780 985 opinionem
1807 935 1856 974 ac·

252 978 306 1038 lib.
320 979 371 1053 Vl,
390 982 464 1058 106,
478 981 530 1054 vl,
550 1003 581 1039 11
591 1004 601 1052 ;
614 981 666 1052 vl,
684 985 713 1042 3.

292 1067 350 1144 (36)
362 1066 423 1146 περὶ
438 1069 558 1149 ἀνδρείας
568 1068 600 1148 (t.
615 1069 680 1145 lll).

292 1158 353 1235 (37)
364 1156 423 1237 napi
436 1156 544 1234 νόμουῆ
557 1156 618 1236 περὶ
632 1159 714 1220 καλοῦ
725 1155 771 1215 κα)
785 1155 894 1216 δικαίου.

291 1245 351 1322 (38)
366 1244 427 1324 περὶ
441 1244 587 1324 ἐλευθερίας
612 1244 658 1303 καί
677 1243 795 1311 δουλείας
809 1245 849 1323 (1.
865 1244 908 1302 lll
919 1247 943 1323 ).
959 1247 1033 1306 Pro·

251 1331 352 1391 babile
366 1345 410 1392 est
425 1333 627 1392 Antistlrenem
639 1333 680 1391 ita
693 1333 730 1391 de
746 1333 881 1392 libertate
894 1354 927 1392 ac
940 1337 1034 1394 serui-

249 1432 310 1478 tute
322 1420 505 1498 disputasse,
516 1435 549 1478 ut
563 1421 721 1498 sapientem
737 1422 830 1480 solum
845 1441 907 1480 esse
915 1421 1032 1480 beatum

251 1521 480 1587 caeterorumque
494 1508 659 1579 domiuum,
683 1509 776 1589 solum
792 1509 878 1567 etiam
893 1509 1030 1588 liberum,

252 1597 368 1654 etiamsi
383 1615 486 1654 seruus
495 1597 580 1667 soret,
592 1595 764 1656 ostenderet.
775 1597 819 1658 Cs.
831 1597 917 1673 Diog.
935 1598 1030 1655 Laert.

249 1686 303 1745 lib.
315 1684 367 1791 vt,
378 1705 416 1762 ap
426 1703 487 1762 seq.
500 1693 536 1756 74
550 1704 612 1761 seq.

251 1844 253 1847 Ι
292 1774 351 1854 (39)
366 1770 554 1852 supinitatem<
570 1771 607 1849 (t.
624 1769 691 1848 ΙΙΙ).

294 1863 351 1939 (4ο)
367 1859 428 1940 περὶ
440 1856 580 1939 ἐπιτρόπου
596 1857 614 1929 ἢ
629 1860 750 1937 περὶτοῦ
768 1858 903 1918 πείθεσθαι
918 1858 1030 1940 (till).

294 1952 355 2029 (41)
371 1949 432 2029 περὶ
445 1948 519 2020 νίκης
531 1948 564 2025 (1.
580 1947 649 2024 ill).

290 2038 350 2116 (ia)
366 2035 525 2114 οἰκονομικός
542 2036 574 2112 (t.
588 2034 655 2115 ΙΙΙ).

290 2126 350 2209 (43)
367 2125 485 2206 scriptori.
503 2124 633 2205 ἐρώμενος
647 2130 686 2198 (t.
704 2125 750 2202 X).

290 2218 349 2293 (44)
364 2213 449 2296 κύριοι
464 2212 658 2285 ἢκατοίσκοποι
673 2215 704 2290 (1.
721 2214 768 2288 Χ).

289 2307 348 2385 (45)
371 2302 512 2372 Μενέξενος
536 2303 554 2374 ἢ
577 2303 637 2382 περὶ
658 2310 704 2362 τοῦ
728 2303 818 2383 ἄρχειν
840 2303 876 2382 (1.
892 2301 940 2381 Χ).
966 2303 1030 2363 lle-

248 2413 391 2454 nexenum
410 2392 540 2452 Socratis
558 2390 732 2467 discipulum
747 2391 877 2468 ejusdem
901 2393 1030 2451 nominis

248 2483 375 2558 dialogo,
384 2482 436 2559 qui
450 2481 528 2539 inter
541 2479 707 2538 Platonicos
717 2500 777 2537 uon
788 2480 922 2538 infimum
931 2482 1027 2540 locum

250 2569 381 2642 obtinet,
398 2568 586 2628 nobilitatum
606 2587 669 2626 esse
687 2587 773 2626 nemo
789 2569 915 2643 ignorat.
935 2568 1027 2637 Quem

246 2659 385 2738 quoniam
412 2657 496 2716 Plato
513 2677 542 2734 p.
566 2658 624 2723 234
649 2660 685 2728 A,
704 2656 728 2712 B
749 2655 919 2734 reipublicae
936 2656 1028 2715 admi·

247 2746 405 2806 nistrandae
420 2745 558 2823 cupidum
575 2745 662 2803 fuisse
675 2743 791 2821 prodit,
812 2763 872 2801 non
884 2755 928 2803 est
947 2745 1027 2820 quod

250 2836 429 2911 refragemur
449 2832 525 2890 viris
539 2831 635 2890 doctis
650 2831 773 2890 eundem
794 2831 922 2890 Socratis
942 2830 1030 2888 disci-

247 2923 349 3002 pulum
371 2921 413 2980 ab.
434 2919 604 2980 Antisthene
628 2938 747 2997 quoque
766 2919 942 2979 celebratum
965 2939 1029 2980 esse

245 3010 425 3088 putantibus.

287 3099 346 3175 (46)
359 3095 525 3167 Ἀλκιὸιάδης
549 3098 580 3173 (1.
600 3094 647 3173 Χ).
664 3094 850 3155 Antisthenes
863 3114 923 3154 non
941 3097 1029 3155 modo

245 3188 279 3245 in
293 3186 384 3244 altero
394 3186 538 3263 Cytorum
549 3184 700 3243 maledixit
709 3184 866 3255 Alcibiadi,
878 3183 1025 3243 sedetiam

148 3272 155 3281 ’
245 3274 325 3333 libro
340 3274 482 3351 singulari
505 3286 594 3331 totam
613 3270 680 3349 ejus
699 3274 789 3330 vitam
811 3273 955 3351 exposuit.
978 3273 1023 3335 Cs.

247 3362 350 3439 fragm.
366 3382 396 3438 9.
413 3381 459 3418 ro.
480 3362 527 3421 13.
545 3367 590 3427 14.

527 3538 561 3595 V.
579 3536 741 3598 llomerica.

201 3719 205 3734 ¹
287 3714 485 3775 Antisthenem
506 3714 537 3773 iu
560 3713 689 3771 llomero
713 3711 887 3790 explicando
909 3732 1026 3791 operam

247 3802 440 3862 consumsisse
454 3814 554 3859 auctor
568 3815 612 3859 est
624 3802 682 3863 Dio
693 3801 919 3879 Chrysostomus
932 3801 1025 3881 (133),

246 3892 337 3969 idque
349 3902 407 3947 tam
416 3890 556 3965 Diogenis
565 3886 674 3947 Laertii
687 3889 769 3969 (134)
780 3890 961 3962 testimonio,
974 3892 1025 3969 qui

248 3978 419 4039 Homericos
442 3976 507 4053 ejus
528 3976 622 4036 libros
646 3977 752 4054 partim
772 3989 874 4034 octavo
904 3996 1026 4055 operum

247 4082 346 4141 tomo,
364 4065 471 4143 partim
501 4084 581 4122 nouo
605 4064 729 4121 insertos
756 4064 844 4121 luisse
857 4064 915 4136 ait,
941 4084 1028 4144 quam

246 4154 411 4215 Homericis
420 4164 604 4229 quaeexstant
613 4150 1027 4231 scholiisconfir·matur(r35).

1078 986 1258 1047 commodate
1272 989 1435 1067 loquentem
1454 1009 1488 1048 ea
1508 1012 1571 1069 quae
1584 995 1704 1054 sentiret
1716 998 1856 1076 allegoria

1078 1069 1259 1135 obscurasse.
1284 1076 1387 1154 ltaque
1406 1075 1605 1152 Stesimbroti,
1625 1084 1854 1164 Anaximandri,

1078 1158 1239 1222 Democriti
1253 1163 1434 1244 aliorumque
1447 1167 1577 1241 vestigiis
1600 1169 1748 1246 ingressus
1771 1177 1853 1236 Auti-

1078 1248 1191 1308 sthenes
1202 1253 1234 1310 in
1244 1252 1461 1331 interpretando
1472 1253 1598 1312 llomero
1606 1255 1646 1314 ita
1659 1272 1790 1320 versatus
1799 1279 1852 1338 est,

1077 1347 1109 1392 ut
1130 1357 1194 1414 quae
1217 1339 1411 1418 philosophiae
1431 1357 1574 1419 praecepta
1596 1342 1703 1404 fabulis
1725 1351 1852 1410 contiue-

1077 1438 1190 1498 rentur,
1204 1427 1328 1490 doceret.
1345 1429 1409 1498 Qua
1429 1431 1460 1488 in
1479 1449 1510 1488 re
1529 1449 1596 1488 eum
1615 1435 1735 1495 moralis
1755 1437 1852 1515 philo-

1076 1509 1153 1588 phiae
1167 1515 1349 1590 potissimum
1364 1530 1393 1574 et
1411 1518 1537 1594 physicae
1559 1519 1700 1579 rationem
1717 1522 1853 1588 habuisse

1076 1615 1162 1656 nemo
1181 1621 1239 1658 non
1254 1604 1345 1663 videt.
1363 1604 1462 1662 Fidem
1478 1605 1544 1664 iacit
1556 1605 1713 1668 Clementis
1730 1613 1852 1674 Alexan·

1075 1684 1156 1744 drini
1175 1688 1254 1768 (138)
1271 1691 1370 1762 locus,
1392 1691 1445 1750 ubi
1467 1692 1595 1769 Cynicus
1612 1699 1747 1756 Amorem
1769 1701 1852 1760 deun:

1075 1791 1138 1832 esse
1161 1791 1247 1851 negat
1260 1777 1382 1856 ejusque
1396 1780 1515 1838 nomine
1538 1781 1630 1842 animi
1646 1782 1767 1845 humani
1784 1785 1854 1848 alie·

1076 1863 1201 1920 etionem
1218 1867 1378 1941 significari
1400 1867 1473 1926 uult.
1491 1868 1671 1930 Antisthenis
1689 1875 1852 1952 exemplum

1075 1965 1170 2008 antem
1186 1955 1276 2012 secuti
1291 1967 1357 2013 sunt
1370 1956 1515 2030 Diogenes
1529 1969 1559 2013 et
1570 1955 1686 2030 Crates,
1700 1980 1854 2040 perquem

1075 2041 1181 2099 similis
1190 2042 1393 2118 allegoriarum
1407 2044 1623 2104 homericarum
1633 2046 1856 2130 fabularumque

1074 2129 1241 2206 explanatio
1256 2131 1292 2189 ad
1307 2133 1418 2191 Stoicos
1430 2145 1589 2210 propagata
1602 2147 1652 2193 est.
1665 2135 1763 2214 Neque
1779 2159 1856 2200 vcro

1074 2225 1245 2294 perpetuum
1259 2223 1497 2282 commentarium
1509 2221 1540 2279 in
1555 2221 1708 2280 Homerica
1720 2228 1855 2288 carmina

1074 2309 1240 2384 composuit
1264 2307 1444 2384 Cynicorum
1469 2310 1626 2387 princeps,
1652 2311 1701 2370 sed
1720 2313 1856 2390 singulos

1074 2402 1184 2453 tantum
1202 2397 1282 2453 locos
1300 2415 1352 2453 suo
1376 2415 1455 2453 more
1471 2398 1628 2456 enarravit.
1651 2399 1796 2468 Quocirca
1820 2404 1857 2463 li·

1073 2475 1143 2538 bros
1158 2481 1244 2539 modo
1254 2482 1290 2540 de
1303 2482 1478 2554 Calchante,
1496 2484 1583 2542 modo
1603 2486 1639 2544 de
1655 2485 1752 2561 Circe,
1767 2491 1854 2551 modo

1074 2569 1111 2626 de
1131 2569 1263 2628 llinerva
1279 2571 1326 2630 vel
1346 2571 1383 2629 de
1400 2572 1466 2630 aliis
1482 2573 1543 2632 siue
1567 2574 1624 2632 diis
1645 2575 1708 2634 sive
1727 2577 1854 2640 bomini-

1073 2657 1129 2714 bus
1143 2657 1206 2716 sive
1229 2658 1317 2717 rebus
1342 2660 1469 2738 scripsit.
1493 2660 1536 2719 Ex
1555 2661 1683 2739 hisquae
1700 2681 1856 2743 supersunt

1075 2743 1233 2819 fragmenta
1250 2748 1327 2806 infra
1346 2767 1518 2826 proponam.
1545 2748 1642 2809 Restat
1663 2765 1696 2810 ut
1709 2773 1854 2814 commen·
1874 2755 1878 2760 '

1074 2833 1197 2892 tationes
1220 2835 1388 2894 Homericus
1414 2855 1480 2914 quae
1507 2837 1554 2896 vel
1576 2852 1680 2898 octavo
1704 2845 1750 2900 uel
1774 2863 1853 2904 nono

1073 2941 1194 3000 operum
1204 2936 1284 2983 tomo
1292 2925 1506 3004 comprehensae
1516 2938 1614 2999 erant,
1626 2927 1777 3003 sigillatim
1785 2949 1853 3007 per-

1073 3030 1215 3071 censeam.
1231 3013 1337 3089 liquet
1349 3032 1420 3071 vero
1432 3033 1463 3072 rn
1475 3014 1649 3091 scriptorum
1662 3015 1759 3075 indice
1768 3036 1853 3095 quem

1072 3097 1191 3157 exhibet
1215 3100 1361 3174 Diogenes
1385 3098 1516 3158 Laertius
1544 3099 1676 3158 ordinem
1708 3098 1852 3179 quendam

1072 3187 1164 3257 cerni,
1177 3188 1219 3244 ita
1230 3199 1263 3244 ut
1274 3186 1304 3243 iu
1320 3186 1446 3263 priorem
1468 3199 1576 3245 tomum
1589 3187 1678 3245 relata
1690 3191 1749 3248 sint
1765 3210 1857 3267 opus-

1072 3274 1137 3331 cula
1157 3288 1206 3332 aut
1227 3274 1262 3331 ad
1285 3286 1375 3331 totum
1403 3274 1459 3330 hoc
1485 3274 1733 3349 interpretationis
1763 3298 1858 3353 genus

1071 3354 1350 3438 pertinentia,'velut
1363 3359 1398 3417 de
1410 3360 1476 3437 ipso
1488 3360 1613 3417 Homero
1625 3360 1747 3439 ejusque
1761 3366 1858 3425 inter·

1071 3448 1219 3524 pratibus,
1232 3446 1268 3504 de
1286 3458 1347 3503 arte
1362 3446 1492 3517 musica,
1508 3445 1593 3516 aliis,
1609 3448 1709 3516 autad
1728 3448 1857 3511 Iliadem

1072 3534 1249 3610 spectantia,
1274 3534 1305 3591 in
1335 3534 1525 3611 posteriorem
1549 3533 1640 3593 libros
1662 3535 1699 3593 de
1721 3536 1859 3615 Odyssea

1072 3624 1265 3701 conscriptos.
1280 3621 1493 3701 comparebant
1503 3623 1593 3697 igitur
1606 3624 1639 3681 in
1657 3636 1762 3683 octavo
1773 3638 1856 3686 tomo

1072 3710 1188 3769 haecce:
1426 3706 1430 3713 ¹

1113 3798 1172 3879 (47)
1185 3796 1245 3877 περ)
1258 3800 1395 3873 μουσικῆς.

1113 3887 1175 3967 (48)
1188 3887 1248 3966 περὶ
1265 3884 1407 3963 ἐξηγητῶν.

1114 3972 1395 4053 (49)πενὶ“θυήνν·
1731 4052 1737 4057 .

1087 4127 1089 4131 ,
1115 4063 1172 4137 (50)
1189 4060 1249 4141 περὶ
1269 4062 1373 4127 ἀδικίας
1394 4059 1439 4118 καί
1462 4060 1593 4127 ἆσιὸιίας.
1614 4060 1736 4121 Videtur
1749 4060 1851 4121 referri

1073 4150 1110 4209 ad
1126 4150 1304 4229 principium
1321 4148 1438 4219 Iliadis,
1453 4148 1505 4206 ubi
1526 4150 1704 4226 Agamemno
1721 4148 1852 4227 Chrysen

246 4242 281 4300 ln
295 4243 342 4301 his
353 4242 431 4300 enim
442 4240 548 4317 saepius
560 4238 694 4296 laudatur
706 4238 891 4296 Antisthenes
905 4239 1029 4315 ejusque
1074 4239 1163 4298 liliam
1181 4237 1375 4295 redemturum
1392 4256 1457 4294 cum
1470 4234 1632 4311 ignominia
1643 4234 1758 4314 repellit
1772 4248 1852 4312 post-

246 4351 325 4390 nunc
341 4331 504 4389 fabularum
520 4328 678 4405 explicatio
697 4346 775 4384 nunc
789 4328 941 4385 nominum
957 4347 1030 4385 euo-

246 4420 326 4478 datio
343 4429 595 4477 commemoratur.
614 4415 677 4473 Huc
700 4415 809 4473 accedit
827 4413 1028 4491 Xenophontis
1071 4426 1178 4509 ἡμέραν)
1187 4444 1257 4494 otoo&
1270 4461 1293 4492 o
1305 4442 1344 4492 og,
1356 4443 1433 4502 gom,
1449 4440 1852 4505 ἓοη,ἡλι1ιώτιρονραψῳδῶν-,υ2

248 4507 327 4588 (136)
339 4506 512 4577 auctoritas,
528 4504 607 4583 apud
621 4522 706 4581 quem
720 4503 752 4561 in
765 4504 912 4562 convivio
926 4524 1026 4563 eorum
1072 4520 1105 4579 μὰ
1114 4516 1154 4565 τὸν
1164 4512 1210 4576 Δί’,
1221 4515 1264 4575 iou
1275 4514 1434 4575 ὁΝικὴρατος,
1446 4513 1530 4561 οὔκουν
1540 4512 1619 4575 ἔμοιγε
1626 4512 1700 4561 δοκεῖ.
1711 4514 1785 4569 Δῆλον
1796 4510 1851 4572 γάρ,

248 4596 299 4673 qui
311 4615 414 4655 versus
426 4593 598 4653 Homericos
614 4590 773 4651 recitabant
788 4592 933 4653 inscitiam
952 4594 1028 4652 ridet
1071 4588 1113 4649 tou
1130 4588 1143 4635 ὅ
1162 4585 1298 4669 nomem,
1314 4584 1349 4633 dn
1369 4584 1410 4640 τὰς
1428 4583 1536 4669 ororetur
1551 4583 1595 4631 οὐκ
1612 4581 1758 4667 ἑπίστανταξ
1776 4581 1808 4629 Σὺ
1823 4581 1852 4665 ji}

1071 4658 1272 4720 Στησιμὸροτῳτε
1282 4658 1322 4704 καὶ
1338 4654 1503 4717 Ἀναξιμανδρῳ
1519 4653 1559 4702 καὶ
1579 4652 1656 4707 ἄλλοις
1675 4652 1768 4705 πολλοις
1789 4666 1851 4701 notu

883 4745 887 4752 ¹
1071 4732 1174 4783 diburo:
1188 4728 1308 4791 inpropriae,
1321 4726 1383 4775 ebore
1394 4724 1460 4773 οὐδέν
1472 4741 1500 4772 σε
1510 4728 1559 4771 τῶν
1575 4722 1662 4771 πολλοῦ
1675 4720 1745 4801 ἀξίορν
1757 4720 1849 4778 λέληθε.

246 4811 285 4859 37.
298 4832 330 4843 -
349 4804 415 4869 (133)
438 4804 485 4855 Dio
504 4802 692 4865 chrysostomus
711 4808 772 4852 orat.
798 4804 856 4853 Llll
879 4816 902 4865 p.
921 4807 966 4853 2711
982 4803 1023 4855 ed.
1071 4800 1172 4861 -(137)
1181 4797 1227 4846 Dio
1238 4797 1425 4858 chrysostomus
1436 4807 1473 4843 or.
1483 4795 1537 4843 Lllt
1549 4805 1572 4855 p.
1582 4790 1676 4843 atoed.
1688 4790 1772 4844 lterslr.
1785 4808 1791 4838 :
1803 4790 1851 4839 dot

246 4878 373 4930 neub-
388 4876 455 4939 (134)
472 4875 542 4937 Diog.
557 4876 636 4926 Laeti.
659 4875 708 4938 Vl,
735 4878 811 4925 17-13.
836 4875 946 4936 -(ras)
971 4873 1025 4924 vio.
1071 4871 1139 4930 λόγος
1152 4868 1220 4923 οὗτος
1234 4866 1385 4922 Ἀντισθένους
1397 4866 1446 4913 ἐστὶ
1456 4864 1580 4927 πρότερον,
1593 4864 1629 4911 ὅτι
1640 4861 1670 4910 τὰ
1681 4860 1722 4925 μὲν
1738 4861 1850 4939 idemq&

187 4977 191 4982 ·
247 4949 332 5013 fragm.
344 4954 382 4998 25.
400 4952 440 4997 211.
451 4950 490 4997 27.
502 4949 542 4995 23.
561 4952 599 4997 29.
620 4950 660 4995 30.
673 4948 712 4994 31.
726 4944 881 5006 tomulo)
893 4944 1027 5006 Xenophon
1071 4944 1096 4990 δὲ
1105 4939 1200 5003 ἀληθείᾳ
1216 4938 1303 5001 sipario
1314 4941 1349 4999 τῷ
1361 4934 1572 4997 ποιητῇ-(138)
1583 4932 1695 4983 clement
1708 4928 1850 5015 Alexandn-

246 5020 349 5070 Conrir.
363 5020 411 5081 lll,
428 5022 443 5065 o
457 5035 463 5066 ι
476 5016 580 5066 taetro&
591 5016 657 5078 toul
671 5013 831 5075 'Aruoioeuffi
843 5014 922 5072 λέληθέ
933 5030 974 5075 σε,
991 5014 1027 5063 on
1064 5002 1216 5059 'uusstrom
1228 5011 1262 5067 lt,
1273 5014 1313 5062 211.
1328 5020 1353 5069 p.
1368 5005 1463 5055 lsoed.
1475 5006 1579 5053 Pallen:
1592 5002 1666 5051 τόντε
1675 5001 1750 5083 ἔροιτο
1765 5014 1851 5083 suarm

247 5091 287 5138 ital
303 5092 326 5139 ol
337 5089 443 5154 ῥαψῳδοὶ
452 5086 537 5143 πάντες
556 5088 692 5137 ἐπίστανται
711 5092 788 5135 ταῦτα
804 5086 835 5133 τὰ
850 5086 909 5146 inm
925 5085 1027 5140 καὶπῶς
1072 5083 1128 5145 φησὶ
1141 5080 1232 5143 aduam<
1241 5115 1248 5140 ,
1257 5078 1284 5139 ἦς
1296 5079 1379 5137 ἥττους
1393 5076 1457 5131 ὄντες
1471 5078 1493 5125 οἱ
1505 5072 1673 5135 κακοδαίμονες
1687 5072 1737 5121 δεον
1751 5069 1793 5127 τὴν
1811 5086 1851 5118 νο-

248 5156 292 5220 dr,
304 5159 361 5223 ipo,
375 5159 481 5217 λελήθοι,
495 5156 643 5220 ἀκροώμενον
654 5172 682 5219 ys
693 5156 770 5205 αὐτῶν
782 5155 862 5217 ὀλίγον
877 5154 914 5203 ἀν’
925 5153 1027 5213 ἑκάστην
1072 5170 1114 5203 σον
1125 5152 1245 5201 καλοῦσιν.
1261 5150 1299 5200 Gi.
1313 5147 1401 5198 Julian.
1415 5148 1478 5196 orat.
1492 5147 1554 5206 vlt,
1567 5157 1596 5208 p.
1612 5146 1667 5193 203.
1684 5144 1739 5192 213.
1751 5142 1806 5188 217.
1818 5164 1852 5177 -
