3959 5925
659 393 859 454 numium
880 393 1008 454 MUNDl
1032 394 1081 453 ΕΤ
1102 392 1271 456 NATURA.
1715 410 1751 460 ⁴5

157 535 212 648 γὰρ
233 534 530 615 ἀντικαταλαμόοίνσντα
554 535 601 595 τίιν
623 540 673 594 τῶν
695 538 827 621 καρρόνων
847 537 936 616 χώραν
980 538 1025 596 καὶ
1039 536 1099 597 ποτὶ
1113 538 1218 597 κακίαν.
1264 536 1315 597 Καὶ
1328 541 1411 594 ταῦτα
1426 536 1474 614 μὲν
1491 538 1560 596 αῐτια
1576 539 1668 596 ἐκτῶν
1684 562 1754 617 γενε-

158 625 206 681 καί
224 625 391 683 ἄπελόσαντα
406 622 439 682 τδ
461 623 601 733 συγγενία,
612 622 727 703 ἱδρύεται
749 631 880 684 κακοῦντα
902 626 936 685 τό
981 626 1063 707 πόρων
1076 626 1122 684 καὶ
1136 624 1408 735 στοιχείωνὲπόγεται
1421 624 1549 703 μᾶλλονῆ
1563 624 1744 705 dicimini,-
1714 624 1754 685 ὅτι

159 710 445 787 σώματακαίέςαῦτθι
458 716 542 771 ταῦτα
555 710 706 772 ἀναλύεται.
750 711 850 772 Και
816 734 936 789 σωματος
981 714 1050 789 μὴοί
1034 711 1110 792 αργία
1126 712 1237 787 ἐστίν,’
1223 712 1404 825 αριρταμένων
1427 713 1551 789 ἁμῶν
1516 736 1566 771 των
1584 717 1752 773 ποθακόντων

159 798 307 873 μθνποίθεα
320 800 400 871 τάδε,
413 822 459 858 και
449 798 555 858 ἱ’“ίκ
521 799 600 857 τωνδε
614 798 744 878 ψυχθς’
715 822 785 858 νοσοι
801 800 853 858 ἐντὶ
868 803 934 859 πολ-
979 800 1072 879 ἔργων.
1114 800 1182 861 Ποτι
1202 798 1275 858 δὲ
1251 823 1281 858 το
1305 823 1332 858 ευ
1318 790 1414 878 ἔχεν
1433 798 1464 856 τδ
1487 802 1552 879 ζῷον
1575 800 1614 857 δεῖ
1629 799 1710 857 ri*
1675 822 1753 875 σωμα

157 886 221 957 λαί,
236 886 354 945 όλλαιδ
369 847 457 945 ἄλλων
483 885 615 959 δυναμίων
636 885 690 943 ivri
698 889 873 958 ,αἰσθητικᾶς
887 886 934 962 μίν
979 889 1051 969 777
1048 890 1149 956 τδιςθπ’
1163 892 1233 967 αθτῳ
1214 892 1264 947 ”ἀ
1266 889 1356 967 ρετοίς,
1375 886 1472 964 ὑγιείαν
1486 911 1513 946 τε
1529 888 1572 947 καί
1586 890 1752 958 εὖαισθησίαν
1837 890 1843 901 ’

157 973 522 1050 δυσαισθησία,μναμονικᾶς
536 971 660 1044 alitia,
674 977 816 1051 όρμητικᾶς
832 973 859 1030 δὲ
876 978 934 1032 ἀνο-
979 978 1098 1055 θσχόντε
1116 976 1161 1035 καί
1175 946 1279 1043 κᾶλλος.
1321 976 1414 1055 Αρχαί
1431 975 1458 1033 δὲ
1473 975 1582 1042 κάλλους
1604 978 1753 1056 συμμετρία

157 1058 230 1136 ρεξία
243 1060 319 1118 καὶᾶ
336 1060 491 1138 προπέτεια,
504 1063 649 1131 παθητικᾶς
667 1060 694 1119 δὲ
715 1060 793 1137 ἄγρια
807 1059 934 1119 πόθιοίτε
978 1064 1038 1122 ποτί
1058 1064 1082 1122 τ’
1101 1067 1172 1124 αὐτῶ
1190 1066 1223 1122 τὰ
1241 1064 1322 1142 με’ρεα
1342 1063 1386 1123 καὶ
1407 1063 1466 1122 ποτί
1486 1063 1533 1121 τθιν
1552 1064 1679 1142 ψυχάνᾶ
1702 1063 1753 1143 γὰρ

156 1146 203 1203 καὶ
219 1144 314 1206 λόσσαι
327 1148 493 1224 οἰστρώδεις,
508 1148 615 1222 λογικδς
630 1145 656 1205 δὲ
671 1148 771 1224 ἀμαθία
785 1148 830 1205 καὶ
844 1148 935 1227 ίκρρο·
978 1150 1053 1227 ρόσις
1066 1142 1119 1211 οἷον
1134 1152 1243 1232 ὄργανον
1257 1150 1387 1230 ἁρμόξατο
1407 1150 1437 1208 τθ
1455 1159 1562 1226 σκᾶνος,
1579 1151 1707 1211 cicazonis
1722 1176 1752 1211 τε
1767 1218 1768 1223 ,

158 1235 236 1294 σύνοι.
278 1233 408 1314 Ἄρχαίδὲ
428 1234 521 1300 κακίας
535 1234 624 1293 ἁδοναὶ
638 1234 682 1293 καὶ
702 1236 783 1293 λ’ῡπαι
798 1235 933 1310 ἐπιθυμίαι
978 1228 1050 1315 εἶμεν
1068 1241 1114 1299 καί
1128 1239 1278 1319 ἐναρμόνιον
1292 1243 1349 1306 ταῖς
1370 1242 1422 1299 τῶν
1438 1239 1500 1319 βίων
1516 1240 1662 1300 ὑποθέσεσι.
1705 1247 1753 1301 Δεῖ

157 1346 187 1381 τε
205 1325 251 1381 καί
271 1323 362 1402 φίῧοῑ,
378 1322 520 1400 ίξαμμὲναῑ
536 1322 583 1398 μὲν
597 1326 626 1382 ἔκ
640 1320 932 1401 σώματος,ἅνακεκρα·
977 1326 1005 1386 δὲ
1025 1328 1070 1386 καὶ
1094 1328 1142 1386 τὰν
1167 1327 1254 1408 ψυχὰν
1279 1330 1443 1407 ροθμίζεσθαι
1465 1330 1525 1389 ποτὶ
1550 1326 1595 1393 τθς
1620 1328 1752 1405 ἀναλόγως

157 1410 236 1486 μόναι
258 1412 286 1469 δὲ
306 1420 340 1491 τᾷ
359 1413 445 1491 ψυχὶ
459 1410 505 1468 καί
519 1410 734 1489 ἕξαγγελλόμῑναῑ
748 1410 857 1488 &villiaci
871 1434 933 1469 noi·
977 1416 1083 1493 ἀρετάς,
1098 1415 1158 1474 ποτὶ
1180 1414 1228 1492 μὲν
1254 1437 1327 1494 σωρρ
1328 1412 1420 1473 οσόναν
1447 1406 1499 1474 οἷον
1524 1416 1583 1475 ποτὶ
1608 1415 1704 1491 ὑγίειαν
1722 1414 1753 1474 τδ

155 1497 249 1563 κίλοις·
263 1498 355 1577 ἔρωτες
370 1496 421 1575 γδρ
440 1496 484 1555 καί
505 1498 579 1557 πόθοι
592 1495 678 1575 ίμεροί
692 1522 720 1557 τε
734 1498 836 1557 ἔκλυτοι
856 1502 933 1579 ὀργαί
977 1506 1068 1580 σῶμα,
1084 1503 1143 1561 ποτὶ
1158 1504 1186 1560 δὲ
1207 1501 1330 1580 φρόνασιν
1352 1492 1405 1561 οἷον
1419 1503 1479 1561 ποσί
1501 1502 1677 1572 εθαισθησίαν,
1691 1500 1752 1561 nori

154 1609 184 1643 τε
205 1584 323 1644 σόντονοι
345 1586 391 1645 καί
405 1585 554 1664 θυμοίβαρ
556 1593 592 1651 εἰς
613 1587 747 1662 ἐπιθυμίαι
762 1610 792 1646 τε
813 1588 932 1647 ποικίλαι
976 1589 1004 1647 ti
1024 1590 1125 1668 ἄνδρ’
1089 1614 1191 1649 ειοτατα
1214 1581 1266 1648 οἷον
1290 1614 1350 1649 ποτι
1377 1588 1466 1671 ρώμαν
1480 1591 1525 1650 καί
1548 1590 1633 1669 ἶσχόν,
1649 1590 1709 1648 ποτὶ
1724 1588 1752 1647 di
1837 1594 1841 1603 '

155 1671 201 1729 καί
212 1670 304 1731 ἇδοναι
317 1671 425 1752 ἄμετροί
434 1676 497 1731 ἐντι
539 1671 642 1738 Απλως
651 1672 705 1731 δὲ
690 1673 932 1755 ατοπωςεχνποτι
976 1614 1142 1735 δικαιοσρόναν
1161 1667 1213 1735 οίον
1227 1700 1288 1735 ποτε
1279 1676 1439 1743 κοίλλος
1416 1700 1445 1735 το
1459 1680 1547 1753 σῶμα
1589 1675 1708 1735 Touxion
1723 1674 1751 1734 δὲ

153 1781 189 1815 τα
203 1760 289 1817 παθεα
303 1760 348 1818 καὶ
362 1759 534 1838 ἔργεσθαι
500 1782 581 1836 περας
595 1763 688 1839 αρετας
701 1786 746 1820 και
736 1761 851 1831 κακίας
862 1766 931 1825 ἐστι
976 1764 1056 1842 ἀργαί
1073 1764 1119 1840 μὲν
1143 1767 1173 1823 ἐκ
1191 1764 1296 1842 φύσιος,
1317 1764 1385 1838 μεόα
1400 1763 1427 1823 δὲ
1443 1787 1488 1822 και
1502 1787 1602 1844 περατα
1617 1762 1644 1831 ίς
1658 1765 1752 1840 ἰπιαε

152 1845 185 1903 τὸ
167 1847 250 1957 γὰρ
264 1847 445 1916 πλεονάζενίν
465 1846 606 1918 ταιίταιςῆ
627 1849 742 1957 κοίρρσνρι
757 1854 838 1910 αὐτᾶν
860 1844 930 1929 ιίμεν
974 1850 1111 1922 λεία<,’
1078 1872 1198 1927 σωματος
1224 1850 1270 1927 μὲν
1292 1848 1335 1907 δῑίῑ
1355 1859 1533 1927 ttulimus&
1553 1850 1599 1910 καί
1621 1853 1751 1929 impunc,

155 1924 184 1989 ευ
197 1929 214 2001 λ
228 1956 315 1999 κακως
330 1932 380 2011 ἁμὲ
395 1935 532 2007 διατίθητι
576 1936 640 1993 ΙΙοτι
650 1936 735 1993 δὲ
688 1938 838 2006 ταυταςτας
849 1940 932 2020 ὁρμὰς
974 1941 1061 2019 ψυγᾶς
1077 1938 1103 1996 δὲ
1128 1938 1171 1997 διθι
1192 1938 1324 2001 παιδείας
1332 1939 1377 1997 καί
1398 1940 1559 2019 ριλοσορίας.
1603 1930 1752 2019 Αθταιγδιρ

154 2019 260 2097 μεγάλα
275 2019 321 2095 μὲν
336 2026 461 2101 συνεργῆν
476 2022 597 2081 δύνανται
612 2026 688 2081 αί
653 2046 704 2081 των
719 2025 896 2129 777677777
898 2028 930 2087 αἰ·
975 2025 1096 2100 δυνάμιες
1120 2026 1256 2105 τρέροισαι
1278 2026 1322 2084 καί
1344 2034 1458 2085 τονοῖσαι
1471 2027 1515 2084 καὶ
1534 2026 1615 2084 ιδ’
1582 2050 1694 2101 σωματα
1707 2025 1752 2085 καί

153 2132 225 2186 σιες,
240 2109 349 2181 δξεῖαιῆ
364 2110 457 2189 θερμαὶ
471 2108 489 2181 ἢ
505 2111 593 2169 ἄλλοτ’
605 2112 706 2169 ἀλλοῖαι
720 2110 852 2187 γινόμεναι
866 2114 892 2179 ἔς
902 2138 929 2173 τε
974 2112 1022 2176 τὰς
1036 2110 1121 2191 ψυχὰς
1134 2112 1225 2170 οιὰ’
1191 2135 1275 2171 πονων
1296 2136 1340 2170 και
1330 2112 1505 2191 γυμνασίων
1524 2114 1569 2172 καί
1587 2114 1688 2181 διαίτας
1704 2136 1753 2173 κα-

155 2197 333 2275 μελαγχολίας
354 2200 399 2255 καί
417 2198 538 2276 λαγνείας
560 2198 759 2276 λαόροτᾶτας
742 2222 847 2277 αγοισαι
862 2202 928 2276 θμί,
974 2197 1223 2277 θαρότατος,ταὶ
1191 2222 1238 2276 μ.ν
1254 2197 1296 2257 διδ
1310 2195 1536 2280 ραρμακειᾶν,ταλ
1550 2202 1575 2259 δὲ
1586 2202 1752 2260 παιδευτικαί

153 2284 201 2342 καὶ
217 2285 423 2392 ρευματιζόμενρί
438 2310 496 2343 τινα
512 2286 560 2365 μέρ
561 2310 591 2345 εα
605 2284 744 2361 δαξασμὼς
757 2294 873 2345 ποιοῦντι
884 2290 930 2347 καί
974 2287 1752 2365 1727772trixoiwtmxnitrrmlatiov.‘Pomdodci

154 2372 296 2452 μορρδς
289 2369 479 2449 Λεγμαινόντων
502 2371 631 2450 σωμάτων
653 2376 752 2451 μαλλον
769 2373 929 2452 ἢθγιαινόν-
974 2372 1025 2452 γὰρ
1047 2374 1090 2431 διὰ
1105 2384 1254 2485 προτροπᾶγ
1270 2374 1410 2454 ἒγείροισαι
1433 2374 1482 2434 τόν
1505 2375 1589 2456 ὁρμὰν
1612 2374 1657 2435 και
1678 2377 1751 2452 177-

152 2483 218 2531 των,
230 2396 312 2519 σιξ
327 2460 465 2537 δυσθυμίαι
478 2460 588 2519 mic
539 2462 588 2530 λῆθ
591 2461 828 2540 αιπαραιρροοόναι
841 2486 870 2520 τε
884 2464 929 2523 καί.
973 2458 1112 2535 λευόμεναι
1137 2460 1171 2519 τὰ
1197 2461 1323 2543 ποτίρορα
1344 2462 1437 2520 ncri'
1422 2487 1434 2520 ε
1437 2486 1497 2542 ρ.γα
1541 2460 1734 2523 Ἀλειπτικδι
1704 2486 1752 2538 μεν

152 2551 244 2604 πτοῖαι
257 2548 459 2627 ἀπεργάζονται
452 2546 547 2605 ίκανθ
562 2547 589 2606 δὲ
602 2548 636 2608 ri
650 2550 722 2620 ἔθεσι,
737 2551 763 2607 ίν
782 2539 819 2615 οἷς
836 2548 868 2607 ἂν
889 2553 929 2608 ἐν·
974 2572 1012 2606 ων
1032 2548 1077 2607 καί
1090 2550 1107 2606 ἃ
1122 2549 1205 2606 ταθτα
1220 2550 1410 2669 σογγενεστοίτα
1434 2550 1554 2628 ίατρικοί,
1571 2549 1683 2625 σώματα
1700 2573 1750 2607 τα-

152 2636 272 2711 τραρῶσι
283 2634 351 2691 κατὰ
362 2632 467 2704 πόλινῆ
478 2624 557 2707 οἶκον,
565 2635 635 2691 καί
621 2659 638 2691 α
648 2638 706 2692 καθ’
719 2635 817 2712 αμίραν
828 2634 928 2711 δίαιτα,
974 2640 1008 2713 χθ
1010 2635 1067 2692 αἶσα
1083 2636 1233 2714 θεραπείαν,
1249 2638 1274 2701 ἐς
1287 2633 1333 2692 τὰν
1348 2635 1523 2714 κρατίσταν“
1501 2636 1636 2743 αρμονίαν
1657 2635 1727 2713 σίγιι
1734 2658 1751 2692 α

152 2718 297 2797 θρόπτοισα
319 2719 367 2778 τόν
387 2720 474 2799 ψυχθιν
494 2718 511 2790 ἢ
533 2724 652 2799 ρωννυσοι
665 2743 716 2780 ποτ
716 2720 832 2781 ἀλκοίν.
874 2721 928 2783 Ταὶ
974 2721 1201 2798 τθςδυνοίμιας’
1171 2746 1200 2781 το
1215 2746 1243 2780 τε
1260 2714 1325 2798 αἷμα
1339 2722 1452 2800 καθαρὸν
1467 2746 1511 2781 και
1526 2724 1555 2780 τὸ
1569 2729 1671 2797 πνεῦμα
1687 2722 1750 2803 σόρ-

151 2805 205 2885 γὸρ
221 2807 356 2886 θυραυλίαι
377 2809 422 2867 καὶ
444 2809 529 2865 ἁπλαῖ
540 2806 634 2888 τροφαί
646 2809 680 2866 τοί
701 2833 729 2867 τε
742 2808 870 2885 γυμνοίσια
884 2813 928 2869 καί
977 2813 1034 2889 ροον
1060 2810 1252 2889 ἀπεργάζεται,
1266 2809 1299 2867 ἵν’
1314 2811 1336 2867 εἷ
1359 2810 1404 2867 καί
1426 2834 1451 2867 τι
1477 2812 1585 2875 νοσῶδες
1601 2809 1751 2886 θπογίνοιτο

151 2893 188 2951 τὰ
195 2894 261 2965 ἤθεα
270 2897 321 2953 τῶν
331 2895 458 2954 συνόντων
469 2896 502 2953 τὰ
513 2895 623 2973 με’γιστα
634 2896 822 2955 δόνανταιποτί
833 2895 927 2977 οἰρετθν
963 2898 1072 2976 ,κράτος
1097 2900 1166 2956 αὐτῶ
1180 2896 1264 2976 ἔχοιεν
1286 2898 1429 2978 ἐρρωμέναι
1446 2899 1491 2956 ταί
1505 2897 1626 2973 δυνοίμιες
1640 2896 1751 2974 αἵματος

151 3094 183 3131 ει
195 3079 290 3131 ursinos
302 3084 457 3145 generantur,
465 3080 566 3130 molesta
583 3092 640 3130 roro
657 3092 712 3142 qun
724 3092 753 3128 ex
767 3079 877 3128 medullis
888 3093 928 3128 ac·
975 3082 1094 3149 pruritum
1104 3082 1209 3131 alicrunt
1221 3083 1355 3145 turmasque
1366 3083 1576 3132 intumescentium
1590 3083 1751 3144 potiusquam

152 3169 273 3218 conditur.
306 3167 426 3216 Postremi
448 3169 529 3216 auteur
548 3171 605 3216 sunt
628 3167 705 3241 morbi
727 3165 838 3228 spiritus,
860 3166 929 3227 bilis,
974 3182 1088 3218 sanorum
1104 3182 1245 3230 corporum,
1260 3171 1350 3232 quilius
1368 3169 1522 3230 {egritudines
1534 3172 1558 3219 et
1571 3169 1660 3222 obtura
1671 3171 1696 3218 ot
1707 3170 1750 3218 de

152 3253 515 3318 pituitaaauctusetiniiuxio'
509 3267 535 3303 m
548 3254 616 3304 audeo
633 3253 722 3304 alienas
734 3254 772 3302 ret
790 3255 855 3304 iocos
874 3268 929 3304 cor-
974 3255 1075 3303 mentius
1088 3259 1112 3303 et
1126 3253 1344 3305 mctnseificiunt.
1339 3259 1452 3304 teritum
1466 3255 1537 3304 etiam
1550 3255 1631 3304 valent
1646 3268 1750 3304 consue·

152 3343 218 3406 porta
232 3340 380 3405 principales.
412 3344 481 3392 Tunc
495 3341 560 3391 enlm
571 3341 698 3392 meliorum
716 3342 794 3391 locum
810 3344 931 3404 occupant
975 3341 1070 3390 tudincs
1087 3342 1200 3403 quibus·
1193 3355 1217 3391 m
1231 3355 1274 3392 sna
1288 3343 1498 3406 quisqncciritate
1512 3344 1551 3392 ret
1566 3341 1685 3392 iamiliia'
1679 3355 1751 3390 mnu·

151 3432 307 3493 cognatisque
323 3429 426 3492 deputatu
437 3431 507 3478 sedes
524 3428 570 3477 sibi
588 3431 751 3490 constituunt,
764 3433 789 3478 ct
802 3431 929 3491 postquam
973 3429 1044 3478 tritus
1057 3434 1106 3490 ent,
1120 3430 1224 3492 itemquo
1237 3431 1376 3492 quotidiana
1396 3431 1492 3480 vivendi
1513 3430 1587 3488 ratio,
1602 3434 1628 3478 ut
1643 3429 1750 3478 animum

150 3530 253 3580 corpora
263 3516 568 3579 alliiserunt‚iniroecipaa
577 3517 748 3567 dissolvuntur.
781 3515 930 3578 Etcurporis
974 3524 1017 3564 aut
1036 3516 1174 3566 etieminent
1193 3520 1235 3566 aut
1258 3517 1289 3566 ad
1309 3516 1472 3580 tutitudincm
1495 3517 1656 3566 corroborent.
1688 3517 1749 3564 liam

145 3597 250 3666 'quidem
260 3603 362 3652 laaerunt
372 3603 516 3662 mactiones,
522 3607 547 3652 ct
553 3616 581 3650 ει
591 3603 627 3651 iria
636 3603 770 3665 complures
778 3603 851 3653 culini
865 3617 929 3653 mor·
973 3607 1029 3652 autc
1046 3605 1108 3653 tores
1121 3610 1258 3666 pernoctare
1272 3607 1297 3654 et
1308 3606 1387 3654 tenuis
1400 3605 1477 3654 rictus
1491 3605 1515 3653 et
1529 3602 1712 3652 exercitationes
1723 3605 1749 3651 ct

149 3693 177 3741 bi
196 3693 348 3750 exoriuntur,
361 3690 403 3739 scd
422 3690 461 3738 aiii
482 3690 540 3740 aiios
559 3690 647 3740 iralseui
662 3692 801 3752 facultates,
813 3691 928 3741 sentiendi
973 3705 1056 3742 curum
1069 3693 1211 3754 quibuscum
1227 3706 1349 3742 versamur
1360 3705 1438 3741 moran
1451 3691 1581 3741 maximnm
1599 3692 1689 3742 liabent
1699 3693 1749 3740 vim

150 3780 250 3843 quidem
269 3779 405 3827 tacultaicm
423 3782 518 3840 stupor,
534 3779 657 3828 memorie
674 3779 723 3828 rim
739 3778 929 3842 obiirio,appc·
973 3781 999 3829 in
1013 3783 1139 3842 utramque
1151 3783 1243 3842 partem
1256 3781 1306 3830 sive
1317 3783 1347 3828 ad
1360 3771 1474 3829 uirtutem
1490 3781 1541 3830 sire
1552 3779 1582 3828 ad
1593 3780 1688 3829 vilium.
1721 3783 1750 3830 Ει

150 3867 253 3918 tentiam
266 3866 351 3917 odeudi
362 3865 483 3915 iastidium
493 3869 518 3915 et
528 3867 627 3916 nimium
636 3866 929 3928 dosidenom‚paunitem
972 3868 1061 3916 irarum
1082 3867 1179 3929 quidem
1201 3879 1281 3917 rerum
1304 3877 1383 3916 cuunn
1403 3867 1435 3915 ab
1451 3868 1508 3929 ipsis
1527 3868 1751 3930 purcntibusaique

151 3965 263 4009 naturam
281 3960 337 4009 tem
345 3957 484 4007 affectiones
495 3959 519 4006 et
531 3963 605 4006 oestro
616 3957 705 4020 percita
717 3956 802 4017 rabies,
812 3957 929 4019 cogitandi
973 3956 1099 4005 clementis
1119 3955 1197 4017 potius
1212 3955 1355 4015 inferuntur,
1370 3967 1441 4018 quum
1460 3953 1622 4016 anonis,nisi
1641 3956 1750 4006 socordia
1819 4009 1820 4012 ,

151 4047 257 4110 denique
276 4047 407 4096 sollertiam
428 4044 559 4106 ignorantia
577 4057 607 4093 ac
624 4044 751 4094 dementia.
767 4040 770 4048 '
784 4044 928 4093 vitiositatis
973 4045 1056 4094 nostra
1067 4043 1166 4104 accidit,
1177 4046 1204 4094 ut
1218 4057 1232 4093 a
1244 4043 1331 4093 debitis
1341 4043 1426 4092 ciliciis
1437 4043 1595 4094 discedamus.
1628 4046 1749 4093 (interum

112 4139 118 4149 '
151 4139 235 4185 autern
246 4133 361 4197 principia
371 4135 429 4183 suut
446 4131 580 4194 voluptates
592 4134 617 4181 et
629 4131 891 4194 dolores‚cupiditateo
904 4135 929 4182 et
972 4131 1003 4180 cd
1017 4131 1106 4181 bouum
1120 4131 1230 4182 animalis
1238 4129 1350 4181 'habitum
1362 4141 1423 4193 opus
1435 4136 1472 4181 ast
1483 4143 1582 4192 corpora
1593 4131 1694 4194 propriis
1704 4131 1749 4176 vir·

149 4224 265 4284 timores,
279 4236 310 4272 εκ
332 4235 432 4284 οοτροιε
452 4221 550 4284 (γυίοισι
573 4233 685 4281 act-msa,
696 4219 747 4270 sed·
759 4223 841 4270 auimo
858 4221 928 4282 quasi
974 4217 1082 4280 tutibus,
1093 4219 1207 4280 sanitate,
1219 4231 1332 4268 sensuum
1344 4218 1491 4280 integritate,
1504 4216 1594 4266 viribus
1604 4220 1629 4266 et
1643 4215 1748 4278 puiuirri-

150 4310 264 4359 immixta
276 4321 332 4372 qun
344 4309 417 4358 variis
428 4308 567 4358 nominibus
577 4308 810 4369 appellanturenam
819 4320 927 4368 amores,
972 4307 1058 4357 tudine
1076 4307 1185 4370 prrodito.
1219 4306 1338 4369 Principia
1358 4305 1540 4369 pulchritudinis
1564 4306 1621 4354 eunt
1647 4306 1749 4367 partium

152 4400 282 4460 calderia,
294 4399 418 4449 dissolutae
431 4398 556 4462 cupidines
569 4399 652 4461 iraque
664 4395 794 4447 reircmcns
810 4403 834 4446 et
849 4400 928 4459 graiis
973 4395 1026 4456 elus
1049 4398 1099 4444 tum
1113 4396 1174 4444 inter
1187 4407 1239 4443 sese
1258 4407 1330 4455 quam
1349 4403 1404 4442 cum
1427 4391 1507 4442 animo
1523 4390 1677 4452 congruentia
1682 4405 1691 4451 ;
1705 4403 1749 4438 na·

151 4489 362 4550 exundesccntia,
377 4489 520 4549 cupiditates
532 4489 619 4551 rariau,
631 4488 766 4550 ruiupiates
778 4488 881 4550 denique
891 4489 927 4537 in.
974 4485 1028 4529 tura
1044 4479 1107 4528 enirn
1130 4482 1244 4541 tunquam
1265 4480 1451 4528 instrumentum
1476 4478 1522 4526 iroc
1539 4488 1628 4538 corpus
1650 4488 1749 4538 compu-

150 4575 276 4626 credibile
292 4588 325 4624 ex
343 4573 380 4623 iris
397 4574 470 4623 animi
485 4572 591 4623 motinus
605 4576 744 4622 nascuntur.
778 4573 928 4624 omninoita
974 4565 1115 4629 mit‚quod
1132 4572 1157 4616 et
1168 4566 1313 4629 morigerum
1331 4567 1431 4615 casstet
1445 4564 1501 4613 viioe
1518 4563 1634 4612 institutio
1654 4576 1749 4612 acccur-

151 4660 560 4725 inepnrqntanimusoupidinnrm
570 4659 928 4722 imperiosubjiciatur‚rirtutia
974 4654 1108 4704 mcdatum.
1156 4653 1373 4716 Apimua‘quoquo
1399 4650 1430 4699 ad
1456 4649 1624 4700 convenienter
1650 4649 1750 4698 uirtutes

151 4755 177 4801 et
188 4750 240 4800 ritii
252 4749 369 4799 terminus
380 4750 418 4798 est
430 4766 437 4796 ι
449 4748 568 4811 siquidem
582 4748 619 4797 liis
630 4760 694 4810 soepa
704 4746 826 4809 indulgere
844 4752 887 4796 aut
900 4747 928 4796 iis
972 4741 1159 4792 conformandus
1173 4744 1223 4802 est,
1234 4740 1265 4789 ad
1280 4738 1459 4801 temperantiam
1471 4740 1500 4786 ut
1515 4749 1602 4799 corpus
1614 4737 1644 4785 ad
1661 4735 1750 4786 sanita·

150 4838 297 4900 superiorem
317 4849 371 4885 esca
390 4847 435 4885 ιιοσ
455 4836 494 4884 rei
509 4836 570 4885 isene
593 4835 632 4885 vel
646 4836 709 4884 male
722 4834 803 4884 allicit.
835 4834 927 4885 Adiror
971 4835 1030 4890 nm,
1039 4827 1292 4892 adprudentiamutad
1301 4827 1534 4888 sensuumrigureur.
1542 4824 1571 4873 ad
1583 4824 1745 4874 tortitudinem

151 4925 225 4975 animi
246 4926 348 4986 impetus
363 4923 468 4973 inultum
488 4923 596 4972 conterre
613 4928 712 4984 possunt
724 4934 852 4984 corporum
864 4925 927 4972 tem·
971 4919 1037 4969 ulad
1050 4917 1124 4967 robur
1138 4917 1251 4976 etriroe,
1267 4914 1423 4976 adjustitiam
1440 4919 1467 4963 ut
1475 4926 1561 4975 corpus
1572 4912 1602 4962 ad
1616 4913 1749 4976 puiciuitu·

144 5015 289 5077 -perameuta
301 5024 356 5073 quaa
370 5011 410 5061 rei
422 5011 574 5061 vehementia
586 5014 610 5061 ct
622 5009 711 5060 torrida
718 5011 756 5060 voi
766 5010 812 5059 aiio
820 5013 928 5073 tempore
971 5006 1061 5056 dinem.
1078 5007 1167 5055 llarum
1184 5004 1302 5052 virtutum
1318 5002 1386 5050 initia
1397 5014 1410 5050 e
1423 5005 1522 5074 uaiu7,
1539 4999 1616 5049 media
1629 5001 1653 5048 ot
1662 4999 1721 5047 lines
1734 5011 1750 5047 α

46 5109 50 5114 ’
148 5100 364 5160 aliaslntnosqua
379 5097 501 5147 adalram
516 5098 587 5147 iritum
601 5099 626 5146 et
646 5096 798 5147 effusissima
818 5096 927 5146 libidines
972 5091 1095 5153 diligentia
1107 5089 1235 5152 repetepdc
1247 5095 1319 5147 sunt,
1338 5085 1455 5150 siquidem
1474 5085 1580 5148 torporis
1598 5085 1695 5134 ririutcs
1705 5095 1748 5146 gy·

152 5184 297 5249 prnducant,
312 5197 384 5246 porro
393 5185 513 5248 ,quiedam
534 5189 613 5246 partes
632 5183 775 5233 nunoninos
794 5183 927 5232 laborantcs
973 5181 1098 5230 uruarticto
1111 5181 1134 5228 et
1150 5178 1271 5228 modicinu·
1283 5189 1342 5239 cpe,
1352 5174 1424 5225 snirut
1437 5175 1497 5224 bona
1509 5173 1650 5224 eruditionis
1661 5175 1685 5222 et
1697 5169 1748 5234 plri-
