3959 5925
204 352 260 404 166
906 334 1100 396 euticion

200 474 277 526 simul
291 469 434 521 uteritatis
450 465 734 530 exemplosfmilisesset
751 464 979 527 ueqsmmuus.
1031 465 1109 527 operis
1119 464 1195 526 grstia
1204 464 1317 514 sumitur.
1349 465 1440 514 Verum
1452 463 1534 514 limosi
1547 462 1658 513 eruutad
1672 461 1704 526 id,
1716 465 1809 527 quode

200 561 352 621 Arclretppus
370 555 460 618 quippe
473 555 541 604 omni
560 567 615 604 aare
634 566 730 616 semper
745 552 865 602 exsistens
885 555 924 602 est
942 554 982 602 bie
1026 550 1199 614 agitur,utilia,
1209 555 1263 613 post
1271 562 1440 614 exsequemur.
1452 550 1527 614 igitur
1534 549 1632 614 siugulis
1640 552 1808 616 universisque

201 648 303 710 sensitis,
314 647 510 707 imagoqueejus.
528 643 785 706 lasst,qulperomne
794 643 889 704 ternpus
898 640 981 704 fuerit,
1025 643 1083 703 apto
1099 645 1123 690 et
1133 639 1227 689 decenti
1244 639 1290 710 sibi
1302 641 1370 689 motu
1385 638 1483 700 locatim
1499 637 1610 689 videlicet
1623 639 1667 701 iis,
1679 653 1735 702 que
1748 653 1807 690 oon-

201 737 291 800 quippe
301 737 326 784 et
340 735 434 782 tumrus
445 733 485 782 sit.
518 732 570 780 flac
578 743 636 791 ergo
648 730 692 782 liei
705 730 812 790 ratione,
823 728 981 792 consiliaque,
1026 741 1130 792 sequens
1145 731 1197 778 erat
1208 730 1316 792 tempore
1329 728 1464 791 provenire,
1476 727 1627 792 nexibusque
1644 728 1756 778 sitatibus
1767 730 1810 781 ubl

201 820 483 888 bujusmodigeuituram
491 816 983 882 temporisroleuticreari,sol,etlnna,
1027 817 1155 867 constricta
1180 829 1279 880 corpora
1301 815 1365 866 facta
1390 817 1447 866 suut
1469 815 1594 878 animalia;
1617 816 1812 879 imperatumque

180 905 815 972 'etsliaequinquestellm,qursrocsnturerraticae,
827 905 981 954 factmsont:
1028 904 1177 966 didicerunt,
1195 917 1222 953 ea
1243 916 1299 967 quae
1316 903 1418 954 diversas
1432 905 1525 954 nature
1543 910 1625 954 motus
1639 904 1751 967 obliquus
1768 917 1810 968 per

202 1011 253 1061 quo
273 999 419 1062 temperies
441 994 556 1057 temporis
575 995 717 1045 notarentur
736 995 801 1042 certa
818 991 982 1052 dimensione,
1028 992 1148 1041 directum
1167 990 1273 1051 ejusdem
1294 993 1388 1040 nature
1408 995 1611 1041 motumrertens
1629 995 1714 1052 semet,
1727 996 1813 1054 utpote

202 1098 277 1148 quam
293 1083 383 1134 reditus
396 1082 564 1144 anfractusque
583 1081 720 1144 temporarii
736 1079 783 1129 snb
800 1079 896 1129 numeri
914 1090 984 1129 eom-
1028 1076 1182 1136 constrictus,
1194 1076 1392 1136 circumferebat;
1407 1078 1494 1138 partim
1506 1077 1607 1138 majore,
1619 1078 1706 1140 partim
1717 1079 1811 1130 minore

203 1170 384 1234 prehensionem
397 1169 523 1219 'venirent
556 1168 710 1228 corporaque
727 1164 820 1215 siderea
836 1164 983 1225 febrientes,
1028 1165 1118 1214 circulo
1127 1163 1277 1224 rotabantur,
1287 1164 1359 1213 citius
1368 1163 1466 1225 quidem
1475 1163 1613 1214 dimensum
1626 1165 1731 1228 spatium
1745 1179 1811 1228 pera·

203 1256 333 1318 assignarit
354 1236 466 1304 nitatibus
489 1253 594 1304 divemae
617 1255 710 1302 naturas
736 1251 860 1313 motibus,
883 1263 985 1300 numero
1029 1251 1123 1314 gentis,
1137 1263 1192 1313 qum
1214 1252 1319 1312 minore;
1332 1251 1423 1300 tardius
1443 1263 1518 1313 nero,
1537 1263 1592 1315 qum
1613 1252 1715 1315 maiore,
1730 1256 1812 1316 utpote

204 1351 306 1408 septem,
318 1343 415 1395 totidem
426 1355 535 1405 corpora.
568 1345 643 1392 Lunae
661 1340 758 1403 quidem
776 1341 846 1400 posu
859 1343 947 1389 terram
960 1339 985 1388 in
1032 1339 1123 1388 umbitu
1136 1339 1280 1388 circumacta
1290 1337 1429 1402 prolixiore.
1462 1337 1638 1394 Qnadecansa
1651 1340 1735 1403 tiebat,
1748 1345 1813 1392 utet

201 1412 281 1496 6rima
293 1429 499 1481 circumactione:
515 1427 572 1478 solis
586 1441 658 1490 vero,
674 1427 699 1476 iu
713 1428 829 1477 εοουιιοα.
861 1429 924 1476 tum
939 1429 986 1476 bu·
1029 1423 1607 1488 deiformieiusdemnatureaoonrcrsione,quar
1620 1425 1810 1477 citiuseircum·

204 1519 271 1570 citeri
286 1521 312 1570 et
322 1519 431 1570 biarcnrii
448 1517 550 1568 collocat
566 1517 632 1579 ignes
644 1516 670 1565 in
684 1528 713 1565 eo
726 1519 808 1578 motu,
826 1515 871 1578 qui
881 1528 985 1565 concur·
1029 1514 1107 1575 irent,
1124 1513 1156 1562 ab
1177 1514 1208 1563 iis
1222 1525 1277 1575 quse
1297 1513 1391 1564 tardius
1409 1512 1638 1562 circumferebantur
1653 1515 1813 1577 eomprehen-

206 1608 238 1658 rit
250 1607 348 1670 quidem
364 1605 485 1656 solstitiali
506 1603 654 1664 circuitioni,
672 1603 793 1652 contraria
815 1604 897 1652 tamen
911 1602 943 1652 ab
957 1615 986 1652 eo
1031 1602 1113 1652 dentis
1127 1603 1299 1664 comprehendi
1320 1601 1467 1652 riderentur.
1500 1605 1592 1652 omnes
1606 1602 1696 1665 quippe
1710 1603 1816 1654 circulos

204 1695 372 1744 circumfertur
383 1691 523 1756 agitatione.
556 1694 637 1748 Quare
649 1688 691 1750 iit,
703 1690 731 1738 ut
741 1689 947 1751 comprehendant
960 1703 986 1740 se
1031 1703 1115 1741 eorum
1132 1690 1260 1740 uniformis
1275 1689 1458 1751 inerrabilisque
1477 1688 1517 1738 illa
1535 1691 1661 1740 conversio
1678 1698 1775 1740 vertens
1789 1691 1813 1740 iu

204 1781 324 1842 invicem,
336 1783 361 1830 et
373 1793 387 1829 a
403 1793 429 1830 se
440 1792 524 1828 rursus
539 1777 773 1840 comprehendantur
785 1777 824 1827 be
832 1777 915 1828 sellu.
932 1780 986 1828 Ors-
1033 1778 1134 1841 spiram,
1143 1779 1167 1826 et
1178 1777 1246 1826 vetut
1257 1777 1382 1827 sinuosum
1396 1776 1491 1856 acbanti
1502 1776 1617 1826 volumen
1631 1795 1638 1826 ε
1650 1777 1708 1840 quia
1718 1777 1815 1840 gemino

205 1870 270 1919 teos
283 1880 380 1930 quoque
391 1866 498 1915 siderum
519 1871 589 1914 ortus
602 1867 628 1914 et
648 1865 824 1927 progressiones
842 1865 930 1915 dimne
947 1878 985 1914 ra·
1031 1869 1057 1918 et
1065 1867 1186 1918 contrario
1198 1870 1267 1916 motu
1281 1865 1427 1928 ferebantur,
1438 1867 1491 1915 tum
1500 1865 1554 1928 ipsa
1565 1865 1651 1926 etiam,
1662 1867 1709 1915 cita
1716 1902 1724 1930 ,
1735 1871 1760 1917 et
1772 1881 1812 1917 ιο-

206 1951 279 2000 tionis
300 1949 377 1998 ductu
398 1949 496 2012 digessit
518 1948 544 1998 in
563 1948 685 1998 ordinem.
729 1949 805 2010 eujus
823 1949 988 2001 exomadouls
1021 1947 1123 2018 tueris,
1145 1965 1173 2006 en
1195 1967 1251 2017 quae
1273 1953 1366 2004 tardius
1387 1967 1402 2002 a
1424 1965 1450 2003 se
1465 1953 1622 2014 recedebant,
1637 1955 1746 2016 proxima
1765 1955 1810 2004 sibi

207 2053 305 2090 cansam
318 2040 437 2103 explicare
450 2041 472 2090 si
483 2040 538 2101 quis
550 2038 620 2098 velim
633 2039 687 2102 plus
700 2039 746 2090 erit
760 2052 833 2102 opere
846 2040 908 2103 ipso,
921 2040 988 2103 quod
1032 2055 1127 2104 semper
1142 2056 1172 2093 er
1186 2043 1355 2093 consecutione
1369 2041 1479 2092 faciebat.
1511 2044 1590 2104 Atque
1605 2043 1634 2096 ut
1648 2042 1817 2102 rationabilis,

207 2224 253 2277 νῦν
272 2219 326 2277 οὐδ’
339 2221 452 2284 εἰσαῦθις
475 2215 597 2295 ἔσεσθαι,
608 2215 639 2274 cb
652 2217 777 2300 παράπαν
800 2240 830 2276 τι
844 2217 917 2278 οὐδέν
937 2219 988 2279 όαα
1036 2219 1133 2292 σελήνη
1149 2219 1193 2278 καὶ
1212 2219 1290 2278 πέντε
1311 2218 1380 2278 ἄλλα
1396 2218 1498 2298 ἄστρα,
1512 2218 1621 2289 triste-r
1638 2219 1732 2298 ἔχοντα
1746 2223 1815 2279 πλα·

208 2306 307 2385 γένεσις
328 2314 381 2372 τοῖς
395 2308 422 2364 ἔν
444 2304 564 2376 αἰσθήσει
582 2304 732 2386 φερομένοις
752 2309 903 2385 προσῆψεν,
919 2307 988 2367 diii
1036 2309 1118 2383 νητά,
1130 2311 1165 2374 εἷς
1180 2310 1219 2367 διο
1221 2307 1312 2386 ρισμδν
1327 2308 1371 2368 καὶ
1386 2307 1505 2388 φυλακὴν
1520 2310 1637 2388 ἀριθμῶν
1656 2309 1752 2421 χρόνου
1771 2311 1817 2386 γέ·

209 2416 304 2475 χρονου
315 2417 399 2452 ταυτα
417 2395 500 2453 αἰυινά
513 2417 542 2451 τε
562 2394 724 2470 μιμουμένου
745 2394 791 2454 καλ
808 2418 859 2453 κατ
859 2396 988 2506 ’ἀριθρδγ
1036 2423 1105 2478 γονε.
1148 2396 1268 2474 Σῶματοι
1292 2398 1319 2458 δὲ
1346 2401 1432 2457 αὐτῶν
1457 2399 1574 2459 ἑκάστων
1602 2401 1715 2470 ποιησας
1733 2405 1746 2458 6
1764 2402 1818 2468 θεὸς

209 2480 434 2560 κυκλουμένου’
404 2505 506 2559 γεγονεν
520 2482 588 2552 εἴδη.
632 2482 688 2541 Καὶ
700 2505 765 2561 προς
777 2502 876 2549 τουτοις
903 2481 982 2542 ἔτι
955 2507 989 2541 τα
1036 2485 1164 2558 ἔθηκεν’
1142 2485 1281 2554 ειςτθςπι
1285 2507 1357 2568 ριφορ
1344 2485 1389 2565 ρδις
1404 2485 1465 2558 δςὴ
1480 2487 1589 2569 θατέρου
1611 2488 1765 2593 περίοδος
1748 2511 1815 2568 ῃειν,

209 2568 356 2641 τοιάδε,’
326 2591 356 2628 το
368 2590 396 2627 τε
409 2569 512 2646 γεγονὸς
526 2559 593 2626 εἶναι
607 2568 710 2648 γεγονὸς
730 2569 819 2628 καὶ
795 2593 825 2628 το
838 2571 988 2649 γιγνόμενον
1036 2571 1152 2631 ἑπτὰ
1123 2595 1202 2637 ουσας
1218 2573 1280 2633 ὄντα
1302 2573 1386 2646 ἑπτά,
1404 2574 1516 2646 σεληνην
1529 2573 1577 2650 μὲν
1590 2576 1662 2640 etr*
1638 2598 1681 2634 τον
1695 2575 1755 2655 περὶ
1769 2579 1817 2653 γῆν

209 2643 558 2764 εἶναιγιγνόμενον,ἔτιδὲτδ
567 2631 989 2772 γενησόμενονιῖναιγειησόμεναν
1037 2664 1152 2740 πρῶτον,
1168 2661 1241 2734 ἥλιον
1254 2662 1277 2720 δ
1293 2662 1386 2729 cirros
1401 2660 1519 2742 δεύτερον
1534 2652 1648 2742 ὑπὲρ
1614 2687 1672 2740 γης,
1687 2663 1818 2741 ἑωσφόρον

209 2744 294 2802 καὶ
270 2767 300 2802 το
317 2745 383 2856 μὴ
373 2744 402 2802 δν
417 2745 455 2821 μὴ
470 2743 498 2802 δν
514 2734 630 2821 εἶναι,
611 2770 646 2804 ων
661 2745 736 2804 οὐδὲν
750 2745 855 2823 αὐιριόὲς
868 2746 989 2824 λέγομεν.
1038 2746 1065 2806 δλ
1082 2748 1165 2806 καθ
1140 2771 1184 2808 τον
1198 2750 1266 2829 ἱερὸν
1279 2750 1380 2831 Ἑρμοῦ
1392 2745 1533 2828 λεγόμενον
1551 2753 1587 2819 εἰς
1601 2749 1660 2818 τους
1674 2750 1749 2830 τάχει
1769 2751 1816 2827 μέν

210 2833 268 2910 Περ
268 2830 323 2887 l
255 2854 341 2910 μεν
352 2822 396 2890 ουν
411 2830 509 2891 τούτων
527 2833 580 2910 τάχ
580 2832 635 2891 ’δν
652 2832 737 2891 οὐκ
713 2856 754 2903 ειη
775 2833 864 2912 καιρὸς
882 2835 1079 2911 πρέπωνό
1036 2837 1095 2897 ἰσόδ
1080 2838 1175 2916 δρομον
1189 2837 1257 2918 ἡλίῳ
1278 2837 1372 2896 κθκ)ον
1388 2837 1443 2897 ῖόντ
1444 2863 1486 2910 ας,
1500 2837 1588 2908 τὴνδ’
1604 2837 1721 2896 ἐναντίαν
1744 2839 1818 2909 εἰλη-

211 2920 296 2999 ἐντῷ
316 2918 426 2998 παρόντι
441 2919 708 2997 διακριόολογεῖσθαι,
722 2920 814 3000 χρόνος
835 2913 902 2979 δ’
873 2944 917 2980 ουν
932 2927 989 2999 μετ’
1039 2924 1160 3004 χθτας’
1131 2949 1202 3007 αυτιρ
1182 2925 1334 3005 δύναμιν·
1327 2927 1404 2987 ·ὅθεν
1418 2925 1656 3005 ιιαταλαμθάνουσί
1671 2951 1699 2985 τε
1712 2949 1757 2986 και
1770 2949 1819 2985 κα·

211 3008 321 3084 οθρανου
335 3006 451 3085 γέγονεν,
464 3006 507 3065 ἵνα
522 3008 580 3084 ἅμα
596 3006 702 3083 γιννηθέ
703 3030 758 3073 ντες
772 3009 828 3085 ἅμα
843 3010 888 3069 καλ
906 3013 989 3069 λυθῶ·
1037 3014 1255 3090 ταλαμόένονται
1269 3012 1338 3075 ιὶατδι
1355 3016 1462 3097 ταθτδι
1452 3038 1488 3073 υτ
1489 3014 1721 3090 αλληλωνῆλιος
1731 3038 1759 3073 τε
1773 3038 1818 3073 και

214 3114 266 3163 σιν,
281 3092 313 3149 ἄν
328 3115 391 3151 ποτε
404 3091 478 3159 λυσις
492 3117 532 3162 τις
555 3096 640 3152 αὐτῶν
661 3093 797 3170 γίγνηται,
811 3096 857 3156 καὶ
876 3098 984 3158 κατὰ
959 3122 990 3158 το
1037 3103 1109 3159 δταυ
1124 3099 1227 3178 Ἕρμου
1246 3100 1293 3158 και
1312 3100 1413 3211 ἓωσφόρ
1400 3123 1451 3179 ρος
1494 3101 1576 3161 Τθιδ’
1591 3102 1660 3159 ἄλλα
1681 3092 1708 3160 οῗ
1720 3102 1752 3171 δὴ
1774 3102 1820 3160 καὶ

212 3180 439 3257 παράδειγμα
406 3204 453 3250 της
477 3180 635 3249 αἰωνθας’
603 3204 721 3260 φυσεως,
738 3181 802 3239 ἵν’(
787 3208 823 3250 ως
839 3185 991 3260 ὁμοιότατος
1037 3186 1070 3244 δι’
1083 3186 1114 3253 ἃς
1133 3186 1289 3253 etrterte‘
1261 3210 1375 3264 ρυσατο,
1388 3186 1413 3245 εἴ
1430 3212 1468 3253 τις
1485 3184 1708 3259 ἐπεξίοιπέσας,
1716 3190 1730 3243 6
1745 3186 1821 3290 λόγρς

211 3266 284 3323 αὐτῶ
298 3268 366 3326 κατὰ
381 3259 531 3346 δύναμινῇ.
573 3270 613 3329 'lb
634 3266 752 3382 μὲνγὰρ
765 3268 804 3345 δὴ
822 3271 993 3351 παράδειγμα
1037 3272 1166 3354 πάρεργος
1186 3271 1222 3330 ὢν
1241 3275 1320 3333 πλέον
1335 3274 1396 3331 θνέ
1395 3296 1455 3383 ργον
1469 3264 1505 3331 ὧν
1520 3273 1596 3333 ἕνεκα
1611 3274 1715 3351 λέγεται
1731 3273 1819 3351 παρά-

211 3358 299 3419 πᾶντα
318 3356 427 3415 αἰῶνέι’
415 3380 484 3415 εστιν
499 3357 568 3432 δν,δ
554 3356 604 3413 ὁ’δ
617 3379 650 3415 uu
634 3348 707 3415 'eri
725 3355 851 3424 τέλους
827 3357 993 3418 τονᾶπαντα
1038 3381 1110 3439 σχοι.
1152 3360 1247 3420 Ταῦτα
1272 3358 1320 3436 μὲν
1342 3350 1386 3419 ουν
1410 3360 1472 3427 ισως
1495 3359 1557 3437 τάχ’
1578 3358 1610 3418 ev
1633 3358 1702 3417 κατὰ
1720 3358 1819 3435 σχολὴν

211 3443 304 3529 χρόνον
319 3443 430 3523 γεγονώς
443 3468 472 3502 τε
487 3441 532 3503 καλ
547 3440 583 3501 ὢν
597 3444 643 3501 καὶ
658 3442 790 3521 ἐσόμενος,
1006 3446 1145 3525 ὕστερον
1156 3468 1203 3517 της
1218 3445 1378 3526 ἅξίοις’τυχοι
1392 3446 1552 3523 διηγήσεως·
1569 3444 1659 3517 ἐπειδὴ
1674 3444 1702 3503 δέ
1716 3436 1760 3503 οὖν
1783 3448 1819 3513 εἰς

252 3534 351 3595 XXII.
374 3522 471 3601 Ἐξ
442 3555 485 3591 ουν
508 3531 585 3610 λόγου
605 3534 651 3591 καὶ
669 3531 783 3599 διανοίας
801 3538 859 3593 θεοῦ
872 3531 993 3606 τοιαύτης
1037 3532 1085 3604 τὴν
1100 3535 1185 3613 ἑαυτῷ
1198 3534 1351 3612 πρέπουσαν
1366 3532 1475 3591 ἕκαστον
1490 3530 1758 3614 ἀφίκετορφαρθν”τιυν
1771 3531 1820 3591 ὅσα

211 3644 275 3703 προς
288 3620 384 3702 χρόνου
411 3618 579 3699 pessumire
599 3624 710 3699 γεννηθῇ
732 3622 838 3700 χρόνος,
859 3620 931 3692 ἥλιος
945 3621 992 3680 καλ
1038 3622 1091 3680 ἔδει
1124 3555 1234 3689 ξυιιαπερ
1224 3620 1362 3699 ργέζεσθαι
1384 3619 1489 3701 γρόνον,
1513 3622 1617 3698 δεσμοῖς
1639 3643 1668 3678 τε
1692 3619 1820 3701 ἐμψύχοις

212 3827 279 3876 run,
296 3814 410 3875 celerius,
427 3828 482 3877 qum
500 3815 635 3875 minorem,
656 3816 723 3863 motu
745 3814 818 3864 nnius
835 3814 994 3877 ejusdemque
1038 3828 1124 3877 curso,
1139 3816 1221 3867 Solem
1231 3822 1360 3867 consecuta
1373 3819 1409 3868 est
1422 3828 1534 3879 rannus,
1546 3816 1588 3866 nbi
1600 3816 1639 3866 Sol
1656 3826 1729 3865 suum
1741 3816 1820 3863 totum

212 3902 308 3951 sature
327 3913 383 3963 quer
401 3900 550 3951 velocissime
565 3900 907 3962 monebantur,eaceleritste
928 3901 993 3952 riuci
1038 3904 1141 3955 confecit
1165 3906 1189 3954 et
1208 3906 1343 3968 peragrarit
1362 3904 1453 3955 orbem.
1487 3906 1628 3954 ceterorum
1653 3904 1733 3953 antem
1754 3900 1820 3951 side·

212 3988 382 4039 turdoribns
399 3992 436 4053 et,
446 4002 522 4051 quum
541 3989 701 4052 superabant,
711 3991 822 4051 superari
839 3990 991 4041 ridebantur.
1039 4006 1094 4043 rum
1106 3992 1213 4043 ambitus
1227 3994 1362 4056 ignorantes
1374 3992 1578 4057 bominesprteter
1587 3990 1717 4041 admodum
1730 4004 1819 4053 paucos

213 4078 305 4128 omnes
314 4078 378 4127 enim
388 4076 458 4127 orbes
467 4085 551 4127 eorum
560 4078 629 4140 qnasi
637 4077 720 4127 belicis
729 4077 858 4128 inflexione
866 4078 991 4129 vertebat:
1038 4094 1117 4143 nsque
1131 4081 1229 4130 nomine
1243 4080 1364 4143 appellant
1376 4092 1454 4141 neque
1472 4080 1534 4127 inter
1552 4090 1578 4129 se
1590 4088 1693 4126 numeuo
1710 4088 1817 4125 commc-

213 4164 405 4229 quambifarium
414 4164 535 4215 contrade
548 4165 621 4216 simnl
637 4164 791 4228 procedentia
802 4165 952 4226 efficiebant,
965 4168 994 4215 nt
1039 4168 1140 4218 fiuntur.
1174 4170 1259 4229 ltaque
1277 4168 1389 4217 nesciunt
1403 4167 1448 4215 bos
1468 4164 1574 4214 siderum
1587 4176 1681 4213 errores
1698 4162 1819 4224 idipsum

214 4252 279 4316 qnod
302 4254 366 4303 esset
383 4251 559 4313 tardissimum,
574 4252 599 4301 id
617 4252 755 4314 proximum
776 4252 844 4301 fimet
859 4252 991 4302 celemus.
1040 4270 1109 4319 esse,
1122 4256 1187 4320 qnod
1200 4259 1246 4307 rite
1259 4257 1346 4307 dicitur
1359 4259 1473 4318 tempus,
1486 4253 1642 4305 multitudine
1655 4252 1820 4313 iniuifn,rs·

214 4341 294 4404 itque
309 4342 412 4391 utesset
426 4352 539 4390 mensura
555 4339 666 4402 quasdam
684 4339 860 4402 evidensque
879 4339 904 4389 in
921 4338 994 4403 [istis]
1041 4343 1127 4393 rietate
1147 4342 1284 4393 admirabili
1301 4334 1424 4405 preditos.
1457 4343 1569 4392 bibinen
1585 4340 1643 4389 illud
1666 4338 1768 4401 perspici
1797 4342 1820 4388 et

216 4430 271 4479 octo
287 4428 397 4479 cursibus
419 4427 551 4478 celeritates
568 4426 741 4489 tarditatesque
756 4426 889 4477 declararet
906 4447 915 4477 ε
933 4426 995 4478 deus
1042 4428 1142 4491 intelligi
1164 4432 1259 4493 potest,
1279 4429 1390 4479 absoluto
1404 4428 1672 4491 perfectoquenumero
1689 4424 1820 4486 temporis,

215 4514 511 4579 lpsesolemqussilnmen
521 4515 629 4564 accendit
640 4508 895 4577 sd'seeundumsupra
906 4510 995 4565 terram
1041 4516 1180 4566 absolutum
1195 4518 1376 4578 perfectumque
1395 4527 1487 4564 annum
1499 4516 1558 4565 tunc
1571 4512 1687 4576 compleri
1700 4511 1819 4573 denique,

194 4643 207 4667 ς
216 4603 349 4663 ambitum,
362 4607 390 4652 ut
404 4615 476 4667 qoam
499 4601 703 4651 marimersstum
720 4602 836 4652 omuibus
850 4602 994 4663 colluoerm,
1042 4614 1119 4664 quum
1133 4606 1226 4653 scente
1240 4602 1362 4664 ambitus,
1376 4602 1493 4652 confectis
1504 4601 1555 4651 suis
1565 4600 1696 4661 cursibus,
1709 4600 1739 4649 sd
1755 4598 1823 4648 idem
1923 4620 1925 4625 ·

216 4690 410 4754 animantesque,
420 4691 509 4754 quibus
522 4689 561 4752 ius
573 4695 638 4742 esset
653 4689 747 4749 docem,
757 4689 789 4739 ab
805 4689 913 4751 eiusdem
927 4693 996 4741 motu
1042 4695 1114 4754 caput
1134 4691 1268 4741 retulerunt
1290 4702 1415 4753 quumque
1433 4701 1475 4741 eos
1496 4700 1637 4751 permensus
1657 4688 1694 4738 est
1715 4687 1780 4737 idem
1797 4691 1821 4736 et

217 4778 428 4841 etabejm,quod
438 4778 516 4828 simile
525 4779 602 4841 esset,
612 4787 768 4828 numerorum
777 4782 888 4827 naturum
897 4778 996 4841 vimque
1042 4792 1137 4842 semper
1146 4778 1184 4828 sui
1196 4780 1282 4829 similis
1295 4779 1371 4829 orbis.
1404 4780 1455 4828 iias
1469 4778 1541 4841 igitur
1549 4777 1581 4827 ob
1595 4777 1683 4845 causas
1693 4778 1749 4827 nata
1758 4768 1823 4825 astra

169 4849 184 4863 ⁶
217 4869 396 4929 cognoscerent.
1042 4870 1111 4927 sunt,
1126 4880 1182 4930 quse
1197 4880 1240 4929 per
1249 4866 1337 4917 coelum
1351 4866 1502 4930 penetrantia
1515 4865 1633 4927 solstitiali
1642 4878 1669 4915 se
1680 4869 1705 4914 et
1719 4862 1823 4913 brumali

248 4956 304 5006 lios
316 4954 389 5017 igitur
405 4955 429 5005 et
440 4953 491 5004 dies
504 4953 535 5003 ad
548 4955 613 5004 bunc
629 4952 729 5003 modum
740 4955 766 5003 et
781 4953 814 5003 ob
824 4954 868 5003 bas
885 4956 998 5015 generata
1043 4954 1194 5004 revocatione
1213 4956 1383 5004 converterent
1403 4972 1410 5003 ε
1433 4953 1461 5002 nt
1480 4951 1527 5002 laon
1550 4964 1621 5001 omne
1636 4951 1741 5011 animal,
1757 4947 1821 5013 quod

220 5055 304 5094 musas
317 5057 392 5094 unum
404 5042 532 5093 circuitum
545 5043 609 5093 orbis
618 5041 692 5093 efficit
705 5042 910 5105 sapientissimum
923 5043 998 5103 atquc
1043 5042 1168 5106 ridemus,
1180 5044 1243 5095 esset
1252 5043 1286 5094 illi
1295 5042 1408 5104 animali,
1419 5040 1483 5105 qnod
1494 5040 1628 5104 sentimus,
1638 5041 1667 5090 ad
1679 5038 1821 5090 mteruitstis

220 5131 339 5195 optimum
357 5150 366 5181 ι
382 5130 473 5181 mensis
493 5130 591 5192 autem,
614 5129 711 5194 qnando
733 5131 813 5191 Luna,
832 5131 934 5181 lustrato
950 5142 998 5180 suo
1044 5128 1200 5180 imitationem
1210 5128 1369 5181 simillimum.
1402 5127 1429 5193 [ς
1442 5126 1621 5195 fi.]liteelers
1632 5125 1731 5190 quidem
1742 5136 1822 5188 usqne
