3959 5925
590 299 598 313 Ι

381 357 421 370 με
521 357 538 370 «s
557 357 580 368 ,π
654 361 674 368 ,,
696 357 720 366 ι·
815 355 874 366 ἰνΧ

134 345 496 428 ωνωπω
742 381 778 388 „.

380 401 419 416 ‚hqd
519 407 536 416 q,
671 403 699 416 χΙ
813 403 838 416 yt

489 641 630 811 DE
700 627 1378 831 PYTHAGORA

95 1106 99 1116 .
204 1013 503 1154 EJUSQUE
546 1017 917 1135 DISCIPULIS
957 1018 1047 1129 ET
1090 1014 1654 1131 SUGGESSORIBUS.

726 1294 729 1301 '
798 1294 1075 1325 *φ-

171 1587 445 1664 Pythagorasquem
452 1584 585 1662 plerique
598 1582 907 1660 veterumSamium(1)
954 1601 1042 1658 guum
1064 1582 1155 1639 aetatis
1173 1579 1329 1638 discrimen
1350 1599 1415 1637 cum
1430 1581 1504 1639 utris
1527 1579 1585 1638 sibi
1610 1602 1730 1658 congre-

132 1676 224 1735 luisse
241 1674 384 1742 dixerunt,
397 1671 559 1730 Mnesarchi
569 1672 741 1729 annulorum
754 1672 910 1749 sculptoris
955 1670 1091 1729 diendum
1113 1683 1188 1728 esset
1215 1670 1371 1744 ignoraret.
1404 1668 1514 1736 Quare
1531 1668 1557 1726 si
1584 1688 1649 1726 eum
1678 1672 1730 1729 illo

131 1765 213 1821 iilius
229 1760 285 1841 (a),
310 1759 490 1838 Olympiadis
505 1757 598 1817 XLIII
618 1779 694 1817 anno
707 1761 802 1837 primo
816 1760 862 1816 uel
881 1779 908 1816 a.
955 1771 1085 1836 tempore
1121 1756 1306 1832 undeviginti
1345 1775 1486 1813 annorum
1521 1756 1730 1816 adolescentem

131 1850 272 1909 curtos
287 1859 436 1905 natusest.
455 1846 567 1904 Etenim
594 1846 691 1905 missis
705 1846 829 1905 aliorum
845 1866 909 1904 sen·
956 1846 1044 1905 luisse
1070 1846 1236 1914 statuimus,
1261 1857 1293 1901 ut
1313 1862 1366 1921 par
1393 1843 1543 1901 certamini
1563 1865 1627 1902 curn
1654 1847 1730 1905 viris

133 1938 230 1997 tentiis
243 1955 333 1993 unum
360 1954 424 1991 cum
447 1933 591 1991 lar-chero
608 1934 647 2011 (3)
673 1934 821 2011 sequimur
838 1934 909 1993 Era·
955 1931 1083 1991 ineundo
1108 1932 1200 2003 soret,
1220 1930 1413 2007 Pythagoram
1434 1931 1530 2008 primo
1548 1930 1730 2009 Olympiadis

132 2025 293 2084 tosthenem
321 2019 358 2101 (4]
387 2022 439 2099 qui
470 2020 664 2097 Pythagoram
697 2034 816 2079 testatur
844 2042 908 2079 curn
954 2020 1046 2079 XLIII
1063 2041 1138 2079 anno
1149 2023 1275 2096 genitum
1288 2039 1349 2078 esse
1363 2020 1536 2095 colligimus.
1549 2020 1656 2079 Verum
1671 2042 1732 2079 rem

130 2110 229 2189 pueris
242 2121 437 2186 pugnaturum
451 2106 624 2184 Olympiade
633 2106 752 2187 IILVIII
763 2127 799 2164 ex
808 2126 907 2165 eorum
955 2109 996 2166 ita
1008 2129 1038 2167 se
1052 2110 1157 2168 habere
1173 2109 1255 2167 sacile
1268 2108 1438 2166 adducimur
1449 2123 1480 2167 nt
1494 2110 1654 2171 credamus.
1674 2114 1732 2169 hn-

130 2210 206 2254 coetu
222 2194 301 2271 quod
317 2195 378 2273 jam
397 2195 498 2252 fortior
511 2196 659 2253 videretur
674 2193 796 2272 ejectum
813 2197 908 2254 statim
947 2197 1080 2267 ‚tilochus
1094 2197 1230 2256 videlicet
1244 2196 1320 2274 apud
1338 2196 1512 2254 Clementem
1529 2198 1611 2258 Alex.
1626 2197 1732 2257 Strom.

130 2284 166 2341 ad
180 2283 263 2341 viros
281 2283 428 2340 transiisse
442 2300 599 2359 omnesque
625 2281 806 2341 adversarios
828 2281 910 2341 devi—
956 2283 1010 2343 Iih.
1030 2284 1042 2341 l
1057 2306 1088 2363 p.
1104 2286 1172 2361 366,
1188 2286 1205 2341 8
1221 2285 1257 2341 de
1270 2282 1408 2343 omnibus
1430 2285 1504 2343 viris
1518 2284 1611 2343 doctis
1629 2286 1698 2344 inde
1716 2307 1733 2345 a

131 2372 215 2427 cisse.
230 2374 330 2447 Neque
343 2388 415 2425 vero
436 2386 488 2445 per
507 2368 584 2443 leges
605 2368 737 2445 cuiquam
754 2381 818 2426 ante
832 2369 909 2427 vice-
957 2370 1076 2429 florente
1086 2370 1258 2449 Pythagorae
1279 2384 1361 2429 aetale
1381 2391 1473 2449 usque
1487 2374 1524 2429 ad
1537 2372 1657 2450 Epicuri
1680 2375 1732 2432 de-

130 2460 236 2516 simam
253 2458 343 2515 aetatis
366 2476 473 2514 annum
491 2456 530 2533 (5]
553 2468 662 2513 certare
681 2475 745 2514 cum
760 2456 835 2514 viris
849 2477 909 2535 pu·
956 2459 1032 2517 cimo
1047 2459 1221 2542 Gamelionis
1234 2460 1282 2517 die
1296 2458 1424 2517 defuncti
1439 2457 1550 2517 obitum
1566 2462 1731 2539 scripserat,

130 2550 220 2623 gilatu
240 2546 355 2606 licebat.
379 2545 566 2623 Pythagoras·
583 2546 674 2620 igitur
697 2558 755 2603 tum
781 2538 908 2603 nohdum
957 2547 1035 2623 quod
1049 2548 1188 2625 temporis
1210 2548 1336 2624 spatium
1352 2547 1408 2603 312
1428 2566 1571 2627 annorum
1592 2561 1645 2606 est.
1665 2549 1734 2627 Epi-

129 2632 373 2709 vigintihabehat
390 2652 489 2690 annos.
503 2632 618 2709 Quippe
632 2633 657 2690 si
676 2632 842 2708 autviginti
857 2652 909 2688 an·
956 2652 1057 2690 curum
1082 2646 1175 2691 autem
1205 2634 1287 2691 docet
1308 2634 1452 2707 Diogenes
1478 2632 1609 2691 Laertius
1625 2633 1663 2712 (6)
1688 2655 1733 2693 se·

130 2742 185 2780 nos
200 2734 282 2779 natus
307 2734 356 2779 aut
373 2720 467 2797 major
488 2720 605 2791 suisset,
625 2722 689 2779 sine
711 2721 909 2778 controversia
956 2721 1051 2777 cundo
1071 2720 1252 2797 Olympiadis
1272 2720 1433 2777 centesimae
1446 2720 1591 2777 vicesimae
1603 2721 1732 2797 septimae

72 2829 83 2850 π
129 2809 303 2866 contendere
318 2828 383 2865 cum
398 2809 471 2866 uiris
488 2806 618 2868 debebat.
635 2810 671 2865 ht
686 2828 721 2866 ne
738 2808 828 2865 multo
843 2809 910 2884 qui·
957 2808 1002 2865 vel
1031 2821 1095 2865 ante
1121 2808 1188 2866 Chr.
1211 2829 1267 2880 οπο
1292 2827 1384 2887 anno,
1412 2826 1501 2884 quum
1529 2806 1596 2863 uitae
1625 2826 1733 2865 annum

129 2896 196 2953 dem
210 2900 305 2953 minor
319 2896 410 2988 fuisse¹
424 2895 569 2974 putandus
591 2909 647 2968 est,
663 2910 694 2954 ut
715 2910 835 2974 propter
849 2896 909 2952 exi·
957 2911 1052 2972 ageret
1086 2897 1328 2975 septuagesimum
1359 2895 1531 2972 secundum,
1566 2913 1732 2974 supremum

164 3115 198 3176 (l)
209 3114 276 3176 Diog.
289 3115 365 3162 Laert.
377 3115 419 3163 lib.
435 3117 502 3175 VIII,
519 3117 529 3162 1
544 3112 700 3177 ιΠυθαγόρας
714 3113 859 3178 Μνησάρχου
870 3115 909 3162 δα-
958 3121 994 3164 19.
1012 3141 1043 3150 -
1057 3118 1091 3172 tl)
1103 3115 1271 3164 Eratosthenes
1286 3127 1325 3176 ap.
1344 3114 1415 3174 Diog.
1437 3115 1516 3162 Laeti.
1532 3113 1575 3163 lili.
1596 3114 1663 3173 VIII,
1679 3117 1709 3163 47
1724 3132 1732 3163 τ

126 3185 297 3246 πιτυλτογλύρου
311 3183 395 3245 Σάμιος
414 3185 445 3240 ὥς
459 3201 527 3246 φησιν
538 3184 679 3246 Ἕρμιππος·
696 3185 727 3246 ἦ,
741 3187 772 3240 ὡς
784 3184 909 3248 Ἄριστόξι·
956 3187 1121 3250 Ἐρατοσθένης
1132 3175 1157 3234 Ιδέ
1167 3202 1222 3246 φησι
1233 3185 1300 3244 (καθὸ
1310 3184 1350 3232 καί
1361 3184 1499 3246 Φαόιορῑνος
1510 3184 1534 3231 tv
1543 3188 1572 3246 τῆ
1582 3184 1606 3240 η’
1617 3185 1733 3232 παντοδα-

126 3274 180 3316 νος,
194 3254 324 3318 Τυῤῥῆνθς,
339 3255 385 3304 ἀπὸ
399 3259 452 3316 μιᾶς
462 3259 509 3302 τῶν
525 3255 603 3311 νήσων
623 3255 649 3309 ἃς
660 3256 776 3318 κατέσχον
795 3255 908 3311 Ἀθηναῖοι
955 3263 1000 3315 πῆς
1014 3256 1116 3320 ἱστορίας
1128 3254 1293 3319 παρατίθεται)
1303 3259 1385 3303 τοῦτον
1402 3255 1460 3303 εἶναι
1471 3255 1511 3303 τὸν
1523 3259 1613 3318 πρῶτον
1623 3254 1733 3317 ἐντέχνως

125 3327 258 3390 Τυρρηνοὺς
270 3327 412 3380 ἐκθαλθντες,
424 3325 499 3374 Ἔνιοι
509 3325 533 3373 δι’
539 3326 602 3387 ,υἱὸν
608 3325 650 3388 μὲν
661 3326 719 3373 εἶναι
729 3324 860 3388 Μαρμάκου
867 3332 907 3374 τοῦ
955 3327 1130 3386 πυκτεύσαντα,
1146 3326 1183 3375 ἐπὶ
1195 3331 1235 3383 τῆς
1252 3322 1336 3386 ὀγδόης
1355 3326 1396 3372 καὶ
1408 3329 1592 3387 τετταρακοστῆς
1605 3322 1734 3386 Ὀλυμπιά-

124 3399 257 3460 Ίππάσου,
277 3403 319 3447 τοῦ
338 3397 497 3460 Εὐθύφρονος,
511 3400 553 3443 τοῦ
575 3396 732 3458 Κλεωνύμου,
754 3397 860 3458 φυγάδος·
882 3399 908 3446 ἐκ
956 3399 1009 3454 θος,
1019 3400 1123 3458 κομήτην
1139 3400 1179 3446 καὶ
1191 3396 1315 3458 ἁλουργίδα
1326 3401 1450 3458 φοροῦντα·
1464 3394 1594 3457 ίπιρπρθῆναί
1608 3411 1634 3444 τι
1647 3397 1674 3444 ἐπι
1687 3401 1734 3445 τῶν

126 3469 261 3522 Φλιοῦντος·
276 3467 349 3514 οίπιεϊν
364 3467 389 3514 δὲ
404 3467 429 3514 ἐν
449 3467 520 3528 Σάμῳ
534 3465 574 3513 τὸν
591 3466 730 3530 Μάρμακον,
754 3467 805 3516 ὅθεν
822 3466 908 3529 Σάμιον
955 3467 1046 3516 παίδων
1064 3470 1104 3516 καὶ
1118 3469 1272 3531 χλευασθέντα
1286 3467 1371 3514 αὐτίκα
1390 3468 1517 3529 προσὸἥναι
1530 3467 1584 3522 τοὺς
1597 3466 1680 3528 ἄνδρας
1693 3468 1733 3514 καί

125 3539 169 3586 τὸν
186 3537 326 3598 Πυθαγόραν
342 3533 466 3597 λέγεσθαί
472 3537 584 3585 Clemens
600 3536 669 3584 Alex.
685 3538 774 3585 Strom.
790 3537 803 3584 1
821 3549 844 3598 p.
864 3540 909 3586 3οο
955 3543 1058 3595 νικῆσαι.
1072 3539 1230 3602 Pythagoram
1243 3540 1446 3586 comatumrocat
1458 3537 1532 3586 eliam
1543 3537 1692 3586 lamblichus
1709 3537 1733 3585 in

126 3609 168 3656 D:
180 3607 317 3670 Πυθαγόρας
333 3607 373 3668 μὲν
389 3605 429 3654 οὖν
442 3608 600 3672 Μνησάρχου,
615 3604 715 3666 Σάμιος,
731 3606 763 3657 ὣς
779 3622 848 3666 φησιν
859 3605 908 3653 Ἰπ-
957 3608 1009 3669 ejus
1019 3610 1070 3657 vila
1081 3622 1133 3672 cap.
1148 3617 1162 3658 2
1181 3611 1239 3657 ικαὶ
1256 3609 1297 3657 τὸν
1311 3609 1334 3657 ἐν
1354 3607 1426 3670 Σάμῳ
1439 3608 1544 3670 κομήτην
1558 3607 1602 3664 ῆθη
1615 3608 1639 3655 ἐν
1652 3623 1732 3668 uapor·

127 3677 244 3738 πόόοτος,
263 3680 295 3734 ὡς
307 3677 331 3725 δὲ
343 3675 494 3740 Ἀριστόξενος
512 3679 535 3726 ὲν
544 3681 578 3738 τῷ
589 3674 727 3736 Πυθαγόρου
745 3673 789 3736 βίῳ
802 3674 841 3722 καὶ
852 3673 908 3734 Ἀρί·
956 3680 1014 3744 μίᾳ,
1025 3682 1106 3729 πολλοὶ
1119 3683 1239 3742 πολλαχοῦ
1248 3680 1288 3728 τὸν
1301 3678 1392 3726 νεανίαν
1404 3678 1585 3739 ἐπευφημοῦντες
1600 3676 1732 3734 ἐξεθείαζον·

128 3764 230 3813 στᾱρχῦς
238 3751 277 3796 καὶ
288 3747 438 3809 θῐόθθίῑπθίι
446 3749 562 3811 Τυρῥηθθς
569 3746 606 3806 ἦν,
615 3748 647 3800 ὡς
657 3747 681 3793 δὲ
690 3744 801 3804 Νεάνθης,
811 3745 909 3806 memb
956 3753 979 3798 et
992 3764 1045 3812 cap.
1057 3759 1071 3800 a
1083 3768 1090 3798 τ
1103 3749 1183 3813 διόπερ
1192 3752 1225 3798 ἔτι
1235 3749 1274 3796 καὶ
1283 3754 1324 3794 νῦν
1337 3750 1353 3804 ἡ
1364 3748 1477 3810 παροιμία
1488 3748 1528 3796 τὸν
1539 3748 1562 3796 ἐι
1575 3747 1647 3811 Hpq)
1662 3749 1734 3810 κομῆ-

128 3820 219 3882 Τύριοτ-
228 3819 349 3872 Lucullus
357 3820 409 3868 llll·
420 3821 570 3881 auct-ceph
581 3836 587 3865 ε
600 3818 669 3866 ΑΓΟ.
677 3814 823 3874 rohenbah
834 3816 906 3862 ltro.
955 3837 996 3877 την
1005 3821 1043 3869 ἐπὶ
1053 3825 1087 3882 τῷ
1094 3819 1230 3881 σεμνοτάτῳ
1237 3817 1390 3879 διακηρύττει.
1398 3818 1519 3866 Lucienus
1530 3817 1585 3868 ritt.
1594 3823 1658 3866 auct.
1666 3831 1688 3866 c.
1700 3824 1713 3867 2
1726 3832 1732 3866 :

131 3891 226 3952 Σάμιος.
243 3888 309 3938 Idem
322 3891 347 3936 in
360 3889 497 3950 terlplrana
510 3902 516 3934 τ
527 3888 567 3935 καί
586 3886 647 3934 κατὰ
658 3886 698 3934 τὸν
709 3885 853 3946 Μνησάρχου
869 3885 908 3934 τὸν
956 3890 1009 3939 τίνα
1025 3892 1095 3944 θέλεις
1108 3894 1197 3951 πρῶτον
1214 3887 1400 3950 παραγάγωμεπ;
1419 3889 1500 3936 zm„
1517 3889 1614 3937 Τουςορῑ
1630 3888 1671 3937 τὸν
1692 3903 1733 3936 χο.

131 3960 228 4021 Σάμιον,
238 3960 331 4016 ⁰²2⁰th
340 3959 380 4006 ml
390 3957 548 4020 ἵλῡπταρῖἷαν
561 3960 616 4018 ἡμῖν
631 3955 756 4004 ίπῑὸᾰῦὶῑ·
769 3954 806 4001 Cf·
818 3953 907 4002 Euseb.
957 3961 1032 4022 μήτην
1042 3960 1081 4008 τὸν
1091 3957 1203 4018 Ἰωνικόν,
1216 3958 1265 4006 ἐπεὶ
1274 3959 1315 4004 καὶ
1326 3956 1410 4018 σεμνός
1421 3974 1455 4012 τις
1463 3958 1522 4006 εἶναι
1532 3957 1646 4019 φαίνεται.
1659 3959 1732 4006 erla.

133 4032 304 4091 Praeplirang.
318 4029 358 4077 lili.
366 4031 388 4077 x
397 4029 548 4090 etPorplryr.
560 4027 604 4076 rit.
614 4023 823 4087 Pythagoridius
834 4026 909 4074 Mela·
956 4031 1031 4085 οὗτος
1042 4032 1056 4079 ο
1069 4029 1216 4091 Πυθαγόρας,
1230 4026 1343 4084 sardinii
1356 4028 1406 4078 πιτλ.
1421 4027 1551 4088 Distingall
1564 4027 1734 4090 aphilosopho

130 4098 225 4160 morph.
242 4098 285 4147 lib.
300 4100 355 4159 llll,
369 4103 400 4146 lle
412 4097 443 4148 de
460 4097 613 4158 Pythagora:
629 4095 671 4144 l'ir
684 4094 730 4142 luit
743 4092 782 4140 blo
797 4097 852 4140 ortu
868 4094 908 4140 sa·
957 4099 1115 4160 pythagoram
1130 4099 1236 4159 pugilem
1250 4094 1387 4156 Hesychius
1406 4113 1413 4143 z
1430 4096 1454 4145 ἐν
1470 4095 1542 4158 Σάμῳ
1553 4095 1665 4156 κομήτης·
1676 4093 1732 4141 ἔνιοι

132 4159 195 4208 mins
208 4161 253 4208 etc,
956 4169 1095 4231 Πυθαγόραο
1107 4168 1147 4217 τὸν
1158 4167 1229 4227 σορόν
1245 4182 1301 4228 φασι
1314 4165 1356 4222 τὴν
1374 4167 1488 4222 πυκτικὴν
1498 4165 1616 4223 ἀσκῆσαι,
1638 4163 1678 4210 καί
1692 4161 1733 4210 ἀπ’

164 4229 197 4290 (2)
207 4229 292 4279 suidas
302 4242 326 4278 V·
336 4227 481 4291 untertana·
491 4227 632 4290 Μνησάρχου
645 4227 694 4281 utet
703 4222 907 4284 δαθῒυθῑῡῖθῦθθυ·
956 4239 1027 4287 αὐτοῦ
1040 4239 1081 4295 τὴν
1099 4237 1224 4302 παροιμίαν
1237 4235 1357 4296 λέγεσθαι,
1367 4235 1543 4297 ἁμαρτάνοντες.
1561 4233 1676 4282 stmlllter
1687 4235 1733 4280 Pa·
1806 4271 1809 4276 ,

131 4302 229 4350 raeces
252 4299 354 4348 ctrlltad.
369 4301 419 4358 hl,
432 4303 478 4348 ³6⁹
492 4301 527 4348 :l
548 4297 685 4357 Πνθανόνπιι
709 4296 805 4356 irael:
824 4292 910 4355 Σάννοι
957 4308 1144 4369 impingamus
1163 4308 1187 4354 n
1206 4306 1316 4354 vatican.
1340 4305 1449 4366 πρροοο.
1470 4307 1566 4352 centur.
1583 4305 1611 4362 τ,
1625 4303 1654 4349 ar
1679 4314 1685 4347 :
1708 4300 1733 4348 n

132 4371 162 4430 ἦν
176 4375 210 4433 τῷ
224 4372 282 4432 γένει
295 4369 514 4446 Σαμίαςοῐλυθαίθος
529 4369 587 4432 μέν,
603 4367 689 4429 ὡραίας
705 4364 762 4428 trip
778 4364 856 4428 φύσιν.
869 4365 909 4410 καὶ
956 4377 1028 4440 Σάμῳ
1040 4378 1152 4438 κομήτης,
1169 4375 1305 4438 Πυθαγόρας
1318 4374 1404 4432 '‘¹5²th
1423 4374 1508 4435 Σάμιος
1518 4371 1602 4434 eulpa·
1615 4385 1732 4433 χαταφρο.

130 4447 172 4490 τοῦ
186 4441 327 4503 Μνησάρχου
339 4441 365 4488 δὲ
374 4439 439 4498 υίὸς,
456 4439 481 4495 ὃς
501 4439 643 4502 Μνήσαρχος
665 4438 754 4500 onapga
769 4437 810 4492 rrlv
827 4434 910 4495 τέχνην
956 4450 1030 4505 νηθείς
1042 4446 1082 4496 οὖν
1094 4446 1227 4510 παραδόξως
1239 4444 1352 4502 ἐνίκησεν.
1367 4443 1465 4506 Ἔλέχθη
1480 4443 1571 4491 ἐπὶτῶν
1579 4441 1645 4489 οὐδὲν
1654 4439 1732 4502 χάριεν
1794 4445 1798 4449 ’

131 4511 295 4574 peragrasse
315 4511 356 4566 lli
374 4509 584 4572 ὄακτυθῑθῖθῦφωθ·
610 4507 723 4569 Apuleius
741 4504 834 4555 Πθθθ·
855 4516 907 4566 Ρθθ·
955 4518 1078 4577 λεγόντων.
1103 4516 1149 4565 Sed
1168 4519 1192 4565 S.
1209 4515 1355 4576 Augustinus
1370 4515 1428 4562 torn.
1446 4515 1469 4560 ll
1485 4511 1556 4572 epist.
1575 4515 1589 4560 3
1605 4509 1635 4558 ad
1657 4508 1734 4560 Volu-

133 4587 176 4632 las
191 4583 228 4630 ⁰⁶·
242 4583 339 4643 BIl’ffllt·
351 4599 358 4628 ²
372 4579 480 4641 Ρῐῠίθθῑῑ
490 4591 520 4628 0¹
533 4577 611 4627 Intuli
624 4579 633 4639 l
641 4576 730 4636 S⁸ffl⁰l
742 4574 851 4625 ⁰¹⁸¹¹⁶⁰¹⁰
863 4575 910 4635 Pl·
956 4586 1062 4649 sianum,
1081 4588 1241 4649 Pythagoram
1265 4585 1382 4633 athletam
1405 4582 1473 4644 prins
1493 4579 1567 4630 luisse
1585 4581 1670 4630 auctor
1679 4582 1732 4630 est.

130 4652 258 4714 ίθθὸθῖθθ»
276 4652 343 4713 patre
356 4650 498 4699 Mfl0⁸³l⁰h⁰
508 4662 584 4712 nuper
596 4647 685 4696 θῐῐθῦθθ
699 4659 771 4708 quem
787 4645 909 4706 ωῐθθθῐίθ
958 4661 993 4706 lle
1009 4657 1102 4718 prolixa
1115 4657 1168 4717 eius
1184 4655 1259 4703 barba
1276 4652 1407 4714 accipiendi
1422 4652 1478 4700 sant
1488 4650 1605 4700 Martialis
1622 4649 1734 4700 versiculi

130 4721 195 4771 ialer
219 4720 353 4770 sellularios
372 4719 476 4769 artifices
502 4718 603 4781 gemmis
624 4715 752 4764 faberrime
774 4712 911 4773 sculpendis
956 4727 998 4776 Ιχ),
1010 4729 1045 4776 Ιχ
1059 4729 1133 4789 epigr,
1146 4729 1198 4775 la:

131 4789 622 4923 terrueruutartarer:
635 4783 908 4914 trituretur.
997 4826 1356 4888 ο
1369 4835 1483 4870 ...n

131 4933 225 4992 cnplele
240 4931 394 4992 negotiatore,
420 4931 500 4978 natus.
516 4948 528 4971 n
554 4927 752 4977 Frumentarlum
768 4924 840 4973 luteae
857 4923 909 4983 ejus
1023 4890 1337 4953 ⁹⁸³W¹¹d⁰¹⁵¹¹¹²¹²¹¹²⁰¹¹h¹
1351 4889 1525 4933 mm¹⁰⁰'''
1698 4981 1704 4992 ι

132 5007 224 5062 patrem
238 5001 351 5064 conjicias
370 5013 401 5050 ex
426 4999 558 5061 rorplqrio
580 5001 604 5048 el
624 4995 779 5054 lamblicl103
804 4993 908 5055 denique
988 4992 1021 5054 (5)
1037 4987 1369 5053 sarmentorumque
1386 4986 1472 5044 ήθῆααι
1491 4998 1517 5047 p.
1536 4990 1575 5036 37.
1587 4983 1733 5064 -(3)1[)ιο·

131 5071 228 5134 ignobili
242 5085 330 5133 genere
340 5071 500 5134 Pythagoram
515 5068 588 5116 luisse
600 5066 633 5115 ait
643 5066 779 5115 Lactantius
794 5064 850 5111 Dit.
869 5063 908 5111 in·
957 5075 1029 5123 genes
1042 5060 1150 5110 Laertius
1162 5059 1203 5108 lib.
1216 5061 1247 5115 x,
1261 5063 1288 5120 15
1302 5071 1309 5104 :
1322 5058 1362 5105 καὶ
1375 5057 1509 5113 τελευτῆσαι
1519 5053 1580 5101 κατὰ
1593 5051 1621 5100 τὸ
1630 5051 1734 5112 &magar

131 5144 185 5192 stu.
202 5142 243 5192 lib.
256 5145 303 5202 nl,
319 5145 356 5192 ta.
368 5167 401 5178 -
412 5140 453 5204 (3)
463 5139 574 5190 baecher.
588 5137 619 5186 de
628 5136 740 5186 chronol.
751 5133 842 5185 Herod.
858 5145 910 5196 sep.
958 5133 1009 5188 ἔτος
1021 5136 1062 5189 τῆς
1072 5130 1170 5192 utiam
1187 5131 1227 5178 καὶ
1247 5131 1352 5185 εἰκοστῆς
1370 5129 1410 5175 καὶ
1429 5127 1556 5182 ἑκατοστῆς
1578 5119 1733 5183 Ὀλυμπιάδος

241 5238 329 5275 πιππιοε.
347 5237 422 5274 erac.
436 5237 461 5274 rr.
933 5225 941 5264 l
1603 5218 1618 5252 ⁸
