3959 5925
536 448 706 522 EJUSQUE
726 448 941 509 DlSClPULlS
960 449 1011 508 ET
1031 448 1367 537 successotttttus,
1697 473 1731 514 rx

126 582 295 660 discipulus
315 582 380 659 ejus
399 581 579 659 Pythagoras
604 582 729 641 maxime
752 582 908 640 confirma·
953 592 1044 640 reret.
1072 580 1143 638 Nam
1172 595 1200 638 et
1234 581 1291 639 alia
1326 594 1553 659 cunctorumque
1587 585 1730 663 principia

126 670 183 727 vit.
202 696 214 721 ν
233 670 383 747 Αρροιειιτ
402 682 496 727 autem
514 669 679 743 dogmatum
694 668 817 743 vestigia
831 666 909 725 loni·
953 668 1084 726 numeris
1108 666 1301 743 significabat.
1317 668 1432 746 Quippe
1451 668 1536 727 deum
1557 683 1590 729 ut
1604 672 1730 749 primunt

117 776 232 817 eorum
257 757 375 815 samiliae
395 758 527 835 propria.
539 756 609 814 Nam
627 755 805 833 Pythagoras
820 776 909 833 quum
953 772 1050 811 rerum
1081 767 1227 813 auctorem
1256 755 1394 812 unitatem
1420 754 1555 828 vocabat,
1583 760 1731 818 materiam

127 857 269 903 statueret
283 845 411 903 animum
432 864 494 903 esse
518 844 671 903 aethereum
691 844 845 918 igneumve
858 862 910 920 per
954 860 1040 914 vero,
1070 853 1205 918 tanquam
1231 842 1357 900 secundo
1382 843 1447 900 loco
1473 844 1597 919 positam
1624 848 1733 923 patien-

130 942 221 987 totam
248 950 344 989 rerum
370 943 503 988 naturam
533 931 673 988 intentum
697 942 725 986 et
748 948 909 987 commeari·
953 941 1206 1006 temquecausam,
1217 929 1364 987 binarium
1375 949 1527 989 numerum
1542 932 1612 1010 (53).
1629 934 1733 993 Sedde

130 1030 192 1074 tem
210 1017 289 1098 (50),
304 1018 447 1079 humanos
467 1018 608 1076 animose
622 1017 722 1075 divina
744 1028 838 1075 mente
856 1017 909 1074 de·
952 1015 1154 1091 Pythagoricis
1168 1018 1297 1074 numeris
1316 1019 1390 1075 alius
1410 1020 1467 1075 erit
1489 1017 1605 1077 dicendi
1623 1021 1703 1079 loeus
1723 1042 1731 1083 :

129 1102 238 1163 libatos
251 1124 314 1163 csse
326 1106 448 1164 censuit.
464 1104 541 1162 ldem
557 1104 663 1181 plantis
682 1123 797 1181 quoque
815 1104 909 1162 inesse
953 1103 1105 1161 videamus
1118 1103 1155 1159 de
1166 1103 1257 1161 animi
1271 1116 1337 1181 post
1352 1105 1426 1162 hanc
1441 1106 1530 1163 vitam
1544 1119 1629 1167 statu.
1641 1109 1733 1183 lgitur

128 1191 241 1251 animas
263 1210 299 1249 ex
322 1192 421 1249 eodem
447 1195 524 1249 fonte
552 1192 652 1253 ductas
675 1192 829 1251 arbitratus
849 1194 907 1262 e'st,
954 1192 1043 1248 animi
1078 1210 1146 1268 pars
1176 1191 1281 1248 melior
1308 1204 1351 1249 est
1384 1193 1575 1266 immortalis,
1605 1193 1733 1255 deterior

128 1292 251 1356 propter
262 1298 335 1356 quas
355 1280 514 1338 animantes
533 1279 598 1337 illas
613 1279 779 1357 appellavit.
796 1279 833 1334 ht
847 1279 921 1336 ani·-
954 1279 1100 1349 mortalis,
1116 1298 1175 1336 non
1190 1277 1306 1354 quidem
1322 1270 1377 1354 ita,
1394 1293 1426 1337 ut
1448 1294 1514 1357 post
1532 1295 1654 1339 mortem
1669 1305 1732 1343 cor.

130 1386 195 1445 mus
225 1367 369 1427 humanus
393 1386 453 1423 non
477 1384 514 1423 ex
536 1366 598 1428 sola
625 1365 784 1425 substantia
808 1366 910 1424 divina
954 1368 1034 1441 poris
1058 1367 1153 1423 statim
1178 1366 1387 1449 exstinguatur,
1402 1368 1452 1427 sed
1472 1381 1503 1425 ut
1525 1368 1615 1427 deleri
1639 1383 1733 1431 tamen

128 1453 295 1531 Pythagora
312 1455 412 1531 judice
435 1466 553 1513 constat.
570 1455 652 1513 llunc
670 1456 699 1512 in
722 1454 793 1512 duas
814 1468 909 1532 partes
953 1454 1045 1529 possit
1057 1466 1162 1531 etpost
1176 1453 1334 1510 multorum
1346 1473 1487 1510 annorum
1502 1456 1627 1531 spatium
1643 1458 1733 1517 inter.

130 1540 374 1620 divisit,quarum
387 1544 506 1600 alteram
516 1542 638 1606 rationis
648 1544 818 1620 participem
831 1544 907 1615 fecit,
952 1554 1014 1610 eat,
1052 1541 1259 1616 melioremque
1291 1553 1403 1617 partem
1437 1541 1535 1605 vivam
1573 1563 1734 1622 puramque

131 1628 253 1701 altera-m
279 1642 432 1707 expertem.
454 1628 489 1685 ln
511 1629 655 1706 participe
672 1630 795 1687 rationis
811 1632 910 1708 posuit
954 1627 1108 1705 relinquat.
1134 1626 1182 1686 Sic
1208 1640 1284 1684 certe
1308 1626 1502 1703 Pythagoram
1527 1642 1555 1687 et
1580 1630 1734 1709 plerosque

134 1717 385 1793 tranquillitatem,
398 1717 428 1775 id
440 1728 483 1775 est
494 1717 635 1795 placidam
646 1718 829 1793 quietamque
839 1739 908 1777 con·
953 1714 1018 1792 ejus
1042 1715 1202 1792 discipulos
1229 1714 1265 1771 de
1287 1714 1467 1789 animorum,
1488 1717 1540 1793 qui
1562 1717 1734 1794 corporibus

133 1805 283 1881 stantiam3
296 1806 326 1865 in
341 1805 391 1862 illa
404 1804 493 1862 altera
510 1818 604 1863 motus
617 1803 749 1862 turbidos
766 1818 826 1862 tum
840 1806 908 1882 irae,
954 1802 1046 1879 elapsi
1068 1815 1150 1873 sunt,
1176 1813 1254 1859 sorte
1277 1800 1418 1874 sensisse,
1442 1802 1503 1860 fuse
1526 1804 1629 1861 docent
1652 1804 1734 1862 Jam-

92 1926 94 1930 ·
133 1903 195 1949 turn
225 1893 409 1971 cupiditatis,
441 1892 602 1949 contrarios
634 1892 827 1969 inimicosque
864 1914 910 1951 ra·
954 1888 1069 1948 blichus
1083 1889 1159 1964 apud
1173 1887 1318 1945 Stobaeum
1329 1887 1425 1963 Eclog.
1436 1889 1527 1965 Phys.
1541 1890 1733 1970 lib.lcap.52

132 1979 292 2056 tioni(51).
314 1979 473 2038 Audiamus
496 1979 636 2042 Timaeum
662 1978 784 2037 Locrum
803 1981 864 2058 (52)
879 1982 910 2039 in
939 1991 1024 2036 ¹tom.
1039 1977 1067 2035 ll
1089 1998 1119 2055 p.
1145 1978 1218 2042 1064
1240 1976 1287 2037 ed.
1312 1975 1514 2053 lleeren.'(54)
1539 1992 1568 2034 et
1589 1980 1735 2058 praeeipue

129 2065 231 2125 libello
242 2067 283 2125 de
304 2068 401 2125 anima
421 2066 522 2125 mundi
537 2062 611 2123 hanc
626 2084 686 2122 rem
704 2065 745 2122 ita
763 2067 910 2125 illustran·
954 2065 1077 2123 Proclus
1090 2062 1373 2122 CommentinPlut.
1387 2062 1466 2121 Tim.
1478 2083 1545 2141 pag.
1556 2065 1610 2121 311
1624 2065 1664 2143 (p.
1679 2068 1734 2138 754

130 2168 186 2211 tem
201 2178 208 2212 :
225 2182 238 2207 ι
253 2155 493 2225 hnimihumani,
508 2155 620 2230 inquit,
634 2152 690 2210 alia
702 2156 798 2229 portio
813 2168 855 2213 est
865 2176 910 2213 ra·
954 2154 1001 2213 ed.
1025 2152 1218 2229 Schneider).
1240 2149 1340 2227 Neque
1362 2148 1516 2226 quisquam
1530 2151 1640 2213 infitias
1667 2152 1735 2226 ibit,

130 2243 249 2303 tionalis
268 2256 297 2301 ct
318 2243 498 2317 intelligens,
516 2242 573 2299 alia
595 2241 773 2299 irrationalis
793 2254 822 2299 et
841 2244 911 2301 insi·
955 2261 991 2299 ex
1001 2241 1100 2298 eadem
1109 2239 1361 2315 Pythagoreorum
1373 2237 1512 2313 opinione
1521 2256 1651 2297 tranasse
1662 2240 1736 2298 illud

129 2333 224 2409 piens.
239 2331 399 2392 Rationalis
414 2330 558 2408 portionis
573 2330 675 2386 melior
689 2348 755 2406 pars
769 2344 811 2387 cst
823 2332 852 2388 ἐκ
866 2341 911 2399 τᾶς
954 2327 1071 2405 Virgilii
1086 2328 1203 2385 effatum
1217 2324 1279 2383 AEn.
1295 2323 1349 2395 Vl,
1365 2324 1446 2396 745:
1527 2373 1530 2386 .

129 2424 219 2477 ταυτῶ
233 2418 322 2498 ρόσιος
337 2419 399 2476 sire
416 2437 453 2475 ex
467 2416 628 2476 substantia
645 2429 755 2473 naturae
776 2418 911 2476 immuta-

130 2503 203 2563 bilis
224 2502 341 2582 sibique
355 2524 469 2582 semper
485 2505 654 2565 constantis.
672 2504 805 2562 Deterior
818 2518 861 2563 est
882 2510 912 2563 ἐκ

130 2599 178 2657 τοῖς
192 2594 229 2649 τῶ
244 2591 324 2669 ίτέρω
339 2595 401 2649 sive
414 2610 450 2649 ex
464 2590 626 2655 substantia
637 2605 747 2649 naturae
763 2592 912 2651 mutabilis

131 2693 161 2737 et
174 2680 376 2739 inconstantis.
396 2678 523 2754 Utraque
537 2680 567 2739 in
584 2681 676 2757 capite
692 2681 832 2738 collocata
852 2694 910 2752 est,

54 2780 58 2785 ’
131 2782 165 2827 ιιι
180 2769 299 2844 reliquae
322 2780 418 2845 partes
442 2768 470 2825 ei
492 2768 629 2830 serviant.
645 2765 825 2826 lrrationalis
842 2790 912 2846 por-

132 2856 221 2919 tionis
243 2854 308 2913 duae
330 2868 398 2912 sunt
420 2867 534 2932 partes,
559 2855 649 2915 altera
673 2854 827 2914 irritabilis
850 2877 914 2931 quae

133 2944 211 3002 eirca
237 2964 288 3001 cor
314 2956 456 3014 uersatur,
483 2942 572 3000 altera
609 2943 818 3020 concupiscens
850 2964 914 3020 quae

133 3033 214 3089 circa
226 3031 311 3106 jecur
323 3029 440 3088 habitat.
457 3055 470 3080 ν
486 3017 587 3106 llujus
599 3030 688 3104 igitur
706 3031 832 3108 duplicis
854 3051 913 3088 ma,

135 3119 218 3176 terias
231 3130 455 3194 temperamento
469 3129 498 3175 et
511 3116 663 3174 harmonia
682 3119 826 3193 vigentem
848 3120 913 3176 ani-

134 3226 214 3264 mum
236 3225 386 3264 numerum
402 3225 464 3264 esse
488 3205 617 3263 decrerit
637 3206 689 3283 qui
713 3225 743 3264 se
768 3208 830 3284 ipse
852 3227 914 3269 mo-

166 3424 214 3486 (50)
231 3423 316 3472 Cicero
327 3423 358 3472 de
372 3428 460 3472 senect.
477 3429 520 3482 τις
535 3421 564 3470 de
576 3423 654 3469 natur.
674 3421 739 3470 deor.
755 3425 775 3483 l,
794 3428 829 3470 tt.
844 3424 913 3485 Diog.

133 3498 211 3544 interl.
224 3493 267 3543 lib.
288 3493 402 3552 v111,28
417 3512 423 3540 ι
438 3494 478 3540 καὶ
495 3495 534 3549 ζῆν
546 3493 588 3553 μέν
600 3491 676 3540 πάντα
697 3493 743 3540 ὅσα
759 3494 851 3556 μετέχει
870 3499 912 3542 τοῦ

132 3567 230 3626 θερμοῦ·
244 3563 333 3611 διὸκαὶ
344 3562 374 3609 τὰ
388 3562 447 3622 pur&
463 3566 511 3626 ζῷα
531 3561 600 3610 εἶναι.
616 3562 704 3624 Ψυχὴν
718 3561 795 3623 μέντοι
808 3565 840 3624 μὴ
853 3564 921 3626 ἔχειν’

134 3634 216 3683 πάντα·
228 3633 285 3704 εἶναι
293 3632 318 3680 δὲ
328 3633 370 3690 τὴν
383 3632 460 3693 ψυχὴν
471 3629 619 3690 ἀπόσπασμα
629 3632 717 3692 αἰθέρος
727 3633 767 3679 καὶ
778 3638 819 3680 τοῦ
832 3635 915 3695 θερμοῦ

134 3707 174 3754 καὶ
194 3707 285 3766 ψυχροῦ
306 3707 341 3764 τῷ
360 3703 513 3765 συμμετέχειν
528 3703 620 3770 ψμχροὺ
635 3702 730 3762 αἰθέρος.
752 3703 871 3766 Διαρέρειν
889 3719 915 3752 τι

133 3776 212 3839 ψυχὴν
223 3779 297 3834 ζωῆς,
310 3772 422 3822 ἀθάνατόν
436 3789 461 3822 τε
478 3773 536 3820 εἶναι
553 3772 633 3834 αὑτήν,
647 3771 768 3835 ἐπειδήπερ
785 3775 824 3821 καὶ
838 3775 865 3823 τὸ
878 3772 915 3834 e'tp’

134 3849 161 3897 οὔ
173 3848 321 3897 ἀπέσπασται
334 3844 447 3893 ἀθάνατόν
457 3845 514 3892 ἐστι.
904 3843 908 3848 ’

165 3919 215 3979 (st)
225 3919 311 3966 Cicero
322 3918 393 3964 Tusc.
406 3917 450 3974 IV,
461 3922 483 3964 5.
493 3942 522 3955 -
532 3912 580 3974 (tt)
590 3913 697 3962 Timteus
706 3915 796 3962 Locrus
809 3929 815 3962 :
827 3919 866 3969 τᾶς
875 3914 915 3975 μὲν

134 3988 179 4052 γὰρ
191 3986 334 4050 ἀνθρωπίνας
346 3988 422 4047 ψυχαῖς
433 3987 461 4033 τὸ
474 3985 514 4046 μὲν
527 3983 620 4044 λογικόν
633 3984 682 4031 ἐστι
697 3984 736 4031 καὶ
753 3985 839 4046 νοερόν,
852 3985 879 4032 τὸ
894 3984 914 4032 δ’

135 4059 217 4118 άλογον
228 4057 268 4104 καὶ
275 4055 358 4116 ὶρρον.
371 4057 411 4108 Τοῦ
425 4055 449 4103 δὲ
460 4057 547 4115 λογικοῦ
556 4055 582 4103 τὸ
595 4053 635 4115 μὲν
644 4054 743 4116 κρέσσον
754 4055 780 4102 έκ
789 4059 829 4111 τοῖς
839 4055 915 4104 ταὺτιῦ

135 4127 266 4190 φύσιος,τὸ
279 4127 303 4174 δὲ
316 4127 403 4188 χέρειον
415 4126 442 4174 έκ
451 4130 492 4181 τᾶς
503 4130 537 4174 τοῦ
549 4125 627 4188 έτέρω.
641 4123 761 4186 Ἑκάτερον
775 4125 799 4172 δὲ
810 4127 861 4188 περὶ
872 4127 915 4174 τὰν

135 4197 237 4260 κεφαλὰν
248 4198 349 4260 θδρυται,
360 4201 390 4252 ὡς
404 4196 475 4244 τᾶλλα
489 4197 558 4259 μέρεα
567 4199 607 4250 τᾶς
619 4196 695 4256 ψυχᾶς
707 4196 746 4242 καὶ
760 4199 794 4242 τῶ
806 4197 915 4256 σώματος

132 4270 256 4328 ὑπηρετεῖν
269 4267 358 4330 τούτῳ,
370 4267 475 4330 καθάπερ
494 4264 576 4325 ὑπάτῳ
589 4270 623 4312 τῶ
642 4262 737 4318 σκάνεος
752 4265 860 4319 έπαντος.
876 4268 916 4314 Tol

135 4341 157 4386 δ’
167 4337 245 4398 άλόγω
260 4337 343 4400 μέρεος
351 4339 377 4384 τὸ
390 4337 431 4398 μὲν
443 4337 558 4398 θυμοειδὲς
570 4335 621 4396 περί
635 4333 676 4382 τάν
688 4333 792 4397 καρδίαν,
803 4335 829 4383 τὸ
840 4335 859 4382 δ’
869 4335 917 4382 έπι·

135 4411 263 4471 θυματικὸν
274 4407 326 4470 περὶ
338 4406 443 4470 τὸῆπαρ.
455 4434 484 4445 -
496 4407 543 4467 (53)
557 4405 700 4454 Plulat·cltus
711 4404 741 4453 tle
753 4404 812 4464 plac.
827 4405 884 4465 phil.
898 4409 915 4466 l,

133 4481 170 4538 Z:
184 4476 319 4540 Πυθαγόρας
328 4481 374 4524 τῶν
387 4475 465 4540 ἀρχῶν
478 4477 519 4534 τὴν
535 4478 575 4536 μὲν
588 4473 676 4537 μονάδα
687 4473 747 4535 θεόν,
759 4475 799 4521 καὶ
809 4475 915 4536 τάγαθόν,

132 4555 186 4610 ἥτις
204 4553 266 4605 ἐστίν
280 4554 349 4608 ἡτοῦ
369 4551 418 4606 ἑνός
432 4549 513 4612 φύσις,
526 4549 594 4604 αὐτός
615 4550 628 4597 θ
641 4554 702 4603 νοῦς·
719 4549 761 4604 τὴν
775 4547 794 4596 δ’
808 4549 915 4609 ἀόριστον

135 4623 210 4672 δυάδα
219 4658 226 4681 ,
236 4621 336 4682 δαίμονα
350 4621 389 4668 καὶ
403 4621 430 4669 τὸ
442 4621 523 4680 κακόν,
535 4621 585 4682 περὶ
600 4619 627 4676 ἣν
640 4619 688 4667 ἐστι
700 4618 727 4666 τὸ
737 4619 813 4666 ὑλικόν
823 4621 916 4676 πλῆθος·

135 4695 187 4742 ἔστι
198 4694 223 4741 δέ
234 4693 275 4740 καὶ
292 4691 372 4754 όρατθς
386 4689 506 4751 όκόσμος,
517 4717 547 4726 -
559 4691 606 4751 (st)
623 4688 733 4739 Slohtuus
748 4689 827 4748 Eclog.
844 4689 916 4749 Phys.

135 4765 178 4813 llb.
190 4765 203 4813 Ι
214 4774 268 4823 cap.
283 4768 312 4811 52
326 4765 385 4808 tom.
400 4761 420 4808 ll
433 4773 456 4820 p.
476 4761 532 4809 1064
547 4759 586 4808 ed.
601 4761 721 4819 lleet‘en.,:
743 4757 770 4804 οὐ
782 4758 826 4817 μὴν
843 4757 876 4804 ἔτι
892 4773 918 4817 γε

135 4835 184 4887 τοῖς
195 4830 353 4894 ἀρχαιοτέροις
365 4831 417 4892 περὶ
428 4830 496 4878 τοῦδε
512 4833 676 4894 σνμφωγοῦσιν
687 4830 710 4876 ot
721 4828 868 4876 Πλατωνικοὶ
879 4828 918 4873 καὶ

135 4901 305 4964 Πυθαγόρειοι,
315 4899 392 4956 πάσας
404 4901 429 4948 δέ
439 4900 509 4954 αὐτὰς
521 4898 648 4962 ὑπάγουσιν
659 4900 705 4949 ὑπὸ
713 4900 753 4955 τὴν
764 4897 846 4958 κρίσιν.
862 4898 919 4945 Ὠσ-

136 4973 214 5029 αύτως
247 4973 289 5034 μέν
317 4971 358 5020 οὑν
379 4973 430 5035 περὶ
450 4976 490 5028 τῆς
512 4972 590 5032 δίκης,
603 4973 625 5020 οῖ
650 4970 691 5033 μὲν
711 4968 858 5030 παλαιότεροι
878 4967 919 5023 τὰς

987 2490 1070 2537 Donec
1081 2488 1149 2549 longa
1163 2486 1230 2545 dies,
1248 2484 1353 2547 perlecto
1367 2486 1482 2548 temporis
1494 2486 1568 2545 orbe,

988 2561 1125 2607 concretam
1140 2557 1230 2607 exemit
1244 2558 1321 2605 labem
1332 2569 1468 2619 purumque
1482 2556 1581 2620 reliquit
1640 2612 1643 2616 g

987 2630 1114 2679 aetherium
1127 2643 1223 2679 sensum
1235 2633 1308 2692 atque
1317 2629 1386 2677 aurai
1396 2627 1510 2690 simplicis
1519 2628 1605 2690 iguem.

957 2766 1021 2825 lam
1037 2788 1109 2826 vero
1125 2769 1237 2826 animus
1259 2787 1276 2825 e
1296 2768 1429 2845 corporis
1452 2767 1579 2825 vinculis
1602 2779 1737 2842 tanquam

957 2875 975 2912 e
990 2874 1105 2913 carcere
1118 2856 1238 2912 evolans
1252 2866 1366 2912 serrata
1379 2854 1619 2911 lineamentorum
1633 2854 1737 2911 simili·

959 2934 1060 3001 titdine
1073 2937 1207 3020 corporis
1222 2942 1342 3018 figuram
1357 2943 1471 2999 retinet.
1487 2935 1601 2999 Et'haec
1620 2940 1737 3018 quidem

958 3031 1052 3105 figura
1072 3031 1198 3089 adhaeret
1217 3051 1277 3088 non
1293 3030 1337 3088 illi
1358 3029 1474 3087 meliori
1492 3030 1569 3107 parti
1582 3041 1610 3087 et
1630 3030 1738 3087 intelli·
1833 3061 1837 3069 ·

959 3120 1036 3194 genti
1046 3164 1057 3193 ,
1073 3119 1123 3177 sed
1138 3119 1276 3176 deteriori
1301 3117 1496 3194 crassiorique
1525 3136 1590 3194 quae
1617 3115 1648 3173 in
1670 3136 1738 3174 con·

959 3219 1087 3283 spectum
1110 3207 1197 3265 eadit.
1219 3205 1360 3263 Caeterum
1385 3205 1554 3281 opinionem
1581 3203 1616 3261 de
1640 3205 1739 3262 animo

958 3424 1095 3474 ἀπολύουσι.
1114 3425 1205 3474 Γένοιτο
1217 3424 1238 3473 δ’
1249 3425 1277 3472 ότι
1288 3425 1339 3486 περὶ
1352 3429 1391 3482 τῆς
1403 3422 1537 3485 καθάρσεως
1549 3427 1565 3482 ἡ
1579 3425 1637 3482 αὑτὴ
1653 3425 1739 3484 ἀμφισ-

959 3495 1065 3551 ὅήτησις·
1096 3497 1118 3542 ol
1148 3495 1191 3555 γάρ
1206 3495 1277 3546 ,αὐτοὶ
1299 3494 1340 3553 μὲν
1360 3493 1438 3556 ἄνδρες
1458 3495 1498 3540 καὶ
1518 3494 1603 3548 ταύτης
1620 3494 1740 3555 ὑπερέχειν

958 3565 1014 3623 φασί
1026 3564 1066 3619 τάς
1080 3564 1158 3627 ψυχὰς
1171 3564 1225 3612 ὅσαι
1243 3565 1302 3618 θεοῖς
1315 3563 1479 3610 συνάπτονται·
1493 3563 1515 3608 οῖ
1527 3560 1546 3609 δ’
1559 3562 1622 3609 ἄλλοι
1636 3561 1705 3609 πάλιν
1717 3565 1740 3610 οῖ

959 3633 999 3694 μὲν
1011 3633 1130 3695 περιόδους
1142 3639 1181 3693 τῆς
1198 3635 1274 3696 ψυχῆς
1288 3631 1452 3694 περικοσμίους
1467 3629 1600 3692 καθάρσεως
1616 3631 1674 3679 εἶναι
1688 3632 1740 3680 διοι-

958 3702 1090 3762 τάττονται,
1104 3707 1183 3766 ὥσπερ
1194 3704 1251 3758 τινὲς
1265 3701 1426 3751 Πλατωνικοί·
1442 3703 1464 3748 τί
1473 3701 1506 3748 δὲ
1518 3701 1656 3749 καὶτούτων
1669 3703 1740 3762 αὑτὴν

958 3774 1117 3836 ὑπερέχουσαν
1126 3772 1300 3835 προτάττουσιν,
1310 3772 1389 3833 ὥσπερ
1398 3770 1427 3827 δὴ
1436 3770 1495 3826 λέγει
1502 3770 1629 3825 Πλωτῖνος.
1642 3770 1741 3821 Procltts

959 3846 1095 3895 comment.
1110 3845 1135 3892 in
1146 3844 1208 3891 Plat.
1223 3841 1284 3890 lim.
1295 3854 1349 3902 pag.
1362 3845 1405 3889 :tlt
1419 3841 1452 3901 (p.
1466 3842 1511 3889 75⁴
1522 3839 1560 3888 ed.
1573 3840 1740 3902 Schneider.):

958 3913 980 3960 τί
996 3915 1022 3962 τό
1034 3912 1146 3962 ἀθάνατόν
1158 3913 1208 3960 ἐστι
1219 3915 1300 3969 τοῦτο,
1318 3912 1358 3958 καί
1370 3911 1392 3959 τί
1406 3911 1433 3958 τό
1453 3909 1542 3968 θνητόν,
1556 3911 1661 3968 ἐζήτηται
1677 3913 1741 3976 παρὰ

961 3989 1010 4039 τοῖς
1026 3989 1067 4033 τοῦ
1075 3977 1198 4038 Πλάτωνος
1213 3983 1347 4043 ἐξηγηταῖς,
1362 3982 1402 4029 καί
1416 3984 1438 4029 ol
1451 3980 1492 4044 μὲν
1505 3981 1547 4038 τήν
1559 3981 1654 4042 λογικὴν
1663 3983 1741 4042 ψυχὴν

961 4055 1033 4114 μόνην
1046 4051 1158 4100 ἀθάνατον
1170 4049 1332 4103 ἀπολείποντες
1347 4049 1463 4110 φθείρουσι
1483 4049 1525 4104 τήν
1538 4063 1564 4095 τε
1584 4048 1667 4108 ἄλογον
1680 4050 1741 4106 ζωὴν

959 4125 1086 4185 σύμπασαν
1097 4123 1137 4169 καὶ
1153 4122 1180 4168 τὸ
1197 4119 1353 4181 πνευματικὸν
1367 4119 1447 4179 ὄχημα
1461 4124 1500 4177 τῆς
1518 4119 1609 4181 ψυχῆς,
1623 4117 1684 4166 κατὰ
1699 4119 1741 4176 τήν

960 4195 991 4247 είς
1003 4193 1092 4252 γένεσιν
1106 4191 1178 4252 ῥοπὴν
1190 4195 1230 4247 τῆς
1246 4191 1323 4251 ψυχῆς
1343 4189 1385 4246 τὴν
1402 4188 1531 4237 ὑπόστασιν
1545 4187 1643 4242 διδόντες
1664 4187 1741 4243 αὐτοῖς

961 4264 1031 4325 μόνον
1043 4279 1069 4310 τε
1080 4266 1133 4310 νοῦν
1146 4260 1259 4309 ἀθάνατον
1272 4260 1430 4321 διατηροῦντες
1450 4261 1482 4314 ὡς
1498 4258 1567 4321 μόνον
1587 4257 1626 4304 καὶ
1643 4257 1741 4317 μένοντα

960 4336 999 4383 καί
1012 4333 1162 4393 ὁμοιούμενον
1178 4335 1225 4384 τοῖς
1238 4331 1295 4384 θεοῖς
1306 4330 1347 4376 καὶ
1360 4329 1391 4390 μὴ
1404 4327 1556 4389 φθειρόμενον,
1568 4328 1648 4386 ὥσπερ
1660 4328 1682 4374 cl
1693 4343 1741 4374 πα-

959 4405 1073 4465 λαιότεροι
1091 4403 1130 4451 καί
1145 4403 1242 4450 ἔπεσθαι
1261 4406 1290 4463 τῇ
1309 4400 1365 4454 λέξει
1386 4399 1517 4461 κρίναντες,
1530 4398 1559 4446 δι’
1567 4397 1595 4455 ἧς
1614 4397 1740 4445 όΠλάτων

961 4475 1044 4536 φθείρει
1054 4473 1095 4530 τὴν
1108 4472 1201 4532 ἄλογον,
1217 4472 1299 4528 θνητὴν
1313 4470 1384 4526 αὐτὴν
1395 4470 1482 4527 καλῶν,
1492 4465 1671 4522 τοῦςἎττικοὺς
1680 4468 1741 4527 λέγω

960 4545 1001 4591 καὶ
1013 4544 1125 4596 Ἀλόίνους
1137 4543 1176 4589 καὶ
1186 4542 1303 4596 τοιούτους
1317 4541 1394 4593 τινάς·
1412 4542 1433 4587 οἱ
1446 4539 1469 4586 δέ
1479 4538 1568 4586 τούτων
1585 4536 1740 4601 μετριώτεροι,

1717 4607 1724 4621 ἱ

960 4614 1040 4676 ὥσπερ
1052 4615 1074 4661 οῖ
1088 4614 1139 4674 περὶ
1154 4612 1293 4675 Πορφύριον,
1312 4610 1352 4656 καί
1373 4608 1492 4670 πραότεροι
1515 4611 1680 4668 παραιτοῦνται
1700 4623 1741 4668 μεν

952 4685 1002 4740 -τήν
1017 4683 1161 4742 καλουμένην
1171 4680 1254 4742 φθορὰν
1263 4675 1474 4726 κατασκεδαννύναι
1488 4679 1529 4722 τοῦ
1539 4689 1563 4722 τι
1574 4673 1692 4735 ὀχήματος
1701 4674 1741 4721 καί

961 4759 1002 4811 τῆς
1016 4751 1102 4814 ἀλόγου
1112 4753 1201 4813 ψυχῆς,
1213 4746 1429 4810 ἁναστοιχειοῦσθαι
1444 4746 1469 4794 δὲ
1484 4744 1544 4792 αὐτά
1558 4760 1615 4804 φασι
1631 4744 1671 4790 καί
1687 4733 1742 4790 ἀνα·

961 4823 1055 4872 λύεσθαί
1070 4839 1123 4871 τινα
1145 4821 1229 4884 τρόπον
1243 4818 1275 4874 είς
1290 4818 1331 4872 τάς
1353 4814 1462 4877 σφαίρας,
1477 4812 1514 4876 ἀφ’
1529 4814 1562 4861 ὧν
1577 4815 1618 4871 τὴν
1636 4813 1742 4861 σύνθεσιν
1831 4815 1837 4828 '

962 4897 1045 4956 έλαχε,
1056 4893 1178 4955 φυράματα
1188 4891 1213 4938 δὲ
1232 4889 1289 4937 εἶναι
1306 4891 1381 4935 ταῦτα
1396 4886 1482 4933 ἐκτῶν
1498 4883 1610 4946 οὐρανίων
1627 4887 1741 4945 σφαιρῶν,

963 4966 1003 5010 καί
1028 4967 1155 5011 κατιοῦσαν
1178 4959 1238 5006 αὑτὰ
1252 4959 1371 5018 συλλέγειν
1390 4957 1434 5013 τὴν
1454 4954 1541 5018 ψυχήν,
1553 4953 1615 5002 ὥστε
1627 4953 1666 4999 καί
1684 4951 1742 4999 εἶναι

134 5045 266 5108 άχφάντους
276 5043 352 5107 ψυχὰς
364 5045 403 5092 καί
416 5043 456 5099 τὰς
468 5044 624 5104 ὁμονοητικῶς
638 5039 790 5103 συναρθείσας
804 5043 850 5092 τοῖς
862 5038 920 5090 θεοῖς
964 5039 1037 5082 ταῦτα
1050 5034 1090 5080 καί
1107 5033 1139 5093 μὴ
1156 5031 1228 5091 εἶναι,
1240 5029 1299 5076 αὑτά
1310 5029 1335 5076 δὲ
1350 5029 1439 5076 ἔκαστοι
1451 5025 1533 5089 μηκέτι
1546 5025 1605 5072 εἶναι
1618 5022 1676 5106 μηδὲ
1691 5022 1742 5069 δια-

135 5117 240 5165 άνπιῦθιν
249 5115 294 5174 ἢδη
303 5117 351 5170 τοῖς
363 5116 423 5171 θεοῖς
436 5113 610 5174 έιπιθέασι,καὶ
622 5110 773 5166 έκόαινούσας
783 5113 830 5158 τῶν
841 5105 921 5168 σωμά·
965 5106 1039 5165 με’νειν
1050 5103 1091 5157 τὴν
1106 5100 1211 5155 ῖδιότητα
1224 5099 1308 5177 αὐτῶν
1322 5098 1362 5145 καὶ
1376 5098 1484 5180 δοκοῦσιν
1497 5095 1592 5180 ἕπεσθαι
1601 5092 1743 5172 τοιςιλογιοις

136 5201 186 5234 των
197 5185 253 5234 ἄνευ
265 5189 306 5244 τῆς
323 5183 387 5241 δίκης
405 5183 531 5245 ἀνάγουσιν
545 5184 576 5237 τίς
588 5181 641 5237 τοὺς
656 5181 731 5237 trote
745 5181 768 5227 οῖ
782 5179 807 5226 δὲ
820 5177 924 5226 Πλατω-’
965 5175 988 5222 έν
1002 5179 1030 5234 τῇ
1041 5171 1133 5232 καθόδῳ
1142 5171 1184 5228 την
1196 5170 1274 5232 ψυχὴν
1283 5169 1374 5227 λεγουσι
1385 5169 1501 5226 συλλεγειν
1512 5180 1569 5212 αυτο
1581 5161 1743 5246 λαρόανουσαν

138 5257 200 5305 »troi
211 5255 289 5311 πάσας
303 5254 363 5317 μετὰ
374 5255 415 5313 τήν
429 5254 495 5312 δίκην
510 5255 541 5310 είς
551 5253 593 5311 τὴν
604 5250 686 5301 οὑσίαν
700 5251 746 5299 tet
756 5254 797 5308 τῆς
809 5249 920 5310 γενέσεως
966 5244 1069 5306 αίθρης
1081 5242 1167 5304 μέρος
1181 5239 1279 5297 ἠελίου
1290 5255 1322 5287 τε
1333 5236 1493 5296 σεληναίης
1504 5249 1533 5282 τι
1551 5248 1600 5280 και
1614 5229 1741 5291 οσαὴιρι
