3959 5925
1011 396 1073 455 st

101 607 128 641 r
341 558 695 687 ΓΟΡΓΙΟΥ
1169 555 1510 686 GORGIAE

257 841 777 937 Anosnluurrm.
1134 720 1545 978 rirsuunrl.

444 1058 572 1079 -οοο-
1280 1056 1406 1079 -400-

170 1300 191 1339 1.
215 1275 284 1341 Ὑπδ
300 1278 402 1335 πολλῶν
417 1276 482 1343 ἄξιοι
496 1274 687 1351 θαυμάζεσθαι,
700 1261 723 1331 ὦ
735 1271 824 1351 ἄνδρες
835 1268 902 1331 'Ei-
991 1292 1017 1334 t.
1034 1271 1096 1333 Ἔτι
1110 1272 1195 1331 τοίνυν
1214 1272 1326 1353 Γοργίας
1346 1271 1394 1348 μὲν
1414 1275 1428 1330 ὁ
1449 1276 1582 1340 Λεοντῖνός
1600 1298 1676 1352 φησι,
1688 1276 1732 1335 τὸν

128 1366 203 1435 ληνες
225 1366 236 1443 [
251 1366 275 1422 oi
294 1368 392 1445 πρῶτοι
406 1362 453 1429 τδις
466 1362 588 1427 τοιαύτας
607 1358 765 1438 πανηγύρεις
786 1381 904 1435 συναγα-
954 1358 1066 1435 Κίμωνα
1075 1358 1108 1418 τδι
1117 1359 1244 1439 χρήματα
1258 1366 1370 1418 κτᾶσθαι
1382 1359 1447 1434 μίν,
1458 1363 1493 1427 ὥς
1504 1362 1606 1439 χρῷτο,
1615 1366 1732 1441 χρῆσθαι

129 1450 242 1532 γύντες].
869 1480 871 1485 ·
953 1446 1045 1525 δὲ,ύνς
1059 1451 1172 1528 τιμῷτο.

141 1574 145 1583 ,
173 1538 452 1619 (Aristotelesiihet.
464 1537 517 1596 lib.
531 1537 574 1595 lll
585 1556 649 1616 cap.
665 1546 786 1614 ri,pag.
802 1534 907 1605 ritib
995 1536 1180 1612 (Plutarchus
1202 1536 1255 1597 vit.
1280 1534 1394 1595 Cimon.
1426 1556 1490 1614 cap.
1521 1558 1567 1610 10,
1595 1538 1655 1598 vol.
1689 1540 1730 1597 lll

129 1627 176 1689 ed.
198 1628 296 1687 Beki:
315 1625 418 1703 λέγεται
440 1624 468 1683 tt
489 1624 522 1684 ri
547 1628 599 1683 τῶν
620 1625 797 1683 ἐπιδεικτικῶν
813 1622 908 1702 προοί-
953 1644 982 1701 p.
1004 1625 1062 1700 259
1082 1624 1130 1685 ed.
1152 1624 1268 1681 liutten.
1284 1623 1407 1682 sortasse
1429 1644 1466 1681 ex
1482 1624 1599 1684 funebri
1613 1626 1732 1704 Gorgiae

131 1737 178 1789 μια
203 1711 229 1782 ἐξ
250 1712 356 1771 ἐπαίνου
373 1711 390 1783 ἢ
407 1712 505 1792 ψόγου·
532 1700 584 1771 οἶον
607 1712 718 1791 Γοργίας
744 1709 790 1787 μὲν
817 1714 843 1770 ἐν
868 1712 906 1783 τῷ
953 1712 1110 1787 oratione.)

130 1799 288 1878 Ὀλυμπικῷ
302 1799 380 1877 λύγῳ·
394 1796 463 1859 Ὑπὸ
475 1799 578 1857 πολλῶν
592 1796 659 1865 ἄξιοι
672 1795 865 1874 θαυμάζεσθαι,
885 1786 907 1857 ιλ
992 1820 1016 1860 ι.
1033 1797 1166 1865 Διονύσιος
1181 1802 1206 1858 ἐν
1221 1800 1259 1877 τῷ
1273 1796 1384 1877 δευτέρῳ
1398 1796 1459 1875 περὶ
1474 1798 1650 1878 χαρακτήρων
1667 1801 1729 1882 περί

131 1888 218 1968 ἄνδρες
238 1884 382 1959 Ἓλληνες·
406 1888 508 1945 ἐπαινεῖ
529 1877 580 1967 γδιρ
600 1884 660 1951 τοὺς
683 1883 730 1949 τὰς
752 1884 908 1964 πανηγύρεις
953 1887 1065 1968 Γοργίου
1085 1886 1148 1945 τάδε
1163 1885 1257 1966 φησίν,
1274 1885 1315 1944 ὅτι
1334 1890 1381 1957 τῆς
1400 1885 1469 1951 ἰδίας
1483 1888 1536 1944 τῶν
1551 1888 1629 1948 αὐτοῦ
1646 1889 1731 1963 λύγων

131 1975 305 2051 συνάγοντας·
349 1971 499 2054 Ἰσοκραίτης
518 1971 544 2031 δὲ
562 1972 688 2054 [orati
717 1971 802 2051 init.)
818 1971 906 2053 ψίγει,
952 1972 1254 2054 τοιοῦτοςὺχαρακτήρ·
1270 1973 1429 2051 ίγκωμιαίζει
1448 1971 1549 2039 δὲτοδς
1565 1975 1592 2031 ἐν
1609 1974 1733 2049 πολέμοις

130 2061 170 2120 ὅτι
184 2062 231 2129 τὰς
245 2060 294 2139 μὲν
309 2066 360 2121 τῶν
378 2060 508 2136 σωμοίτων
524 2059 618 2140 ἀρετὰς
634 2060 741 2138 δωρεαῖς
765 2058 907 2136 ἐτίμησαν,
954 2046 1157 2140 ἀριστεύσαντας
1167 2060 1318 2133 Ἀθηναίων.
1336 2061 1393 2121 «Ti
1407 2060 1457 2139 γὰρ
1469 2061 1540 2131 ἀπῆν
1555 2068 1608 2127 τοῖς
1622 2061 1733 2137 ἀνδράσι

131 2159 184 2217 τοῖς
197 2150 221 2207 δ’
235 2138 264 2207 ei
278 2152 414 2229 ρρονούσιν
425 2146 497 2207 ούθὲν
514 2138 591 2206 ἆθλον
607 2147 746 2218 ἐποίησαν.ι
755 2146 857 2205 Verbis
871 2147 908 2206 ab
953 2149 1060 2223 τούτοις,
1069 2142 1106 2209 ὧν
1113 2151 1153 2219 δςῖ
1158 2148 1449 2229 ἀνδράσιπροσεῖναιγτί
1457 2149 1484 2207 δὲ
1492 2148 1537 2207 καὶ
1544 2141 1696 2229 opor-*inin
1702 2150 1732 2209 ού

133 2237 286 2296 Aristotele
310 2236 432 2295 servatis
452 2236 546 2313 adjeci
564 2238 588 2294 ol
606 2238 705 2313 πρῶτοι
722 2233 768 2301 τὰς
786 2234 908 2301 τοιαύτας
953 2239 1152 2316 διῖπροσεῖναιρ
1165 2242 1245 2297 εἰπεῖν
1260 2236 1386 2315 δυναίμην
1401 2237 1419 2295 ἃ
1433 2236 1576 2317 βούλομαι,
1590 2237 1732 2315 βουλοίμην

132 2324 288 2403 πανηγύρεις
300 2324 504 2401 συναγαγόντες,
514 2324 584 2401 quia
595 2324 627 2381 in
635 2322 758 2381 exordio
767 2323 908 2381 orationis
954 2325 980 2384 δὲ
995 2326 1014 2401 δ,
1028 2328 1083 2401 δεῖ,
1099 2324 1186 2385 λαθὼν
1197 2325 1245 2401 μὲν
1255 2323 1303 2395 τὴν
1319 2325 1389 2384 θείαν
1402 2327 1517 2402 νέμεσιν,
1538 2324 1626 2406 φυγὼν
1641 2324 1669 2383 il
1687 2326 1732 2385 τὸν

132 2416 173 2471 nit
185 2412 324 2487 Gorgiam
345 2410 482 2470 laudibus
506 2412 647 2470 extulisse
668 2430 718 2469 eos
742 2414 794 2487 qui
816 2430 907 2487 primi
955 2414 1115 2492 ανορύνπινον
1129 2411 1229 2492 ρθύνον.
1269 2404 1353 2472 Olim
1362 2412 1413 2490 γδιρ
1429 2412 1567 2483 ἐκέκτηντο
1576 2412 1662 2471 ἔνθεον
1683 2412 1730 2489 μὲν

132 2498 299 2577 hujusmodi
314 2513 475 2557 conventus
496 2499 700 2557 instituissent.
719 2497 783 2555 Huc
799 2497 910 2556 accedit
954 2500 1002 2573 τὴν
1017 2501 1124 2581 ἀρετήν,
1139 2498 1298 2581 ἀνθρώπινον
1313 2499 1341 2557 δὲ
1355 2500 1384 2557 τὸ
1398 2500 1501 2569 θνητόν·
1524 2499 1611 2558 πολλὰ
1632 2498 1681 2574 μὲν
1698 2498 1731 2570 δὴ
1786 2562 1791 2569 ,

132 2586 306 2661 Quintiliani
331 2586 487 2644 auctoritas
509 2586 561 2662 qui
576 2583 630 2645 lib.
648 2583 703 2655 lll,
726 2585 754 2656 8,
770 2605 800 2661 9,
818 2604 907 2661 quum
953 2588 984 2647 τδ
997 2586 1235 2667 παριὲν“ἐπιεικίς
1248 2594 1293 2647 τοῦ
1311 2587 1439 2654 αὐθάδους
1460 2586 1562 2644 δικαίου
1577 2586 1732 2666 προκρίνον·

133 2673 315 2731 Aristotelem
338 2676 369 2730 in
392 2672 556 2731 Rhetoricis
587 2685 736 2749 sequatur,
776 2676 906 2761 corgitu,
955 2673 1112 2747 “beotii
1127 2676 1154 2733 δὲ
1165 2674 1246 2751 νόμου
1260 2673 1395 2754 ἀκριύιίας
1407 2672 1492 2748 λόγων
1505 2672 1642 2751 ὀρθότητα·
1655 2677 1733 2732 τοῦτο

132 2761 237 2838 inquit,
253 2768 282 2817 t'u
307 2763 453 2837 Olympico
468 2764 647 2817 laudunicus
666 2767 713 2835 qui
731 2766 819 2834 primi
839 2762 911 2816 talei
955 2762 1103 2840 νομίζοντες
1115 2761 1245 2821 θειότατον
1260 2762 1305 2820 καί
1320 2761 1468 2821 κοινότατον
1480 2760 1569 2837 νόμον,
1590 2759 1621 2819 τὸ
1634 2758 1732 2837 iios-ir

133 2856 307 2906 instituerunt
324 2864 479 2909 conventus.
495 2849 658 2925 Caeteroqui
678 2848 736 2906 nisi
751 2847 822 2905 forte
837 2866 908 2925 prae-
955 2854 993 2929 τῷ
1005 2850 1089 2909 δέοντι
1107 2849 1153 2908 καί
1166 2848 1250 2927 λέγειν
1269 2847 1314 2907 καί
1335 2858 1411 2930 σιγᾷν
1425 2847 1470 2907 καί
1483 2857 1577 2908 ποιεῖν·
1596 2846 1641 2906 καί
1655 2845 1732 2907 δισσὰ

133 2930 219 2998 οὲεοίῑ
232 2937 358 3016 aliquid,
380 2938 416 2997 ad
432 2937 510 3016 quod
529 2937 685 2998 referretur
705 2934 751 3003 τύις
770 2935 908 3007 τοιαύτας,
956 2939 1118 3009 ἀσκήσαντες
1130 2939 1245 3015 μάλιστα
1255 2928 1291 2996 ὧν
1306 2938 1355 3017 δεῖ,
1370 2935 1478 3017 γνώμην
1489 2936 1534 2996 καί
1545 2933 1636 3018 ῥύμην
1646 2934 1669 3010 ⁶,
1683 2935 1731 3008 τὴν

133 3027 294 3085 verisimile
320 3040 364 3086 est
384 3027 554 3104 scriptorem
577 3024 750 3104 simpliciter
776 3023 909 3101 posuisse
957 3029 1005 3101 μὲν
1018 3023 1499 3104 βουλεύσντες,τλ,νδδἀποτελοῦντες·
1514 3025 1668 3105 θεράποντες
1683 3024 1730 3101 μίν

133 3111 179 3180 τδς
202 3112 369 3193 πανηγύρεις.
396 3113 452 3172 Sed
474 3134 535 3174 rem
558 3117 696 3174 incertam
718 3110 908 3190 injudicatam
957 3117 1008 3171 τῶν
1021 3112 1115 3179 ἀδίκως
1126 3113 1333 3193 δυστυχούντων,
1342 3113 1506 3173 retenuit
1516 3116 1568 3172 τῶν
1582 3112 1678 3179 ἀδίκως
1689 3114 1733 3171 ei·

133 3201 324 3279 relinqnam.)
956 3200 1112 3283 τυχούντων,
1122 3200 1240 3268 αὐθάδεις
1250 3199 1351 3282 epigri
1360 3198 1506 3283 συμρέρον,
1517 3198 1658 3279 ἀόργητοιο
1670 3199 1735 3279 πρὸς

173 3308 196 3348 s.
212 3285 314 3367 Ξέρξης
327 3291 342 3348 δ
355 3293 407 3349 τῶν
421 3291 530 3367 Περσῶν
545 3288 620 3356 Ζεύς.
957 3287 987 3346 τὸ
997 3288 1106 3369 πρέπον,
1116 3291 1155 3369 τῷ
1166 3289 1283 3371 φρονίμῳ
1292 3293 1339 3361 τῆς
1348 3288 1455 3368 γνώμης
1463 3288 1587 3354 παύοντες
1599 3288 1631 3347 τὸ
1640 3287 1734 3368 είρρον,

174 3376 183 3452 ί
190 3377 341 3452 Longinus
356 3377 397 3435 De
413 3377 589 3435 sublimitate
612 3376 666 3449 ΙΙΙ,
693 3399 720 3448 ι,
748 3397 764 3434 ο
786 3396 851 3455 pag.
876 3398 911 3435 ιο
957 3375 1079 3454 ὓύρισταὶ
1102 3378 1138 3444 είς
1161 3376 1220 3444 τοὺς
1246 3377 1388 3457 ύύριστοίς,
1409 3379 1514 3454 κόσμιοι
1539 3380 1577 3443 είς
1604 3376 1663 3442 τοὺς
1686 3398 1734 3434 κο-

134 3460 181 3522 ed.
193 3463 299 3521 Weislt.
321 3483 358 3522 ex
372 3464 488 3523 funebri
504 3464 622 3540 Gorgiae
636 3465 796 3542 oratione.)
958 3465 1047 3541 μίους,
1062 3464 1155 3546 ἄρσύοι
1169 3468 1205 3532 είς
1213 3464 1271 3534 τούς
1285 3465 1413 3546 ἀρύύους,
1423 3464 1501 3524 δεινοί
1518 3465 1545 3521 ἐν
1563 3466 1617 3529 τοῖς
1628 3463 1731 3529 δεινοῖς.

174 3569 199 3610 t.
220 3551 306 3616 Γύπες
320 3549 533 3632 ἔμψυχοιτοίροι.
958 3550 1098 3631 Μαρτύρια
1122 3551 1149 3612 δὲ
1174 3551 1271 3612 τούτων
1285 3561 1398 3630 τροπαῖα
1421 3552 1566 3622 ἐστήσαντο
1588 3551 1637 3606 τῶν
1652 3551 1733 3605 πολε·

175 3637 342 3717 (Longinus
352 3639 394 3696 De
409 3639 586 3698 sublimitate
598 3639 653 3711 ΙΙΙ,
669 3661 696 3715 1,
708 3660 724 3696 α
735 3658 799 3716 pag.
817 3661 852 3697 10
862 3639 908 3698 ed.
959 3639 1043 3713 μίων,
1062 3639 1123 3705 Διὸς
1146 3639 1192 3714 μὲν
1208 3639 1349 3716 ἀγάλματα
1362 3683 1371 3713 ,
1394 3636 1491 3695 τούτων
1514 3635 1541 3694 δὲ
1562 3632 1731 3709 ἀναθήματα·

134 3724 242 3784 Weisk.
255 3745 291 3783 ex
306 3727 421 3784 funebri
434 3727 553 3803 Gorgiae
562 3727 723 3804 oratione.)
958 3731 1003 3786 οὐκ
1016 3727 1118 3805 ἄπειροι
1130 3726 1190 3785 οὔτε
1199 3725 1315 3806 ἔμρύτσυ
1327 3723 1431 3804 Ἀρεοτ,
1444 3722 1502 3782 οὔτε
1513 3721 1632 3798 νομίμων
1650 3719 1734 3800 ’upu-

168 3951 191 3998 i.
204 3945 305 4007 Merito,
319 3945 407 4006 Groeci,
423 3946 504 3996 moitis
516 3947 666 3997 admirabiles
684 3947 701 3997 ii
718 3945 796 3998 rideri
809 3946 911 4009 debent,
959 3960 1049 4010 gereni.
1082 3944 1251 3994 iiienimtum
1267 3943 1347 3993 divina
1361 3943 1462 4003 virtute,
1480 3941 1649 3992 iumirumane
1664 3942 1735 4005 ingi-

135 4033 177 4096 qut
188 4032 330 4095 primitates
341 4036 474 4082 conventus
487 4032 651 4084 instituerunt.
960 4035 1027 4085 litate
1052 4032 1145 4097 prediti
1163 4034 1246 4094 erant,
1270 4044 1345 4094 quum
1365 4043 1460 4081 summo
1474 4030 1523 4091 iuri
1545 4029 1735 4079 moderationem

167 4129 191 4173 t.
204 4124 295 4172 xerses
307 4125 431 4172 Persarum
442 4123 543 4184 iupiter.
958 4123 1148 4187 equitatemqne
1159 4125 1184 4170 et
1199 4119 1257 4182 tegis
1270 4119 1365 4169 duritie
1382 4119 1484 4168 rationes
1496 4121 1573 4168 oertaa
1582 4120 1656 4180 etque
1666 4116 1722 4166 itiu-

168 4215 191 4262 3.
204 4213 320 4262 Vultures
334 4212 392 4262 vire
400 4213 517 4275 sepulcra.
959 4215 1021 4261 sires
1030 4210 1098 4271 longe
1105 4209 1288 4272 anteponerent,
1297 4207 1353 4269 quis
1361 4205 1465 4256 divinam
1474 4206 1538 4256 hane
1546 4209 1571 4255 et
1582 4217 1734 4254 communem

168 4303 192 4350 i.
210 4303 284 4350 Porro
294 4300 394 4366 Gorgias
406 4299 497 4350 ideireo
506 4301 629 4352 cimonem
642 4301 675 4352 ait
687 4301 812 4365 pecuniam
829 4303 914 4376 quest:
959 4298 1069 4366 omnium
1083 4296 1159 4359 legem
1176 4295 1420 4357 essearbitrahaniur,
1433 4296 1462 4343 nt
1473 4293 1499 4345 in
1512 4292 1656 4356 temporeid
1666 4291 1731 4354 quod

138 4387 216 4448 visse,
228 4390 255 4435 ut
270 4399 299 4436 ea
311 4390 428 4448 uteretur,
439 4400 510 4437 usum
520 4401 574 4439 esse
588 4392 679 4452 autem,
693 4393 720 4439 ut
731 4389 755 4439 in
766 4389 857 4441 honore
874 4388 915 4440 ira·
958 4385 1029 4436 decet
1038 4385 1110 4435 modo
1117 4384 1232 4445 dicerent,
1241 4382 1314 4432 modo
1324 4383 1438 4441 tacerent,
1448 4381 1520 4431 modo
1530 4381 1642 4442 iacerent,
1651 4393 1737 4443 quom·

140 4473 243 4527 beretur.
960 4487 1008 4536 que
1020 4485 1103 4522 earum
1115 4485 1172 4534 qum
1184 4471 1341 4533 requiruntur
1351 4470 1468 4519 virtutum
1478 4469 1538 4518 duas
1551 4469 1734 4518 marimeexer·

170 4565 194 4610 5.
216 4560 348 4623 Dionysius
368 4561 512 4612 insecundo
531 4561 561 4612 de
578 4562 672 4613 dicendi
692 4564 820 4627 generibus
840 4564 874 4614 ite
885 4564 915 4614 de
960 4561 1073 4621 ruissent,
1086 4549 1234 4622 prudentium
1243 4560 1269 4609 et
1280 4557 1451 4618 tortitudinem,
1460 4556 1558 4606 aiterum
1569 4555 1736 4614 deliberando,

75 4657 77 4662 '
138 4647 386 4712 Gorgiaprouuntiat,
400 4649 456 4712 quin
473 4649 558 4700 ionum
577 4650 629 4712 eius
643 4653 780 4702 orationum
796 4651 916 4701 taiiseiu·
960 4649 1059 4698 aiterum
1075 4651 1153 4709 erepta
1166 4645 1301 4708 eliciendo,
1313 4645 1383 4695 simul
1394 4656 1477 4694 eorum
1488 4644 1532 4706 qui
1544 4642 1664 4693 immerito
1678 4653 1734 4692 cum

139 4735 270 4798 reniersit3
287 4735 397 4786 laudibus
408 4741 488 4787 οοῑειιι
499 4740 653 4802 prosequitur
662 4740 865 4789 eosithenienses
874 4739 915 4801 qui
960 4735 1061 4785 adverse
1076 4734 1172 4783 lorinus
1190 4733 1357 4783 eonliietantur
1372 4732 1502 4794 adiutores,
1519 4729 1592 4780 simul
1609 4729 1735 4779 hominum

139 4821 223 4873 bellica
233 4823 321 4873 virtute
337 4824 506 4886 prestiterunt.
516 4845 528 4869 r
537 4826 595 4890 quid
602 4828 666 4877 enim
675 4828 756 4877 deerat
763 4827 800 4876 his
811 4827 868 4876 viris
877 4839 918 4876 ει·
961 4823 1086 4874 immeritis
1095 4823 1182 4886 opibus
1190 4821 1383 4885 superbientium
1397 4819 1519 4883 punitores
1524 4853 1533 4881 ,
1543 4831 1616 4880 porro
1624 4829 1735 4879 errogan-

141 4922 195 4960 rum
204 4921 292 4970 rernm,
303 4923 362 4972 qrrns
370 4911 428 4960 viris
436 4912 513 4963 inesse
523 4917 633 4976 oportet?
645 4914 708 4973 Quid
719 4927 776 4964 vero
785 4914 857 4964 etium
866 4913 916 4964 ine-
962 4913 999 4960 tes
1010 4909 1049 4959 sui
1059 4909 1194 4971 compendii
1203 4921 1291 4966 rausa,
1301 4909 1407 4984 tenes'ad
1417 4907 1530 4956 decorum
1541 4903 1734 4965 custodiendum,

139 4995 256 5060 rst,quod
265 5007 314 5046 non
323 4999 640 5059 oporteattnesserutinam
649 4999 917 5062 etpossemdieerequae
962 4997 1073 5061 prodenti
1091 4996 1191 5046 consilio
1205 4994 1390 5059 imprudentiam
1403 4993 1528 5057 tollentes,
1544 4992 1654 5055 injuriosi
1666 4992 1691 5040 in
1702 4992 1737 5041 in·

140 5084 210 5146 reio,
223 5085 248 5134 et
261 5083 348 5134 veliem
359 5083 502 5149 dicereque
511 5088 613 5150 oportet,
626 5091 650 5136 et
661 5086 694 5137 ita
705 5081 813 5150 quidem,
829 5091 857 5137 nt
866 5088 916 5137 tam
960 5086 1075 5148 lurioros,
1095 5094 1177 5133 eomes
1192 5088 1218 5134 et
1237 5081 1336 5131 hnmani
1351 5093 1408 5142 erge
1424 5091 1504 5128 eomes
1518 5081 1544 5128 et
1554 5077 1682 5139 humanos,
1697 5075 1735 5124 in·

141 5169 199 5222 deos
214 5171 365 5236 indignantes
378 5171 915 5238 numquamhomuumtnrtdtmettu-
966 5172 1068 5235 trepidis
1083 5170 1194 5235 intrepidi
1211 5167 1552 5232 atqueinpericuiisetroeer.
1585 5165 1680 5228 Quippe
1693 5177 1735 5214 ea·

907 5269 962 5322 143
