3959 5925
739 384 897 450 GORGIAE
920 393 1172 459 FRAGMENTA.
1692 410 1747 462 145

160 508 302 585 θίιικῖιιιιιε
317 522 371 582 lib.
389 521 457 580 Vlll
472 542 536 603 cap,
557 522 604 593 13,
617 525 641 579 'a
664 522 699 580 de
721 522 837 597 Gorgia
851 542 932 581 sene·
1029 543 1064 582 ιι.
1081 521 1193 601 Λέγεται
1216 522 1244 581 δὲ
1259 526 1293 590 ὥς
1309 523 1354 583 καὶ
1373 529 1388 583 δ
1407 526 1517 604 Γοργίας
1532 527 1608 595 αθτδς
1627 530 1751 608 άναγνοθς

160 625 237 681 ctute
247 612 373 669 disserit.
388 636 398 659 ο
410 608 534 683 Gorgias
544 610 643 680 eiiam,
653 609 763 685 inquit,
775 609 933 667 Leontinus
976 609 1020 668 τὸν
1033 609 1171 687 ὁμώνυμον
1185 614 1256 690 αὐτῷ
1272 612 1389 685 διάλογον
1403 612 1466 690 πρὸς
1481 612 1540 682 robe
1552 614 1668 687 συνήθεις
1680 617 1745 697 ἔρη,

160 698 295 759 Isocratis
319 710 348 755 et
371 696 566 774 complurium
588 697 686 770 magni
714 696 824 771 ingenii
847 696 931 754 viro·
977 697 1024 764 Ὦς
1039 700 1126 765 καλῶς
1139 687 1192 757 οἶδε
1209 699 1321 759 Πλάτων
1348 699 1485 775 ίαμόίζειν.
1508 699 1663 781 Ἕρμιππος
1677 705 1705 762 δὲ
1722 708 1750 763 ἐν

158 806 221 843 rum
238 799 397 863 praeceptor·
409 804 461 844 sua
478 784 619 842 sententia
637 783 831 842 felicissimus.
857 782 930 843 Nam
976 790 1014 865 τῷ
1027 786 1087 863 περὶ
1102 786 1212 865 Γοργίου
1230 813 1242 839 α
1258 784 1309 853 Ὧς
1326 787 1477 864 ἐπεδήμησε
1492 790 1586 870 (ρησὶ)
1603 800 1661 857 ταῖς
1675 792 1751 864 Ἀθή-

159 893 249 950 quum
262 874 452 931 centesimum
471 883 500 928 et
518 872 674 947 septimum
692 883 789 945 ageret
804 890 929 953 annum,
975 896 1032 939 ναις
1043 872 1156 953 Γοργίας
1171 873 1237 949 μετὰ
1250 873 1280 931 τδ
1289 875 1449 944 ποιήσασθαι
1463 876 1510 947 τήν
1526 877 1646 937 ἀνάθεσιν
1660 883 1707 949 τῆς
1721 882 1749 937 ἐν

158 960 353 1036 interrogatus
369 971 548 1036 quapropter
568 958 691 1015 tamdiu
711 957 797 1014 vellet
819 959 851 1015 in
871 958 931 1016 vita
975 962 1085 1039 Δελροῖς
1098 962 1190 1018 ἑαυτοῦ
1202 965 1302 1039 χρυσῆς
1317 962 1427 1036 εἰκόνος,
1443 964 1560 1032 εἰπόντος
1572 971 1617 1023 τοῦ
1634 968 1751 1025 Πλάτω-

158 1066 306 1104 remanere
322 1068 329 1103 :
343 1046 419 1116 Quia
431 1044 516 1119 nihil,
534 1044 646 1121 inquit,
664 1042 775 1108 habeo,
793 1044 871 1119 quod
886 1062 931 1100 sc-
976 1068 1018 1111 νος
1032 1045 1075 1104 ὅτε
1090 1037 1159 1105 ε’ίδεν
1172 1047 1267 1117 αὐτόν,
1281 1044 1363 1106 Ἥκει
1379 1054 1444 1124 ἡμῖν
1457 1054 1471 1107 δ
1487 1050 1565 1117 καλός
1577 1074 1606 1109 τε
1625 1054 1670 1111 καὶ
1684 1078 1749 1131 γρυ-

158 1145 300 1191 nectutem
314 1152 405 1190 meam
420 1150 560 1189 accusem.
576 1129 654 1199 Quid
666 1130 722 1187 isto
738 1141 830 1187 tractu
840 1131 931 1187 aetatis
976 1137 1035 1198 σσῦς
1050 1134 1169 1212 Γοργίας·
1184 1133 1257 1213 ἔρηθ
1272 1134 1398 1213 Γοργίας,
1410 1127 1449 1196 Ἦ
1461 1137 1540 1196 καλόν
1558 1160 1588 1214 γε
1603 1141 1630 1196 αἱ
1645 1121 1750 1211 Ἀθῆναι

158 1232 208 1277 aut
222 1221 338 1295 longius
360 1232 410 1277 aut
422 1217 556 1277 beatius?
572 1217 636 1285 Jam
652 1217 773 1274 alterum
793 1217 929 1274 saeculum
976 1219 1022 1276 καί
1038 1218 1094 1278 νέον
1116 1225 1207 1279 τοῦτον
1222 1220 1373 1300 Ἀρχίλοχον
1394 1223 1556 1303 ἐνηνόχασιν.
1580 1220 1698 1284 stallo
1720 1229 1749 1286 δέ

159 1312 308 1385 ingressus
323 1328 417 1385 neque
430 1308 461 1365 in
473 1306 527 1365 hoc
545 1306 692 1382 querelam
705 1305 795 1361 ullam
808 1305 929 1376 invenit,
977 1328 1055 1384 ρασιν
1072 1310 1109 1374 ὡς
1122 1308 1247 1385 ἀναγνοὺς
1263 1312 1277 1365 δ
1292 1309 1402 1387 Γοργίας
1416 1310 1461 1369 τὀν
1476 1312 1616 1378 Πλάτωνος
1630 1315 1747 1391 διάλογον

158 1416 251 1473 neque
261 1398 291 1453 in
303 1396 355 1455 illo
369 1395 500 1472 reliquit.
512 1421 523 1445 ι
537 1393 692 1451 Athenaeus
701 1390 752 1449 lib.
768 1390 863 1468 xllp.
875 1392 931 1461 548
975 1391 1038 1473 πρὸς
1051 1391 1109 1459 τοὺς
1121 1395 1251 1472 παρόντας
1267 1386 1338 1453 εἶπεν
1352 1396 1391 1453 ότι
1404 1396 1476 1455 οὐδὲν
1489 1396 1587 1455 τούτων
1602 1396 1660 1457 οὔτε
1675 1389 1748 1457 εἶπεν

157 1506 192 1542 c:
218 1484 292 1563 πόσῳ
308 1482 359 1563 γάρ
382 1482 478 1541 τούτων
503 1479 611 1560 βελτίων
628 1478 737 1559 Γοργίας
755 1482 769 1535 ὁ
784 1481 931 1551 Λεοντῖνος,
975 1478 1035 1539 οὔτε
1047 1478 1145 1549 ήκουοε
1157 1480 1229 1560 παρὰ
1240 1482 1390 1547 Πλάτωνος.

157 1570 216 1645 περὶ
235 1562 265 1629 ot
287 1593 364 1651 ρησιν
384 1574 398 1627 δ
417 1568 494 1635 αὐτὸς
516 1568 651 1646 Κλέαρχος
672 1568 698 1623 ἐν
719 1569 756 1645 τῷ
778 1564 861 1643 ὀγδόῳ
881 1568 931 1622 τῶν
1016 1566 1186 1642 (Athenaeus
1202 1568 1253 1626 lib.
1265 1568 1305 1627 xi
1319 1589 1384 1647 pag.
1403 1570 1490 1647 505.)

159 1658 221 1731 βίων
235 1656 274 1715 ότι
289 1656 331 1715 itt
345 1655 375 1715 τθ
390 1658 528 1735 σωφρόνως
542 1658 588 1723 ζῆν
603 1652 695 1732 σχεδὸν
712 1650 870 1727 ὀγδοήκοντα
885 1650 929 1724 ἔτη
1020 1671 1056 1711 ιο.
1070 1653 1181 1728 Γοργίας
1195 1654 1242 1729 μὲν
1255 1646 1299 1713 οόν
1315 1657 1487 1728 δΛεοντῖνος,
1501 1656 1534 1714 τδι
1548 1658 1594 1734 μέν
1609 1657 1670 1725 ἴσως
1682 1664 1748 1721 ἀπο-

155 1750 192 1820 τῷ
217 1752 318 1823 φρονεῖν
344 1742 499 1803 ουνεόίωσε.
550 1742 604 1801 Καὶ
616 1740 674 1799 ἐπεί
700 1763 739 1806 τις
759 1740 836 1796 αὐτὸν
851 1738 927 1816 ήρετο
978 1742 1029 1817 ρῶν
1046 1740 1079 1797 τδι
1093 1739 1334 1819 δἐῖρωνευόμενος,
1353 1742 1555 1822 έρη,καθάπερ
1569 1744 1666 1821 ὅλμους
1680 1737 1747 1807 εἶναι

112 1822 117 1830 “
155 1831 206 1889 τίνι
219 1831 306 1905 διαίτῃ
319 1831 453 1910 χριόμενος
464 1828 546 1895 οὕτως
558 1830 678 1904 ἐμμελῶς
690 1826 735 1884 κοιλ
756 1824 824 1901 μετθι
838 1824 930 1896 αἰοθή-
975 1825 1034 1892 τοὺς
1049 1826 1099 1883 ὑπὸ
1113 1830 1163 1883 τῶν
1175 1829 1322 1903 ὁλμοποιῶν
1335 1827 1539 1906 πεποιημένους,
1556 1830 1624 1889 οὕτω
1635 1832 1681 1890 καί
1693 1839 1749 1894 Λα-

158 1940 222 1983 σεως
236 1922 358 1975 τοσοῦτον
374 1916 466 1995 χρόνον
482 1915 600 1989 ζήσειεν,
615 1912 699 1973 Οὐδὲν
712 1910 833 1988 πώποτε,
847 1901 929 1985 εἶπεν,
976 1912 1106 1991 ριοστιίοος
1121 1913 1178 1980 τοὺς
1188 1915 1239 1973 ὑπὸ
1251 1918 1303 1973 τῶν
1316 1917 1482 1997 δημιουργῶν
1502 1920 1697 1995 πεποιημένους·
1709 1913 1749 1979 εί-

156 2006 247 2075 ῆδονῆς
267 2004 352 2063 ἕνεκεν
369 2003 477 2082 πράξας.
528 2002 678 2080 Δημήτριος
707 1999 733 2058 δὲ
754 2005 768 2059 δ
792 1997 931 2067 Βυζάντιος
975 2024 1019 2059 ναι
1032 2000 1084 2081 γάρ
1097 2024 1166 2065 τινας
1178 2002 1388 2080 λαριοοοποιοός.

157 2094 182 2151 έν
203 2091 319 2170 τετάρτῳ
348 2092 419 2173 περὶ,
434 2089 588 2165 ποιημάτων
609 2115 622 2143 α
646 2088 774 2166 Γοργίας,
798 2088 892 2167 φησίν,
916 2093 930 2147 δ
1016 2090 1205 2165 (Aristoteles
1218 2090 1332 2151 Politic.
1350 2092 1406 2167 lli,
1427 2092 1628 2172 οεὉρίζονται
1641 2096 1673 2169 δή
1687 2098 1751 2177 πρὸς

156 2179 289 2245 Λεοντῖνος
301 2176 438 2256 ἐρωτηθεὶς
456 2178 482 2235 τί
496 2178 568 2255 αὐτῷ
581 2173 682 2251 γέγονεν
705 2173 786 2232 αίτιον
800 2180 845 2233 τοῦ
862 2179 925 2254 βιῶ·
973 2173 1023 2244 τήν
1036 2178 1131 2255 χρῆσιν
1146 2176 1256 2247 πολίτην
1267 2177 1311 2237 τὸν
1323 2178 1349 2247 ἐξ
1359 2181 1511 2259 ἀμφοτέρων
1523 2184 1636 2240 πολιτῶν
1649 2184 1694 2240 καῖ
1709 2184 1747 2259 μὴ

155 2289 200 2324 σοι
214 2265 297 2326 πλείω
318 2270 370 2324 τῶν
387 2264 478 2323 ἑκατὸν
489 2266 571 2339 ἐτῶν,
593 2262 658 2341 ἔφη,
674 2261 714 2321 Tb
729 2262 809 2336 μηδὲν
824 2262 929 2322 πώποτε
975 2263 1083 2341 θατέρου
1104 2262 1196 2339 μόνον,
1210 2254 1263 2324 οἷον
1273 2266 1372 2345 πατρὸς
1385 2267 1403 2338 ii
1418 2268 1522 2347 μητρός·
1535 2269 1560 2326 οί
1574 2268 1602 2327 δέ
1619 2270 1664 2329 καί
1676 2274 1746 2330 τοῦτ’

156 2353 242 2431 ἐτέρου
268 2352 352 2411 ίνεκεν
374 2349 556 2423 πεποιηκέναι.
580 2376 593 2401 υ
613 2348 695 2407 Conf.
713 2348 877 2407 Eustathitts
894 2351 930 2408 ad
975 2348 1019 2406 ε’πῖ
1038 2351 1117 2410 πλέον
1134 2354 1264 2424 ζητοῦσιν,
1286 2343 1338 2412 οἷον
1354 2354 1400 2414 ἐπὶ
1414 2356 1536 2421 πάππους
1551 2356 1628 2427 δόοῆ
1649 2359 1747 2437 τρεῖςῆ

158 2440 241 2499 Hom·
254 2440 360 2517 Odyss·
377 2460 407 2517 P·
428 2440 513 2510 ¹413,
530 2437 594 2514 ibi
974 2435 1091 2503 πλείους.
1130 2436 1210 2497 otro
1222 2437 1254 2509 δὴ
1266 2442 1419 2519 ὁριζομένων
1431 2443 1572 2509 πολιτικῶς
1584 2444 1629 2501 καὶ
1637 2445 1747 2523 ταχέως,

196 2548 230 2586 ιε.
257 2528 366 2607 Γοργίας
388 2525 523 2605 ἐρωτηθεὶς
538 2525 602 2604 ποίορ
625 2522 712 2602 διαίτη
733 2522 868 2602 χρώμενος
893 2528 929 2593 είς
976 2523 1102 2601 ἀποροῦσί
1125 2546 1192 2590 τινες
1218 2525 1262 2584 τὸν
1283 2527 1368 2605 τρίτον
1382 2529 1479 2586 ἐκεῖνον
1500 2526 1669 2609 ῆτέταρτον,
1692 2536 1749 2599 πῶς

157 2616 255 2692 μακρὸν
270 2618 355 2695 γῆρας’
365 2606 451 2687 ἦλθεν·
464 2612 548 2673 Οὐδὲν
564 2611 701 2684 οὐδέποτε,
715 2610 763 2689 ἔφη
771 2655 779 2685 ,
795 2611 859 2689 πρὸς
870 2614 931 2683 ἠδο-
974 2607 1050 2667 ἔσται
1064 2610 1180 2683 πολίτης.
1195 2610 1308 2690 Γοργίας
1321 2612 1368 2689 μέν
1385 2605 1427 2673 οθν
1443 2616 1502 2674 κτλ.
1513 2610 1592 2673 Ἐστι
1603 2617 1627 2673 δ’
1639 2616 1748 2676 ἁπλοῦν·

150 2701 201 2775 Ινήν
216 2701 275 2761 οὔτε
291 2701 379 2782 ραγὼν
396 2699 455 2759 οὔτε
466 2700 572 2780 δράσας.
797 2754 799 2759 ,
974 2698 997 2755 εί
1008 2697 1059 2777 γὰρ
1072 2704 1193 2778 μετεῖχον
1205 2699 1274 2758 κατὰ
1286 2700 1329 2760 τδν
1341 2700 1451 2781 ῥηθέντα
1462 2701 1594 2781 διορισμόν
1605 2705 1652 2773 τῆς
1669 2706 1745 2762 πολι-

194 2789 337 2869 [Stobaeus
353 2788 429 2849 Flor.
444 2788 496 2860 (ΙΙ,
512 2790 582 2865 αι.)
790 2799 795 2808 ’
974 2784 1055 2860 τείας,
1062 2777 1346 2857 ήσανθνπολῖτιιικιιῖ
1356 2788 1407 2867 γάρ
1415 2791 1445 2849 οὐ
1452 2788 1561 2848 δυνατδν
1569 2789 1740 2869 ἐφαρμόττειν

195 2896 230 2936 ιε.
244 2879 267 2937 Γ
268 2876 383 2955 οργίαςό
404 2881 537 2942 Λεοντῖνος
552 2875 595 2935 έπί
617 2874 727 2954 τέρματι
748 2872 784 2932 ὧν
800 2877 844 2931 τοῦ
872 2872 929 2951 βίου
973 2871 1193 2946 τθέιιπολίτουῆ
1214 2876 1244 2934 lx
1262 2875 1391 2943 πολίτιδος
1413 2876 1457 2936 ἐπὶ
1470 2881 1521 2936 τῶν
1541 2878 1652 2957 πρώτων
1669 2881 1744 2950 οἰκη-

155 2965 200 3022 καλ
215 2965 366 3044 γεγηρακὼς
387 2954 416 3022 εθ
439 2966 525 3041 μάλα,
541 2964 592 3023 ίιπό
605 2988 673 3031 τινος
690 2963 824 3030 ἀσθενείας
845 2985 927 3022 κατοι-
974 2959 1074 3019 σάντων
1088 2961 1105 3032 ἣ
1118 2963 1291 3041 κτισάντων.)

154 3052 272 3134 ληφθείς,
285 3055 344 3112 κατ’
363 3053 449 3129 ὀλίγον
463 3057 500 3119 είς
522 3053 602 3112 θπνον
623 3052 812 3111 ὑπολιοθαίνων
830 3049 924 3110 ἔκειτο·
1014 3067 1048 3108 ιε.
1074 3048 1114 3108 Τὸ
1126 3048 1174 3124 μὲν
1189 3039 1254 3108 εἶναι
1273 3049 1382 3129 οῖριινίς,
1397 3049 1435 3126 μὴ
1453 3049 1531 3129 τυχδν
1551 3055 1596 3110 τοῦ
1610 3052 1703 3113 δοκεῖν·
1716 3053 1746 3113 τὸ

155 3139 213 3198 tirsi
229 3141 258 3197 δέ
272 3163 311 3206 τις
327 3143 396 3219 αὐτῷ
411 3133 543 3217 προσῆλθε
566 3143 617 3198 τῶν
639 3139 794 3211 ἐπιτηδείων
817 3141 926 3197 ἐπιοκο-
974 3132 1001 3192 δέ
1017 3137 1099 3193 δοκεῖν
1117 3134 1233 3207 ἀσθενές,
1248 3134 1285 3212 μθ
1301 3135 1378 3214 τυχὸν
1390 3142 1436 3195 τοῦ
1451 3127 1526 3198 εἶναι.

155 3227 280 3304 ποόμενος
290 3227 334 3286 καὶ
347 3227 424 3304 ήρετο
434 3225 486 3298 ὅ,τι
498 3227 617 3306 πράττοι,
632 3225 765 3306 δΓοργίας
776 3224 841 3305 ἔφη,
853 3223 924 3296 Ἤδη
1016 3223 1154 3299 (Procius
1166 3223 1201 3280 ad
1213 3223 1329 3282 Hesiod.
1340 3225 1415 3302 Opp.
1428 3245 1458 3302 p.
1472 3226 1527 3292 340
1537 3223 1584 3284 ed.
1597 3223 1746 3288 Gaisford.

155 3337 187 3388 με
200 3318 213 3372 ὁ
225 3313 301 3381 θπνος
316 3314 424 3394 ἄρχεται
437 3315 694 3391 παρακατατίθεσθαι
716 3317 754 3392 τῷ
769 3314 881 3391 ἀδελφῷ.
974 3330 1012 3368 ex
1026 3311 1122 3388 aliquo
1137 3311 1253 3387 Gorgiae
1265 3309 1376 3389 libro.)

194 3403 201 3472 ί
211 3403 337 3460 AElianus
353 3401 418 3461 Var.
444 3401 512 3460 hist.
529 3402 581 3459 lib.
604 3401 632 3459 ll
647 3422 708 3478 cap.
728 3401 776 3460 35.
797 3400 841 3461 cf.
858 3397 924 3456 Sto·
1013 3419 1048 3460 ιτ.
1072 3398 1154 3475 Ἡμῖν
1173 3398 1201 3457 δὲ
1213 3398 1371 3479 κομψότερος
1389 3400 1435 3477 μὲν
1458 3400 1595 3478 ὁΓοργίας
1609 3401 1745 3482 μαίνεται,

153 3487 232 3546 baeus
253 3488 330 3546 Flor.
348 3488 478 3561 cxiiii,
496 3490 545 3550 23.
569 3489 679 3566 Scripsi
702 3491 771 3566 αὐτῷ
792 3487 923 3567 προσῆλθε
975 3483 1088 3543 κελεόων
1113 3485 1150 3562 μή
1171 3486 1200 3544 τδ
1221 3476 1287 3552 εἶδος
1304 3486 1372 3545 iili
1386 3484 1433 3556 τήν
1454 3486 1529 3554 δόξαν
1550 3479 1617 3545 εἶναι
1640 3489 1744 3555 πολλοῖς

157 3575 267 3652 rejecta
280 3575 511 3633 membranarum
524 3576 649 3634 lectione
661 3575 737 3632 αὐτὸν
751 3575 894 3654 παρῆλθε.)
974 3572 1103 3658 γνώριμον
1117 3575 1163 3640 τῆς
1175 3570 1306 3648 γυναικός.

189 3841 223 3882 it.
239 3833 336 3896 Gorgias
347 3836 511 3898 interrogatus,
524 3851 571 3900 qua
585 3838 643 3888 vitre
659 3837 773 3900 degenda
791 3837 881 3887 ratione
894 3836 925 3885 ad
970 3836 1006 3886 sic
1019 3834 1168 3895 respondisse
1188 3851 1195 3881 ι
1217 3853 1229 3875 κ
1244 3833 1358 3894 profecto
1376 3832 1480 3881 Attene
1504 3833 1625 3881 alterum
1640 3831 1710 3882 bunc
1721 3837 1747 3882 et

155 3935 273 3971 summam
295 3925 441 3971 senectutem
465 3925 580 3986 venisset,
603 3937 629 3973 se
648 3924 707 3972 nihil
727 3903 832 3986 unquam
854 3924 926 3972 animi
971 3921 1065 3970 bonum
1084 3919 1266 3969 Archilochum
1285 3920 1412 3968 tuterunt.
1427 3937 1439 3961 ν
1456 3918 1501 3967 Alii
1523 3931 1581 3966 vero
1602 3918 1670 3979 aiunt
1683 3923 1744 3968 Gor·

154 4021 225 4058 causa
239 4021 316 4070 neque
327 4009 458 4058 comedisse
471 4023 549 4072 nequa
560 4011 640 4060 fecisse
652 4010 722 4059 dixit.
946 3999 952 4085 Ι
971 4009 1033 4070 giam
1051 4010 1111 4057 lecto
1121 4007 1227 4056 Platonis
1242 4006 1335 4075 dialogo
1349 4005 1504 4067 presentibus
1513 4005 1667 4054 familiaribus
1676 4017 1742 4053 asse-

186 4100 223 4145 tt.
240 4096 338 4156 Gorgias
350 4096 478 4146 Leontinus
492 4110 567 4158 quum
580 4097 651 4145 morti
664 4097 808 4159 propinquus
822 4109 849 4145 ac
858 4108 924 4145 sene·
971 4107 1081 4157 rorasse,
1095 4095 1154 4144 nillil
1168 4095 1255 4143 borum
1269 4107 1346 4156 neque
1355 4107 1381 4143 se
1391 4094 1542 4155 prolocutum
1552 4106 1617 4151 esse,
1636 4106 1713 4155 neque
1728 4105 1742 4142 e

153 4185 218 4232 ctutc
230 4183 354 4232 confectus
367 4187 445 4246 esset,
456 4185 540 4234 morbo
550 4185 629 4246 aliquo
642 4183 784 4246 implicatus,
799 4183 923 4248 paullatim
970 4183 1068 4232 Platone
1078 4181 1205 4230 audivisse.

154 4284 240 4319 somno
261 4284 389 4333 oppressus
408 4271 515 4333 iacebaf;
535 4285 658 4334 quumque
679 4285 709 4320 ex
728 4271 810 4318 amicis
830 4270 926 4332 quidam
1003 4276 1040 4320 15.
1055 4270 1154 4332 Gorgias
1166 4270 1239 4332 igitur
1257 4270 1401 4330 Leontinus,
1418 4269 1503 4331 partim
1521 4266 1744 4317 fortassedubitnn·

153 4359 268 4406 accedens
286 4358 404 4408 invisendi
421 4369 493 4407 causa
510 4358 540 4406 ab
557 4360 623 4420 ipso,
646 4358 702 4420 quid
725 4361 816 4418 ageret,
838 4358 921 4406 scisci·
970 4361 1007 4408 ter
1023 4359 1106 4419 pmm
1124 4351 1300 4407 dissimulanter
1320 4357 1431 4418 inquens,
1451 4356 1527 4415 dixit,
1541 4355 1744 4417 quemadmodum

156 4447 255 4504 fatetur,
268 4447 336 4506 tam,
354 4445 443 4508 inquit,
460 4459 498 4495 me
515 4458 613 4495 somnus
628 4445 709 4507 incipit
729 4444 793 4493 fratri
813 4458 858 4492 suo
878 4448 925 4492 tra·
971 4445 1082 4496 mortaria
1102 4449 1182 4494 essent
1194 4458 1209 4492 a
1222 4445 1388 4494 mortariorum
1409 4443 1534 4506 opificibus
1554 4443 1653 4505 effecta,
1667 4443 1701 4491 sic
1719 4447 1745 4490 et

152 4533 217 4581 dere.
269 4547 273 4555 ·
970 4534 1098 4582 Larissaeos
1122 4545 1175 4581 esse
1196 4532 1228 4580 ab
1248 4531 1398 4581 effectoribus
1417 4532 1469 4580 sive
1481 4531 1617 4592 parentibus
1634 4542 1744 4593 procrea·

188 4621 223 4666 ii.
237 4621 323 4667 Fertur
337 4620 408 4666 ctiam
424 4619 524 4680 Gorgias
537 4619 587 4680 ipsa
608 4631 683 4680 quum
701 4619 866 4679 cognominem
881 4617 925 4664 sibi
971 4621 1008 4668 fos
1024 4631 1094 4668 :esse
1106 4615 1170 4667 enim
1184 4618 1306 4687 quosdam
1319 4619 1487 4667 Larisaeorum
1501 4618 1625 4666 effectores
1637 4618 1662 4666 et
1675 4615 1743 4677 qussi

151 4702 272 4767 dialogum
300 4706 484 4767 persalutasset,
509 4705 664 4754 familiaribus
687 4705 773 4753 dixisse
791 4721 798 4752 :
816 4724 828 4748 ι
848 4707 926 4760 Quam
969 4707 1076 4768 opifices.
1155 4755 1158 4761 ς

154 4787 214 4838 bene
229 4791 296 4838 Plato
309 4792 355 4839 scit
366 4789 470 4840 sinistris
480 4791 631 4840 sermonibus
645 4803 747 4851 carpere.
759 4809 772 4833 υ
783 4791 926 4851 Hermippus
1003 4798 1039 4842 is.
1052 4795 1137 4854 ipsum
1156 4792 1253 4853 quidem
1272 4805 1338 4854 esse,
1356 4793 1377 4840 si
1397 4804 1444 4840 non
1465 4791 1568 4851 ridetur,
1586 4789 1743 4848 obscuritate3

151 4877 233 4944 autem
247 4876 270 4924 in
283 4876 342 4925 libro
353 4877 383 4926 ds
398 4879 485 4938 Gorgia
497 4878 580 4927 scribit
588 4878 700 4939 Gorgiam
711 4876 809 4925 athenis
820 4889 924 4924 commo·
969 4883 1049 4943 ipsum
1060 4885 1139 4929 antem
1153 4880 1245 4940 videri,
1260 4879 1279 4928 si
1290 4893 1337 4928 non
1350 4881 1400 4942 est,
1411 4879 1570 4929 imbecillitate
1582 4878 1680 4927 laborat.

152 4968 260 5024 ‘alstemi
280 4971 405 5025 P⁰⁵¹q¹¹³¹¹¹
425 4978 521 5014 auitam
535 4965 581 5014 Sibi
597 4963 755 5025 ipsissimam
772 4962 869 5024 D⁰¹1³llis
883 4975 926 5024 l¹0·
1003 4975 1041 5020 17.
1056 4969 1114 5019 iiiiii
1134 4973 1214 5018 autem
1237 4969 1359 5020 venustior
1385 4968 1479 5017 ridetur
1498 4969 1592 5030 Gorgias
1615 4966 1741 5025 sententia,

152 5051 229 5100 siierit
246 5051 397 5114 positamque
412 5052 458 5102 deo
469 5052 621 5114 consecrarit,
636 5051 729 5102 Platoni
749 5052 844 5101 obviarn
865 5053 926 5101 facto
970 5057 1013 5120 qui
1025 5056 1129 5107 mulieris
1144 5069 1192 5106 non
1215 5058 1315 5106 sormam
1335 5055 1376 5106 scd
1398 5054 1484 5105 faniam
1509 5056 1560 5104 rnlt
1579 5054 1663 5104 multis
1687 5066 1741 5104 esse

152 5140 305 5204 dicentique:
323 5159 335 5186 ι
350 5141 429 5192 bonrts
443 5146 469 5192 ct
481 5155 579 5193 aureus
597 5144 703 5204 Gorgias
716 5141 751 5192 ad
770 5155 815 5192 ποι
829 5145 923 5193 veniis
971 5146 1060 5194 notam

258 5236 349 5275 ειιιιοε.
366 5237 436 5274 caer.
452 5239 475 5275 ιι.
1650 5227 1675 5270 ¹⁰
