3959 5925
766 365 1010 427 FRAGMENTA
1031 365 1163 427 vecla.

168 502 218 583 γὰρ
230 499 329 579 γίνεται
342 500 398 577 μετ’
411 498 543 564 αἷσθάσιος
551 504 573 570 ⁸,
589 488 641 558 οἷον
652 498 742 575 θυμός,
755 498 848 571 ἇδονοί,
859 498 948 580 ρόόος·
971 506 976 521 ’
997 499 1194 575 σημαινόμενα,
1212 488 1250 566 οἷς
1263 521 1334 559 ποκα
1347 497 1507 577 Ι’χρώμενος
1524 498 1659 577 ἅνθρωπος
1671 501 1779 569 ἐκπλη-

167 588 324 650 πεπονθέναι
338 588 365 647 δὲ
382 586 488 648 δύναταί
507 611 533 646 τι
551 587 596 646 καὶ
622 588 683 647 ἄνευ
702 588 848 662 αἰσθάοιος,
868 581 950 648 οἶονθ
997 595 1036 665 poi
1051 587 1180 646 τὸτέλεον
1191 590 1243 644 τῶν
1257 588 1342 665 λόγοιν
1352 586 1506 665 σύνταγμα,
1521 587 1705 667 ποτιδιορίσθω
1719 588 1781 648 ποτέ

167 675 246 755 κηρὸς
258 674 346 742 τακείς
362 674 407 733 καί
426 674 535 745 δπηλὸς
550 674 693 751 ξηρανθείς.
737 674 852 752 Ὁμοίως
867 674 895 734 δέ
906 676 952 734 καί
995 698 1025 751 γε
1039 683 1092 743 τοῖς
1105 673 1265 753 εἰρημένοις,
1280 673 1320 733 ὅτι
1333 674 1382 733 τὰν
1396 676 1548 756 ἐῳαρμογδιν
1565 675 1662 734 τούτων
1674 676 1780 738 πάντων

167 763 197 823 τὸ
211 763 315 840 ποίημα
330 766 375 822 τοῦ
389 761 553 829 πεπονθότος·
576 762 606 822 εδ
627 764 674 838 μὲν
698 762 750 843 γάρ
769 763 889 835 ποιηθὲνθ
906 764 952 821 καί
996 767 1043 821 οὐκ
1058 762 1163 848 «liebri
1179 762 1330 840 ἄνθρωπος,
1346 766 1433 823 ἀλλ’θ
1453 765 1490 830 τὶς
1504 764 1638 843 ἄνθρωπος
1657 766 1782 846 ἐπιδέχε-

167 850 280 911 πέπονθέ
292 873 363 922 πως,
382 850 412 909 τὸ
431 849 458 908 δὲ
472 852 597 918 πεπὸνθθς
611 853 658 911 οὐκ
672 852 765 917 εὐθέως
780 850 948 922 πεπόηται·ο
996 875 1052 913 ται.
1068 850 1120 910 Καὶ
1130 850 1181 930 γὰρ
1193 850 1267 909 ποιὸν
1276 850 1518 928 άνάγκακαίπάλιν
1528 851 1621 924 ποσόν,
1633 854 1677 911 καὶ
1687 858 1781 919 uertet

168 939 277 999 diverat
291 931 342 1017 γάρ
355 936 511 998 πεπονθέναι
525 962 551 997 τι
569 940 614 997 καὶ
632 938 690 998 κατ’
710 938 809 999 ἔνδειαν
823 940 869 998 καὶ
882 938 952 998 κατὰ
996 962 1052 1005 πως
1061 939 1141 1018 ἔχενε
1154 938 1198 995 τὸν
1209 939 1267 997 τινδι
1278 939 1467 1018 ἄνθρωπονκαὶ
1481 939 1540 997 ποιί·
1552 940 1591 997 ἔτι
1603 938 1630 997 δὲ
1641 939 1723 1000 ττοὲνθ
1736 946 1782 1003 καί

167 1028 299 1107 στέρησιν.
996 1026 1099 1107 πάσχεν
1109 1032 1120 1060 ⁸
1131 1026 1176 1084 xci
1184 1033 1286 1086 κεῖσθαι
1297 1029 1342 1086 καί
1355 1028 1413 1106 ἔχεν
1428 1028 1519 1086 cdxci
1529 1031 1556 1087 ἐν
1569 1028 1642 1109 τόπῳ
1655 1020 1722 1104 ἦμεν
1735 1034 1780 1092 καὶ

209 1116 400 1195 (Simplicius
426 1116 463 1173 ad
481 1116 603 1176 Aristot.
627 1116 724 1192 Caleg.
748 1116 767 1177 f.
791 1136 844 1175 τοι
863 1119 894 1193 b,
915 1135 952 1174 ex
996 1116 1075 1174 ποκά.
1087 1114 1170 1182 Αὐτὸς
1189 1113 1445 1197 δὲὸάνθρωπος,θς
1456 1116 1503 1174 τάν
1513 1115 1620 1197 πρώταν
1630 1119 1780 1197 ἐπιδέχεται

167 1205 301 1282 Archytae
323 1203 401 1263 libro
417 1203 478 1282 περὶ
498 1207 543 1261 τοῦ
570 1202 676 1269 παντός.
697 1204 787 1263 Posui
806 1214 836 1261 τ’
859 1202 952 1261 οἶσθά·
997 1202 1143 1280 σημασίαν·
1161 1201 1231 1279 λέγω
1250 1202 1278 1261 δὲ
1292 1202 1364 1263 -ότιῑ
1382 1205 1412 1261 τὸ
1432 1203 1458 1263 τί
1478 1208 1532 1263 ἐντι
1549 1204 1619 1264 κατδι
1641 1206 1689 1265 τδν
1710 1207 1780 1267 ἰδέαν
1862 1216 1864 1222 ’

126 1336 131 1346 .
168 1293 317 1367 σιοςςίίίντί
333 1292 489 1364 αἰσθήσεως.
507 1290 703 1363 -θποηθὲνς
720 1292 805 1351 codd.
831 1290 950 1361 ποιηθὲν.
996 1288 1203 1357 οιίτεποιόταςῑ1
1219 1290 1272 1349 ἐντί
1288 1291 1347 1350 οὔτε
1361 1290 1485 1365 παλίκος,
1499 1291 1780 1375 οὔτεποκδιῑγεροντι·

167 1387 229 1427 --c
244 1378 393 1452 πεπόηται,
406 1379 494 1437 codd.
509 1376 681 1455 πεποίηται.)
964 1402 966 1407 ·
996 1381 1048 1444 κῶς
1062 1376 1148 1456 ἔχων,
1161 1378 1219 1438 οὐδὲ
1231 1379 1284 1457 μὰν
1297 1380 1382 1439 ποέων
1393 1403 1420 1437 τι
1434 1380 1452 1450 ἢ
1471 1380 1599 1459 πάσχων,
1615 1380 1675 1440 οὐδὲ
1690 1384 1780 1461 κείμε-

1721 378 1776 427 tta

208 1490 245 1531 aa.
264 1467 304 1528 Τὸ
320 1466 367 1545 μέν
382 1468 435 1525 ἐντι
449 1466 544 1544 ποέον,
561 1466 591 1526 τὸ
612 1466 639 1525 δὲ
653 1468 767 1545 πάσχον·
785 1456 838 1526 οἷον
858 1469 885 1525 ἐν
899 1473 953 1532 τοῖς

169 1559 300 1637 φυσικοῖς,
324 1554 402 1615 ποέον
420 1556 471 1631 μὲν
493 1558 506 1614 ὁ
527 1553 599 1629 θεός,
613 1558 716 1635 πάσχον
735 1554 795 1613 did
817 1554 883 1627 lla,
907 1553 953 1613 καί

168 1645 245 1704 ποέον
259 1641 344 1701 δὲκαὶ
358 1640 461 1719 πάσχον
474 1640 507 1699 τδι
521 1647 648 1720 στοιχεῖα.

209 1729 400 1810 (Simplicius
418 1728 455 1786 ad
475 1729 595 1788 Aristot.
612 1728 709 1805 Categ.
732 1729 752 1787 f.
782 1750 836 1787 τοο
858 1728 888 1804 b,
916 1748 953 1787 ex

170 1817 400 1895 Archytaelibro
414 1815 475 1895 περὶ
493 1820 540 1875 τοῦ
555 1815 662 1883 παντός.
679 1814 804 1875 Restitui
820 1830 863 1875 ter
876 1814 952 1874 ποίαν

169 1927 223 1985 pro
238 1906 371 1965 codicum
384 1904 510 1963 lectione
524 1902 620 1964 ποιέω.
634 1903 642 1985 )

209 2014 247 2055 at.
262 1998 311 2055 Τῶ
329 1993 357 2054 δὲ
378 1992 461 2073 ἔχεν·
476 1991 541 2052 ἴδιόν
564 1993 638 2052 iveti
658 1992 688 2051 τὸ
709 1994 848 2053 ἐπίκτατον
863 1996 909 2052 καί
924 1994 953 2052 τὸ

170 2082 362 2163 κεχωρισμένον
379 2091 424 2150 τᾶς
439 2082 521 2149 ὧσίας
532 2090 544 2120 ⁰
557 2084 719 2158 σωματῶδες
735 2081 865 2161 θπάρχον·
878 2080 909 2141 τό
923 2105 951 2140 τε

169 2171 265 2231 λώπιον
289 2170 335 2228 καί
359 2167 394 2227 τδι
411 2168 571 2247 ὑποδήματα
594 2168 671 2250 ἕτεροι
692 2174 730 2228 τῶ
750 2168 854 2249 ἔχωσας
868 2167 953 2228 ὄνταἀ

170 2258 227 2317 οὔτε
252 2258 455 2338 συμπεράκαντι
478 2260 549 2339 αὐτῷ
572 2258 631 2319 οὔτε
649 2261 702 2337 μδιν
724 2260 952 2343 συμόεόάκαντρθ,

170 2346 258 2430 ὥσπερ
284 2346 435 2427 χαροπότας
455 2347 500 2405 καί
523 2347 647 2425 μανότας·
673 2346 793 2407 τούτωνΙ
815 2349 867 2426 γάρ
892 2348 954 2407 ἕκα-

170 2458 229 2496 στον
245 2436 396 2511 ἀσώματον,
413 2435 472 2492 ἀλλ’
486 2432 576 2516 ὥσπερ
590 2434 620 2493 ab
641 2438 720 2512 σῶμα
734 2436 779 2494 καί
802 2436 831 2495 τὸ
846 2436 953 2495 ἐπίκτα·

169 2546 224 2584 τον.
358 2586 361 2591 ,
578 2574 582 2585 .

209 2611 391 2692 (Simplicius
412 2611 447 2669 ad
470 2611 591 2670 dristot.
620 2610 717 2687 Categ.
743 2611 763 2671 f.
795 2612 848 2669 135
866 2611 899 2682 b,
919 2634 953 2671 ex

171 2700 308 2778 Archytae
331 2700 409 2759 libro
424 2700 485 2780 περὶ
505 2704 551 2757 τοῦ
566 2698 674 2765 παντός.
692 2701 803 2778 Scripsi
827 2712 858 2757 :¹
881 2698 954 2779 ἔχεν,

171 2789 243 2849 libri
257 2787 337 2867 ἔχειν.
354 2822 395 2834 -
407 2788 420 2827 b
433 2790 505 2861 ἕντι,
523 2786 592 2845 libri
605 2789 671 2849 tort.
683 2821 725 2834 -
736 2790 748 2819 ⁰
760 2788 854 2860 ὢσίας,
870 2788 954 2846 codd.

170 2876 267 2942 οὐσίας.
280 2910 321 2922 -
331 2890 343 2927 d
355 2880 392 2935 τῶ
408 2875 512 2956 ἔχοντος
522 2876 603 2950 ὄντα,
619 2876 706 2935 codd.
720 2880 767 2935 reli
777 2875 881 2955 ἔχοντός
893 2877 954 2934 ἕντι.

170 2999 209 3012 -
234 2971 246 3000 ‘⁵
269 2963 486 3044 συμόεθάκαντι,
529 2965 704 3025 membranae
743 2964 952 3042 συμὸεόήκαντι.

170 3086 207 3098 -
217 3053 226 3092 ¹
238 3051 353 3124 τούτων;
371 3052 442 3112 libri
456 3054 561 3130 τοῦτο.)

997 1490 1039 1533 νος
1051 1467 1111 1525 οὐδὲ
1134 1467 1202 1546 ἔχων
1217 1490 1258 1539 τι,
1276 1466 1336 1525 οὐδὲ
1361 1470 1387 1524 ἐν
1407 1468 1480 1547 τόπῳ
1500 1469 1546 1527 καὶ
1560 1468 1631 1528 ποκδι
1645 1470 1781 1552 ὑπάρχων·

997 1554 1084 1612 πάντα
1098 1555 1246 1634 γάρτοῦτο
1258 1565 1369 1633 quoted<
1380 1555 1462 1621 ὠσίας
1471 1552 1484 1588 ¹
1494 1554 1539 1614 καί
1547 1568 1700 1633 σωματικοῖς
1715 1584 1782 1638 συμ.

998 1641 1108 1718 όάματά
1122 1645 1193 1715 ἐντι,
1205 1644 1264 1701 ἀλλ’
1281 1645 1310 1701 οὐ
1324 1652 1418 1708 vaurd<
1430 1643 1475 1702 καί
1489 1643 1605 1715 ἀκινήτῳ
1615 1643 1662 1703 καὶ
1673 1652 1779 1727 προσέτι

997 1752 1026 1804 γε
1044 1730 1165 1807 ἀμεροῦς.

1039 1818 1223 1897 (Simplicius
1246 1818 1283 1876 ad
1309 1820 1431 1879 Aristot.
1449 1818 1547 1895 Categ.
1569 1820 1589 1881 l.
1617 1831 1670 1890 nlo
1692 1840 1720 1895 a,
1746 1839 1783 1878 cx

997 1906 1133 1983 'Archylae
1145 1906 1225 1965 libro
1239 1908 1300 1984 περὶ
1315 1911 1360 1966 τοῦ
1377 1905 1484 1972 παντός.
1504 1906 1638 1985 Scripsi:
1652 1917 1664 1943 ⁸
1678 1907 1782 1989 ἔχοντι,

998 1995 1081 2057 codd.
1092 1993 1198 2073 ἔχουσι.
1211 2027 1250 2038 -
1260 1993 1368 2068 ι’ττοκα;
1381 1995 1450 2053 libri
1458 2018 1531 2053 ποτε.
1540 2030 1579 2042 -
1589 1995 1683 2075 ‘lxm
1695 1997 1781 2055 codd.

998 2081 1080 2162 ἔχειν.
1095 2116 1136 2129 -
1150 2081 1164 2119 θ
1177 2081 1257 2155 ποίη
1273 2082 1357 2140 codd.
1372 2084 1457 2143 ποιέν.
1478 2117 1518 2127 -
1532 2087 1544 2116 ⁰
1558 2084 1677 2162 πάσχεν,
1699 2084 1782 2141 codd.

997 2170 1120 2249 πάσχειν.
1138 2203 1178 2217 -
1190 2170 1200 2206 ¹
1214 2170 1274 2250 ἔχεν
1286 2195 1326 2243 τις
1339 2171 1424 2229 codd.
1440 2169 1511 2251 ἔχεν.
1526 2203 1566 2217 -·
1579 2170 1673 2249 ‘ile'roa
1692 2170 1720 2229 δὲ
1729 2169 1783 2243 ὅτι,

999 2258 1069 2317 libri
1080 2259 1198 2335 λέγωδὲ.
1209 2257 1273 2306 -²¹
1283 2258 1485 2333 rovira<31ibt·i
1496 2260 1612 2331 ποιότης.
1624 2293 1664 2306 -
1678 2260 1685 2298 ί
1698 2258 1783 2333 ποκά,

999 2346 1067 2406 iibri
1084 2347 1157 2407 ποτὲ.
1172 2383 1210 2393 -
1222 2346 1234 2382 ¹
1246 2347 1340 2420 ὧσίας;
1355 2348 1425 2407 iibri
1440 2346 1555 2424 οὐσίας’)
1708 2358 1711 2363 ’

1039 2455 1077 2495 οε.
1102 2436 1156 2495 Καὶ
1176 2435 1245 2495 κατὰ
1263 2436 1342 2512 νόμον
1361 2436 1407 2494 καί
1427 2436 1496 2495 κατὰ
1522 2438 1599 2517 φύσιν
1624 2439 1784 2497 ἀντικεῖσθαι

1000 2523 1123 2589 ettilo<
1136 2522 1242 2600 λέγεται
1255 2523 1289 2581 τά
1301 2523 1349 2600 μέν
1358 2526 1482 2595 ἐναντία,
1497 2515 1551 2581 οἷον
1571 2525 1669 2599 αἰγαθδν
1689 2527 1783 2603 κακῷ,

999 2612 1044 2668 καὶ
1056 2610 1123 2689 ὑγιὲς
1139 2611 1277 2684 κάμνοντι,
1288 2611 1332 2669 καί
1349 2611 1443 2683 ἀληθὲς
1461 2613 1560 2691 ψευδεῖ·
1575 2612 1609 2668 rit
1624 2613 1651 2670 δὲ
1669 2614 1705 2677 ὣς
1719 2610 1786 2678 ἕξεις

1000 2698 1138 2778 στερήσει,
1161 2690 1213 2757 οἷον
1237 2698 1292 2767 (ond
1309 2699 1430 2778 θανάτῳ,
1452 2700 1498 2757 καὶ
1518 2700 1608 2776 ὅρασις
1628 2698 1783 2779 τυρλότατι,

1000 2785 1045 2843 καί
1066 2786 1203 2862 ἐπιστάμα
1225 2785 1303 2865 tolle·
1326 2784 1359 2843 τὰ
1378 2785 1406 2843 δὲ
1428 2790 1464 2852 ὡς
1476 2785 1537 2845 nori
1556 2785 1583 2843 τί
1599 2810 1655 2853 πως
1668 2784 1779 2864 ἔχοντα,

1000 2863 1053 2933 οἷον
1066 2875 1203 2933 διπλάσιον
1218 2874 1326 2951 ἡμίσει,
1348 2874 1429 2954 ἄρχον
1443 2873 1583 2955 ἀρχομένῳ
1600 2879 1645 2933 καὶ
1661 2873 1785 2943 δεσπόζον

1002 2964 1193 3044 δεσποζομένῳ·
1209 2966 1242 3021 τδι
1256 2961 1283 3021 δὲ
1298 2967 1333 3030 ὡς
1355 2964 1503 3044 κατάφασις
1520 2964 1668 3045 άποράσει,
1690 2954 1743 3023 οἷον
1755 2965 1786 3022 τὸ

975 3063 979 3080 ·
1002 3051 1136 3130 ἄνθρωπον
1150 3043 1217 3125 ἦμεν
1231 3055 1270 3131 τῷ
1285 3049 1322 3124 μὴ
1341 3044 1407 3126 ἦμεν
1421 3052 1555 3131 ἄνθρωπον
1579 3052 1625 3112 καί
1647 3051 1678 3110 τὸ
1703 3075 1786 3111 σπου-

209 3160 245 3201 ασ.
268 3140 345 3202 Ἐπεί
355 3140 388 3199 Ιδὲ
402 3141 476 3209 τέλος
498 3140 586 3220 ἔχοντι
600 3153 613 3184 ⁸
627 3141 660 3200 τδι
679 3140 842 3217 σημαίνοντα
862 3141 954 3202 καὶτὰ
996 3132 1073 3197 δαῖον
1087 3131 1154 3211 ἦμεν
1168 3143 1206 3219 τῷ
1222 3140 1259 3216 μὴ
1276 3131 1354 3217 ἦμεν.

171 3418 318 3480 perturbatio
335 3418 375 3467 illa
393 3431 532 3468 cumaenau
553 3418 682 3480 conjuncta
700 3421 751 3482 eat,
767 3418 955 3481 quatiamine,
1005 3417 1086 3478 lpsnm
1100 3417 1238 3479 hominem,
1251 3417 1292 3467 aed
1305 3421 1398 3467 eertum
1413 3419 1534 3467 hominem
1549 3417 1684 3466 admittere.
1733 3418 1786 3489 dte·

171 3505 294 3568 voluptas,
305 3509 398 3568 metus;
409 3512 434 3556 at
447 3506 561 3558 allectum
573 3519 627 3556 erae
638 3506 727 3569 aliquid
737 3505 810 3556 etiam
822 3507 873 3556 sine
884 3519 956 3558 sensu
1002 3504 1053 3553 nim
1064 3517 1162 3554 necesse
1171 3507 1207 3554 eet
1219 3505 1360 3566 qualitatem
1373 3508 1398 3555 el
1413 3518 1496 3554 ruram
1508 3505 1669 3566 quantitatem
1677 3505 1702 3552 et
1711 3503 1785 3552 ratio-

172 3595 264 3654 potest,
281 3596 377 3644 ulcera
394 3593 523 3657 liqnelacta
543 3596 567 3645 el
580 3594 660 3644 lutum
676 3595 818 3645 arefactum.
836 3595 953 3644 Similiter
1002 3606 1058 3642 nem
1070 3593 1191 3655 quandam
1203 3592 1234 3642 ad
1247 3592 1338 3654 aliquid
1351 3593 1438 3642 habere
1456 3595 1548 3642 eertum
1567 3592 1702 3652 hominem,
1713 3590 1787 3653 idque

172 3679 244 3729 etiam
269 3692 329 3743 opus
341 3680 423 3731 diliert
437 3681 468 3730 ab
482 3682 580 3744 allecto;
600 3682 665 3743 quod
685 3682 751 3732 enim
767 3682 916 3742 factumest,
931 3684 954 3732 id
1001 3679 1105 3740 alicubi;
1120 3682 1236 3741 praeterea
1246 3692 1316 3741 agere
1331 3681 1356 3728 et
1369 3680 1417 3740 pati
1429 3682 1453 3728 et
1465 3680 1545 3740 jacere
1555 3683 1581 3728 et
1592 3678 1681 3729 lrabere
1696 3678 1786 3742 aliquid

172 3768 351 3829 quodammodo
369 3769 441 3818 eliam
452 3769 567 3818 allectum
586 3770 636 3830 eet3
652 3770 719 3833 quod
739 3776 822 3820 antem
840 3772 956 3821 alterium
1001 3768 1074 3828 atque
1087 3770 1141 3816 tum
1151 3767 1260 3828 inspalio
1273 3769 1325 3816 tum
1338 3765 1470 3828 aliqnando
1481 3778 1542 3815 esse.
1557 3769 1588 3816 lt
1598 3767 1649 3829 ipse
1663 3766 1737 3816 lnome
1748 3771 1787 3816 eet

172 3858 223 3917 eet,
242 3855 323 3905 idnon
345 3857 428 3906 elatim
449 3857 602 3918 misertum,
624 3858 683 3920 quia
706 3857 786 3920 inopia
801 3871 900 3921 qnoque
917 3859 954 3908 vel
1002 3858 1043 3921 qui
1062 3859 1169 3920 priorem
1186 3856 1252 3905 illam
1267 3857 1465 3918 significationem
1484 3857 1590 3908 admittit
1609 3871 1616 3900 ι
1635 3857 1691 3908 dieo
1704 3861 1786 3908 autern

173 3943 307 4001 privatione
318 3944 441 4007 corrumpi
453 3945 539 4006 potnit.
1002 3945 1106 3994 hominia
1128 3939 1240 3995 naturam
1259 3947 1370 4007 reapectu
1395 3943 1457 3996 ideae
1474 3959 1553 4008 neque
1571 3947 1713 4009 qualitatem
1735 3960 1788 3996 esse

205 4034 242 4079 23.
261 4033 315 4080 Una
326 4031 423 4093 quidem
435 4045 490 4094 pars
499 4036 599 4082 actuosa
612 4037 662 4094 eal,
674 4034 750 4083 altera
764 4046 821 4084 vero
835 4035 955 4097 patibille;

174 4116 278 4167 velutin
292 4119 366 4168 rebus
382 4119 535 4170 naturalibus
546 4118 609 4171 deon
620 4123 657 4172 eet
666 4124 790 4184 actuosae,
804 4123 903 4172 materia
917 4137 957 4184 pa·

173 4203 263 4268 tibilia,
277 4206 319 4256 sed
329 4207 400 4257 simul
413 4211 514 4258 actuosa
524 4209 596 4258 simul
610 4210 719 4272 patibilin
733 4212 860 4261 elementa.

205 4297 245 4344 tl.
270 4294 379 4345 liabendi
404 4297 499 4359 propria
515 4300 650 4348 estnatnra
672 4301 725 4348 tum
745 4300 883 4350 adventicia
904 4304 956 4349 tum

174 4386 266 4433 remota
279 4397 294 4432 a
308 4384 459 4448 substantia,
472 4386 529 4448 quia
545 4399 662 4450 corporea
678 4390 723 4448 ent,
735 4391 864 4453 vestesque
874 4392 897 4440 et
907 4390 956 4438 eal·

172 4474 385 4534 ecamenta'quum
397 4474 491 4523 diversa
504 4475 553 4525 sini
569 4476 600 4526 al)
613 4476 653 4525 illo
668 4477 709 4539 qui
732 4477 761 4526 iia
776 4479 859 4537 ulitur,
878 4491 957 4540 nuque

172 4561 313 4611 coaluerunt
327 4574 383 4610 cum
395 4574 424 4610 eo
438 4575 516 4623 neque
527 4565 695 4627 consentiunt,
706 4566 860 4615 utcaeruleua
873 4567 957 4616 oculo·

174 4661 227 4698 rum
238 4650 303 4699 eolor
313 4649 351 4699 vel
365 4649 443 4700 camis
458 4651 542 4701 raritas
556 4652 691 4714 (siquidem
705 4653 788 4704 talium
801 4668 882 4706 rerum
898 4669 958 4704 nua-

172 4750 276 4799 anqne
294 4737 434 4800 incorporea
452 4740 489 4788 est
498 4739 522 4801 ),
534 4740 576 4790 sed
587 4743 614 4790 ut
625 4753 713 4805 eorpus
727 4743 752 4792 et
768 4742 899 4792 adventicia
916 4756 956 4792 na·

1002 4047 1080 4093 neque
1096 4037 1170 4082 certae
1182 4033 1275 4094 atalia,
1294 4046 1372 4095 neque
1385 4033 1455 4082 senili
1468 4034 1547 4096 specie
1567 4047 1690 4098 unquam,
1708 4047 1788 4096 neque

1002 4122 1134 4184 quidquam
1149 4121 1188 4172 vel
1199 4135 1269 4184 agere
1280 4121 1318 4171 vel
1332 4121 1397 4183 pali,
1411 4135 1488 4183 neque
1505 4121 1584 4184 jacere
1603 4135 1682 4184 neque
1701 4122 1789 4172 babere

1002 4210 1153 4272 quidquam,
1174 4224 1253 4274 neque
1268 4211 1310 4261 ‘vel
1322 4210 1350 4261 in
1360 4211 1438 4273 spatio
1455 4211 1492 4261 vel
1508 4224 1617 4274 unquam
1639 4223 1695 4261 ease
1710 4230 1717 4260 ι
1735 4212 1789 4261 llaec

1002 4299 1066 4349 enim
1080 4299 1161 4349 omnia
1173 4300 1315 4350 arrhatantiae
1326 4299 1443 4350 naturalis
1456 4305 1482 4349 et
1494 4313 1626 4362 corporeae,
1643 4313 1690 4349 non
1699 4300 1788 4349 intelli·

1002 4387 1081 4449 gibills
1099 4389 1244 4439 etimmolo
1268 4390 1341 4451 atque
1364 4389 1462 4450 iusuper
1481 4388 1554 4438 etiam
1577 4387 1709 4437 individuae
1731 4390 1789 4438 aunt

1003 4478 1098 4524 eventa.

1036 4569 1075 4612 ιο.
1091 4565 1121 4612 lit
1133 4564 1186 4624 lege
1198 4568 1223 4614 et
1238 4565 1325 4614 natura
1344 4563 1453 4627 opposita
1471 4563 1516 4613 albi
1537 4576 1600 4614 ease·
1612 4563 1726 4614 dieantur
1740 4563 1788 4612 alia

1004 4651 1032 4700 ol
1045 4651 1181 4713 contraria,
1198 4652 1264 4702 verbi
1277 4653 1353 4714 gralia
1369 4652 1460 4702 bonum
1472 4653 1546 4713 malo,
1558 4656 1583 4701 et
1594 4651 1701 4703 validum
1713 4666 1788 4716 aegro,

1004 4745 1029 4792 et
1041 4756 1126 4792 verum
1141 4743 1201 4792 lateo
1211 4743 1277 4793 ralia
1290 4747 1317 4793 ul
1331 4742 1429 4792 habitus
1439 4742 1578 4805 privationi,
1593 4741 1699 4804 exempli
1716 4755 1789 4792 cauea

174 4828 238 4874 lure.
1005 4830 1054 4879 rita
1068 4832 1150 4891 morti,
1162 4834 1187 4880 et
1201 4831 1266 4881 viana
1279 4830 1392 4892 caecitati,
1406 4833 1431 4880 et
1441 4829 1540 4879 scientia
1554 4829 1688 4879 oblivioni:
1704 4829 1750 4879 alla
1761 4830 1790 4879 ut

206 4917 244 4962 25.
263 4914 343 4969 Quum
359 4927 417 4965 vero
429 4914 496 4965 fruita
508 4915 557 4965 sint
570 4916 643 4966 verba
658 4917 816 4980 significantia
826 4920 850 4968 et
862 4921 957 4970 notabi-
1005 4919 1122 4967 rationem
1143 4919 1266 4980 quandam
1286 4919 1317 4968 ad
1338 4917 1429 4980 aliquid
1452 4917 1579 4978 lnalvenlia,
1599 4918 1668 4967 velut
1687 4917 1789 4981 duplum

173 5000 221 5060 lu,
232 4999 320 5062 quibus
334 5001 447 5052 adinibitis
457 5003 530 5053 immo
544 5004 673 5067 aliquando
683 5005 814 5067 perlectam
827 5008 957 5058 verborum
1004 5010 1158 5068 comparatur
1169 5006 1285 5065 dimidio,
1298 5007 1422 5070 imperans
1432 5006 1544 5067 subiecto
1557 5008 1582 5056 et
1594 5005 1722 5056 dominans
1732 5005 1789 5055 obe

173 5089 411 5151 comprehensionem
437 5091 542 5155 complet
567 5111 574 5142 ι
599 5095 763 5155 superioribus
790 5097 959 5158 explicationis
1004 5095 1099 5144 diruti:
1118 5094 1164 5144 alia
1176 5097 1205 5145 ut
1221 5095 1354 5146 allirmatio
1372 5095 1505 5159 negationi,
1521 5094 1590 5145 velot
1602 5091 1741 5145 immanitas
1755 5095 1790 5143 in·

173 5171 247 5232 gralia
258 5170 386 5234 addamus,
399 5174 486 5224 inarum
499 5175 606 5226 omnium
616 5189 697 5227 rerum
708 5179 896 5229 convenientiam
910 5194 957 5230 non
1004 5183 1163 5245 humanitati,
1176 5183 1235 5234 item
1247 5184 1350 5247 probum
1362 5198 1415 5236 ease
1427 5189 1452 5236 et
1464 5197 1513 5234 non
1525 5196 1579 5235 ease
1591 5183 1704 5246 probum.
