3959 5925
754 439 806 501 DE
826 432 1075 497 Puorteost.
1578 474 1581 481 .
1648 445 1724 488 επεν

104 572 284 655 suptilitate
291 575 328 639 είς
336 571 367 631 τὸ
380 569 546 651 δικαστήριον
555 568 694 650 ἐκρίνοντο·
708 570 753 629 ὀτε
764 571 810 628 καί
822 572 898 649 πρῶ-
943 563 1215 635 zenob.ccnt.1tl‚
1240 564 1277 621 θα
1301 564 1442 639 locosque
1461 580 1478 619 a
1502 558 1726 619 Schneldewino
1823 628 1827 647 .

104 662 153 722 τόν
168 660 287 743 φασιτδν
301 661 414 742 Κόρικα
428 659 537 739 τοιαότῃ
549 660 600 719 τινί
609 661 725 741 χρῆσθαι
736 658 905 738 ἐπιχειρήσει·
944 658 1083 717 εοίΙεεευο
1107 654 1301 730 Paroemiogr.
1326 651 1421 711 Graec.
1450 664 1522 711 tom.
1552 649 1567 707 l
1593 670 1624 727 p.
1658 668 1724 723 ευρ.

110 750 239 828 λέγοντα,
254 747 348 815 uetes
360 771 390 807 τε
405 747 506 829 νικήσῃ
516 748 562 808 έόν
576 771 606 807 τε
624 748 682 823 μή,
696 747 788 805 λαόεῖν
800 746 898 829 ὀφείλει
946 744 1103 822 Utcunque
1123 754 1178 815 est,
1203 743 1285 801 litem
1309 742 1391 800 illam
1409 742 1505 799 fictam
1529 750 1666 817 putamus
1687 739 1725 799 ad

105 840 155 897 τὸν
172 836 274 915 μισθόν·
284 838 397 909 νικήσας
420 837 480 913 μέν,
505 836 546 895 ότι
571 837 700 909 ὀνίκησεν·
716 835 831 917 λειφθείς
850 836 896 915 δι’,
945 846 1079 893 contorta
1092 846 1121 892 et
1133 832 1263 891 aculeata
1276 831 1455 909 sophismata
1469 827 1642 887 deridenda.

105 924 231 986 κατδιτδν
240 930 288 993 τῆς
298 925 451 1005 συμφωνίας
460 924 546 1003 λόγον.
560 923 788 1004 Ὧμολόγησιγδιρ
797 926 869 1004 αὐτῷ
884 927 898 983 ό
985 922 1084 981 Restat
1100 933 1133 980 ut
1145 921 1275 979 breviter
1294 918 1330 977 de
1343 918 1512 994 Protagorae
1531 929 1625 975 morte
1639 936 1729 995 expo·

112 1012 242 1079 ἀντίδικος
254 1010 401 1070 ὀποδόισιιν
421 1011 466 1070 τόν
482 1011 592 1089 μισθόν,
609 1011 655 1071 tte
670 1011 718 1084 τὴν
732 1011 840 1092 πρώτην
858 1033 898 1067 νι-
944 1032 1023 1072 narn.
1039 1012 1133 1086 Quum
1148 1010 1197 1067 vir
1218 1021 1247 1066 et
1269 1007 1455 1065 doctissimus
1469 1018 1498 1065 et
1515 1004 1680 1065 ditissimus
1694 1006 1727 1064 in

112 1101 186 1179 κήσῃ
198 1100 284 1172 δίκην,
299 1098 332 1171 ἣν
352 1099 459 1159 αθτόθεν
477 1098 587 1172 νικήσας
609 1100 707 1179 ὀφείλει
722 1098 770 1171 τήν
784 1098 899 1177 ὑπόσχε-
945 1087 1095 1180 principio
1109 1095 1180 1155 libri
1190 1114 1276 1173 quem
1292 1095 1329 1152 de
1343 1095 1402 1153 diis
1417 1093 1581 1153 confecerat
1595 1112 1628 1151 ac
1639 1093 1727 1171 paulo

109 1212 156 1249 σιν
179 1188 337 1266 χρεολυτεῖν.
358 1184 572 1265 Θυρυόηαᾶντυν
593 1186 621 1244 δὲ
641 1190 694 1245 τῶν
715 1188 847 1245 δικαστῶν
862 1188 898 1251 ὡς
944 1202 1011 1248 ante
1023 1187 1205 1257 recitaverat,
1223 1184 1267 1243 sic
1281 1184 1438 1262 posuisset,
1454 1187 1498 1239 De
1509 1186 1679 1258 divisaeque
1692 1195 1726 1238 οι

113 1278 205 1335 δίκαια
232 1273 351 1349 λίγυντνς
374 1277 470 1350 αὐτοῦ,
492 1273 657 1349 capelades
684 1272 744 1341 τοὺς
767 1274 860 1352 λόγους
882 1275 896 1330 ὅ
944 1286 1003 1335 rint
1017 1296 1105 1351 neque
1118 1286 1149 1332 ut
1158 1294 1213 1332 non
1221 1281 1287 1344 rint,
1303 1274 1392 1331 habeo
1403 1275 1498 1329 dicere
1514 1274 1596 1329 :haec
1610 1269 1727 1329 dubita·

112 1362 217 1429 νεανίας
230 1364 269 1441 τῷ
287 1363 360 1439 αιἰτῷ
382 1360 569 1441 ὀπιχειρήματι
584 1362 667 1439 μηδὲν
683 1361 804 1440 μεταθεὶς
817 1363 900 1441 έχρῆ-
943 1366 989 1441 tio
1013 1365 1045 1423 in
1069 1363 1166 1422 varias
1194 1360 1437 1440 reprehensiones
1460 1360 1597 1417 incurrit.
1623 1358 1727 1436 ltaque

112 1476 151 1512 το.
168 1449 259 1510 «Ἐάν
280 1474 309 1509 τι
327 1449 379 1529 γδρ
396 1448 532 1522 νικήσω,ν
547 1448 638 1529 φησίν,
655 1476 669 1504 ι
684 1448 730 1508 ἐόν
746 1453 898 1523 τινικηθῶ,
947 1453 1086 1512 Euathlus
1100 1469 1207 1509 nomen
1221 1450 1285 1523 ejus
1300 1451 1337 1506 de
1350 1450 1498 1526 impietate
1515 1445 1617 1505 detulit
1632 1465 1728 1504 reum·
1769 1466 1771 1471 ·

111 1543 160 1599 οὐκ
183 1538 282 1619 ὀφείλω
304 1537 349 1596 τὸν
375 1538 467 1615 μισθόν
484 1539 627 1597 ἀποδοῦναι
652 1536 764 1616 Κόρακι·
785 1536 898 1609 νικήσας
947 1561 1004 1620 que
1029 1540 1190 1619 postulavit
1213 1536 1291 1616 apud
1312 1536 1515 1613 Pythodorum
1539 1535 1670 1613 Polyzeli
1696 1536 1730 1593 li-

110 1626 173 1704 tss't,
186 1626 229 1686 &t
249 1624 368 1697 ‘titum'
391 1624 505 1700 lacerate
517 1625 564 1698 δί,
582 1624 651 1683 κατέ
670 1624 715 1684 tit
728 1628 776 1696 τῆς
789 1648 898 1706 suppu-
948 1630 1020 1688 lium
1038 1629 1091 1706 qui
1106 1639 1169 1687 erat
1181 1627 1212 1685 in
1229 1624 1450 1704 quadringentis
1469 1624 1541 1701 (35).
1564 1621 1605 1681 Ea
1618 1622 1727 1681 delatio

112 1715 170 1781 νίας
184 1712 272 1792 λόγον.
296 1712 470 1794 Ὑπεσχόμην
491 1713 543 1794 γὰρ
566 1712 712 1772 ἀποδώσειν
736 1712 781 1771 τὸν
794 1713 897 1792 μισθόν,
946 1735 1067 1777 suntme.
1079 1715 1224 1793 voluptati
1241 1714 1295 1771 fuit
1309 1712 1532 1791 quadringentis
1547 1711 1663 1769 inlinita
1676 1730 1727 1789 pe·

113 1803 160 1863 έδν
173 1800 223 1874 τήν
244 1800 353 1882 πρώτην
373 1801 474 1874 νικήσω
497 1801 582 1875 δίκην·
604 1801 716 1882 λειφθείς
732 1800 760 1859 δέ
771 1803 819 1861 οὐκ
833 1802 901 1861 ἀπο-
947 1806 1043 1863 cuniae
1059 1803 1219 1882 cupiditate
1233 1800 1437 1878 flagrantibus.
1459 1799 1558 1876 Neque
1579 1800 1657 1857 enim
1672 1798 1728 1857 du-

117 1891 207 1953 δόισω.
224 1918 237 1943 ι
250 1892 299 1957 Εἰς
313 1889 413 1969 ἐποχὴν
426 1890 453 1951 δέ
467 1889 513 1949 καί
531 1889 642 1969 ἀπορίαν
655 1889 771 1957 ἐλθόντες
785 1892 809 1949 οἱ
824 1891 900 1950 δικα·
946 1892 1081 1952 hitabant
1106 1910 1279 1970 quacunque
1302 1891 1338 1949 de
1358 1892 1457 1949 causa'
1473 1888 1607 1947 homines
1635 1888 1730 1965 capite

113 1979 176 2037 σταὶ
188 1976 232 2037 ecl
242 1976 290 2049 τὴν
301 1978 461 2036 ἰσοσθένειαν
470 1980 523 2035 τῶν
534 1976 677 2058 ῥητορικῶν
690 1976 774 2055 λόγοιν
787 1976 900 2058 άμφοτί·
947 1982 1140 2040 condemnare
1153 1980 1224 2063 (36).
1240 1979 1426 2059 Quapropter
1440 1979 1616 2053 Protagoras
1628 1976 1730 2054 impie·

116 2090 174 2145 ρους
188 2064 310 2134 έξὲόαλον
323 2069 370 2123 τοῦ
382 2065 555 2145 δικαστηρίου
576 2064 790 2147 ἐπιφωνήσαντος
798 2065 829 2125 ab
845 2091 859 2119 ι
870 2069 901 2125 δκ
946 2070 1014 2128 tatis
1024 2069 1145 2128 crimine
1156 2080 1304 2126 accusatus
1314 2068 1491 2143 simulatque
1502 2064 1590 2123 saluti
1599 2082 1659 2121 suae
1675 2064 1729 2123 de·

115 2159 201 2213 κακοῦ
215 2153 328 2234 κόρακος
348 2153 430 2212 κακδν
450 2151 510 2215 ὠόν.
532 2179 545 2206 ν
566 2153 640 2211 Cum
654 2153 741 2212 Sexto
756 2155 901 2212 consentit
947 2157 1092 2237 speravit,
1110 2156 1177 2231 suga
1191 2155 1282 2213 vitam
1296 2173 1409 2213 seruare
1422 2153 1553 2211 decrevit
1564 2164 1725 2227 nactusque

113 2240 393 2301 JoannesSiceliota
403 2242 699 2320 IlortopaterProleg.
714 2242 791 2320 apud
805 2242 896 2300 Walz.
946 2246 1111 2305 naviculam
1132 2243 1259 2303 Siciliam
1286 2252 1389 2302 versus
1403 2244 1469 2301 vela
1485 2241 1603 2299 direxit.
1633 2240 1671 2297 ht
1697 2242 1729 2301 in

115 2343 187 2388 torn.
201 2328 239 2387 l'l
250 2348 317 2407 pag.
337 2330 372 2385 13
385 2348 445 2406 seq.
459 2330 517 2388 nisi
530 2329 610 2408 quod
619 2328 716 2388 Tisias
732 2330 900 2390 adolescens
946 2335 1013 2413 ipso
1023 2335 1130 2393 itinere
1144 2333 1298 2392 submerso
1311 2332 1428 2408 navigio
1443 2329 1656 2407 aquishaustus
1673 2344 1727 2389 est.

115 2438 134 2475 a
149 2418 260 2477 Corace
273 2416 384 2475 dicitur
405 2418 593 2496 impetrasse,
607 2418 736 2494 duplicis
757 2419 900 2477 mercedis
946 2424 1052 2484 Utrum
1086 2424 1118 2481 in
1145 2421 1281 2480 exsilium
1311 2420 1421 2497 ejectus
1451 2438 1488 2476 an
1521 2418 1608 2475 morti
1645 2418 1728 2477 addi.

114 2526 168 2584 spe
189 2517 349 2578 ostentata,
371 2517 404 2564 ut
417 2525 448 2565 se
471 2507 669 2583 eloquentiam
695 2506 823 2565 doceret.
842 2506 900 2577 Qui
947 2524 1011 2571 ctus
1025 2512 1063 2570 sit
1079 2510 1116 2568 ab
1141 2506 1378 2578 Atheniensibus,
1396 2526 1456 2565 non
1475 2504 1590 2565 laboro.
1608 2504 1681 2564 Nam
1693 2524 1739 2564 ea·

114 2614 207 2672 quum
227 2594 350 2652 multum
368 2592 431 2670 jam
453 2594 639 2671 profecisset,
657 2592 839 2671 ήγνημόνησε,
855 2594 901 2653 καί
946 2600 983 2657 de
1004 2618 1035 2657 re
1051 2598 1229 2656 dissentiunt
1243 2608 1367 2653 veteres.
1384 2592 1491 2662 Libros¹
1505 2604 1581 2650 cette
1595 2590 1660 2668 ejus
1674 2612 1729 2649 un-

117 2704 207 2762 φησιν·
231 2679 304 2748 λε’ξον
324 2703 386 2757 μοι,
410 2678 516 2760 Κόραξ,
537 2681 582 2741 τδν
599 2684 647 2752 τῆς
664 2685 804 2761 ῥητορικῆς
827 2681 897 2761 ὅρον.
946 2686 1036 2762 dique
1052 2684 1233 2763 conquisitos
1252 2684 1284 2741 in
1308 2686 1447 2740 concione
1474 2679 1642 2738 combustos
1666 2684 1730 2738 ess'e

115 2769 189 2829 ‘032'
202 2792 292 2850 putu·
305 2767 473 2848 ·Ῥητνρῑκή
483 2770 539 2827 ἔστι
552 2774 655 2836 πειθοῦς
665 2767 829 2849 δημιουργός.
843 2768 900 2831 νὈ
946 2774 1024 2833 inter
1044 2788 1176 2832 auctores
1202 2774 1338 2829 contenit
1362 2770 1431 2846 (37).
1459 2768 1504 2841 lta
1524 2766 1730 2842 Protagoram,

116 2853 146 2913 δὲ
160 2856 265 2924 Τισίας
278 2854 451 2931 «susceperi
465 2878 506 2914 σοι
517 2860 573 2928 νῦν,
582 2883 594 2908 ¹·
603 2854 684 2936 φησί,
699 2856 781 2935 «περὶ
795 2859 847 2916 τῶν
859 2881 900 2932 μι·
947 2882 1029 2942 paene
1041 2860 1312 2941 septuagenarium,
1328 2859 1489 2917 mortalitas
1510 2868 1665 2914 consecuta
1683 2868 1730 2915 est

113 2947 186 3003 ὠῶν
197 2989 208 3022 ι
221 2943 268 3004 “i
282 2946 305 3002 ‘i
315 2944 361 3021 pu
373 2942 476 3020 1ηίΰων
489 2946 519 3004 ⁰²3
538 2944 615 3004 δώσω
627 2942 685 3011 τοὺς
704 2944 823 3022 μισθούς·
834 2948 858 3004 εἰ
872 2944 899 3007 δέ
947 2951 1075 3012 secundo
1088 2948 1274 3030 Olympiadis
1289 2946 1486 3024 nonagesimae
1499 2944 1632 3005 secundat
1652 2965 1730 3005 anno

114 3032 157 3110 μὴ
172 3033 273 3104 πείσω,
291 3033 415 3098 ὡσαύτως
435 3036 465 3092 οὔ
487 3032 578 3104 δώσων
598 3024 642 3093 νῖν
664 3032 701 3108 μα)
717 3032 808 3109 octbr
823 3035 898 3116 παρὰ
947 3039 1011 3100 οῐνα
1027 3053 1096 3098 ante
1107 3039 1177 3097 Chr.
1202 3045 1270 3113 (ιι,
1287 3049 1440 3116 postquam
1464 3035 1659 3113 quadraginta
1675 3053 1729 3113 per

116 3124 167 3180 συθ
181 3120 212 3182 τό
234 3119 342 3182 πείθειν.
364 3120 425 3183 «Ὁ
438 3121 466 3180 δέ
485 3120 576 3201 Κόραξ
598 3121 740 3203 ἀνέστρεφε
762 3123 809 3181 καί
827 3117 908 3204 φησν
946 3148 1040 3187 annos
1066 3125 1285 3206 philosophiam
1307 3137 1337 3182 et
1360 3124 1557 3202 eloquentiam
1580 3121 1730 3201 professus

113 3235 129 3263 ι
141 3207 294 3286 Δυιόσομαι
304 3207 387 3284 κάγό·
398 3208 443 3268 καί
453 3212 476 3267 εἰ
488 3209 536 3286 μέν
550 3209 651 3285 πείσω,
665 3214 700 3278 ὥς
709 3210 803 3280 πείσας
816 3213 899 3295 beilo-
947 3230 1036 3276 totam
1051 3215 1197 3275 Graeciam
1212 3234 1272 3273 non
1289 3214 1377 3272 modo
1399 3213 1497 3289 gloria
1523 3225 1552 3269 et
1572 3210 1730 3295 splendore

115 3315 177 3372 μαλ’
192 3298 216 3354 ‘l
228 3297 256 3360 δὲ
271 3295 310 3372 psl
325 3295 424 3372 πείσω,
444 3297 490 3356 καὶ
504 3294 576 3374 ὀμως
589 3299 728 3378 λήψομαι,
749 3301 840 3372 ἐπειδὴ
857 3325 901 3374 τη·
947 3305 1077 3363 nominis
1092 3305 1156 3377 sui,
1176 3322 1280 3362 verum
1295 3303 1382 3361 etiam
1393 3301 1587 3359 admiratione
1596 3298 1726 3377 comple·

113 3387 236 3444 λικοῦτον
256 3383 384 3466 ἐξέθρεψα
399 3385 534 3464 μαθητήν,
557 3390 592 3454 ὡς
605 3388 651 3446 καὶ
668 3393 720 3446 τῶν
735 3389 899 3450 διδασκάλων
946 3395 991 3452 vit
1003 3395 1075 3471 (38).

115 3482 261 3555 κρατεῖν.»
277 3471 398 3536 Ὄθενοί
418 3478 613 3552 παρεστηκότος
628 3475 775 3550 έόοήθησαν
796 3484 900 3538 ακακόῠ
988 3481 1068 3540 Licet
1098 3493 1193 3541 autem
1216 3480 1407 3538 Athenienses
1432 3479 1463 3535 in
1486 3477 1640 3535 clarissimi
1668 3475 1729 3533 viri

113 3560 227 3641 κόρακος
236 3564 318 3620 κακόν
332 3560 392 3623 ὀιόν.
413 3588 426 3614 ι
445 3562 517 3622 vide
537 3565 624 3622 etiam
639 3564 754 3642 Proleg.
771 3567 809 3625 ad
832 3569 902 3627 ller·
947 3572 1056 3648 scripta
1082 3569 1233 3640 saevirent,
1260 3567 1331 3626 adeo
1357 3576 1390 3623 nt
1415 3562 1549 3642 plerique
1572 3561 1636 3638 ejus
1659 3558 1730 3618 libri

89 3696 96 3711 .
117 3650 250 3724 mogenis
267 3649 447 3710 Rhetor.ed.
460 3651 685 3713 Walz.tom.lll
700 3673 766 3732 pag.
788 3657 899 3734 riseq.
921 3724 926 3741 ¹
948 3659 1064 3716 llamma
1085 3656 1307 3716 absumerentur
1334 3676 1341 3711 ι
1363 3667 1457 3711 tamen
1470 3651 1603 3729 quaedam
1627 3669 1729 3708 eorum

146 3872 199 3934 (35)
209 3873 327 3935 Diogenes
337 3871 446 3922 breuius
459 3873 501 3922 lih.
516 3875 559 3936 tx,
572 3877 600 3922 st
613 3893 620 3924 t
632 3875 781 3937 κατηγόρησε
792 3877 817 3926 δὲ
829 3877 901 3926 αὐτοῦ
922 3884 925 3921 1
945 3876 987 3940 σία
998 3876 1022 3925 ἐν
1035 3875 1095 3938 μέσῃ
1112 3881 1141 3939 τῇ
1159 3875 1233 3939 ἀγορᾷ
1244 3873 1401 3923 κατέκαυσαν.
1417 3874 1505 3921 Sextus
1517 3870 1656 3933 Empltlcus
1667 3869 1726 3920 adv.

114 3943 256 4008 Πυθόδωρος
272 3947 421 4006 Πολυζήλου,
433 3943 466 4002 είς
475 3950 522 3995 τῶν
533 3947 700 4011 τετρακοσίων·
714 3950 870 4012 Ἆρισταττλης
879 3950 901 3999 δ’
944 3947 1022 3996 Math.
1034 3945 1078 3996 lib.
1092 3949 1134 4004 tx.
1149 3951 1179 3994 ὅθ
1190 3965 1196 3992 ι
1210 3944 1264 4008 παρ’
1274 3945 1303 4002 ήν
1315 3943 1391 3992 αἰτίαν
1405 3941 1502 3990 θάνατον
1514 3943 1586 3990 αὐτοῦ
1596 3943 1728 4003 καταψηφι-

116 4014 222 4062 Εὺαθλόν
244 4032 323 4078 φησιν.
347 4017 440 4078 -(36)
463 4015 500 4067 Cf.
515 4017 624 4080 struem.
649 4018 692 4068 lib.
714 4022 783 4080 utu,
805 4023 844 4069 70.
867 4047 900 4057 -·
944 4020 1052 4080 σαρένων
1063 4023 1110 4066 τῶν
1124 4017 1248 4075 Ἀθηναίων
1257 4013 1489 4078 διαφυγὼνκαὶκατά
1499 4014 1612 4061 θάλατταν
1625 4011 1726 4066 πταίσας

117 4085 168 4145 (37)
184 4084 302 4146 Diogenes
317 4086 426 4136 metius
445 4085 487 4135 lib.
508 4089 552 4149 lx,
570 4093 621 4138 θός
640 4089 697 4149 φησὶ
708 4090 733 4137 δὲ
752 4089 899 4153 Φιλόχορος,
944 4089 1052 4137 ἀπέθανε.
1069 4087 1188 4136 Eusebius
1201 4085 1337 4136 ultronot.
1353 4083 1494 4133 θίνετούτου
1505 4082 1620 4139 ΙΑθηναῖοι
1633 4081 1674 4136 τὰς
1689 4077 1726 4142 βί-

111 4155 226 4210 slim<
240 4156 312 4204 αὐτοῦ
335 4157 359 4212 lt
376 4156 482 4205 Σικελίαν
501 4159 543 4217 τήν
557 4163 614 4208 ναῦν
633 4161 845 4218 καταποντισθῆναι
859 4161 900 4208 καὶ
923 4160 1013 4259 ρόλους
1030 4157 1174 4221 ἐψηφίσαντο
1190 4162 1286 4206 καῦσαι.
1307 4157 1415 4204 oranter.
1434 4154 1524 4203 Auecd.
1546 4152 1622 4202 Petis.
1639 4151 1699 4200 totu.
1717 4151 1729 4198 1

113 4229 186 4273 τοῦτο
197 4224 340 4274 αἰνίττεσθαι
360 4227 488 4289 Εὐριπίδην
506 4227 530 4278 έν
549 4235 584 4292 τῷ
594 4229 679 4287 Ἰξίονι·
699 4229 756 4280 ἔνιοι
778 4230 839 4281 κατὰ
858 4233 900 4291 τήν
924 4261 926 4270 ·
945 4245 974 4294 p.
992 4234 1035 4280 171-
1049 4245 1055 4277 :
1068 4231 1119 4279 εἶτα
1134 4227 1305 4292 Πρωταγόραν,
1316 4226 1421 4278 Εὐάθλου
1430 4225 1490 4281 τινδς
1499 4229 1546 4274 τῶν
1563 4225 1672 4286 μαθητῶν
1686 4236 1728 4270 συ-

114 4296 171 4344 oses
186 4296 321 4354 τελευτήσειε
334 4297 420 4357 αὐτόν,
440 4299 562 4360 βιώσαντα
579 4300 620 4357 ἀτη
634 4303 691 4364 πρὸς
706 4301 737 4353 τὰ
753 4301 898 4361 ένενήκοντα.
945 4303 1132 4362 κοφαντήσαντος
1147 4300 1225 4350 αὐτόν.
1240 4299 1298 4349 Vid.
1311 4298 1367 4348 adn.
1377 4297 1409 4346 ed
1419 4297 1503 4358 fragm.
1516 4303 1540 4345 ν,
1553 4321 1584 4333 -
1595 4295 1645 4354 (38)
1661 4294 1729 4344 Plato

116 4365 287 4428 Ἀπολλόδωρος
302 4367 327 4415 δέ
348 4384 417 4428 φησιν
433 4369 602 4432 έόδομήκοντα·
622 4377 777 4434 σοφιστεῦσαι
796 4374 821 4422 δέ
844 4389 899 4422 τεσ-
944 4373 1079 4432 ldeuon.p.
1094 4379 1121 4422 st
1135 4385 1142 4418 t
1157 4371 1210 4420 οἶδα
1223 4370 1268 4433 γὰρ
1283 4370 1353 4434 ἄνδρα
1365 4370 1405 4418 θνα
1417 4365 1576 4430 Πρωταγόραν
1588 4363 1663 4414 πλείω
1674 4364 1729 4428 χρή-

114 4436 251 4500 σαράκοντα
271 4437 326 4497 ἔτη,
345 4439 385 4486 καὶ
406 4439 517 4501 ἀκμάζειν
538 4442 600 4489 κατὰ
617 4443 659 4499 τὴν
683 4442 793 4506 τετάρτην
812 4444 853 4491 καὶ
874 4443 901 4492 δ
946 4455 1008 4493 ιιατα
1023 4441 1168 4504 κτησάμενον
1187 4441 1234 4490 ἀπὸ
1254 4439 1338 4496 ταύτης
1348 4445 1389 4497 τῆς
1405 4437 1512 4501 σοφίαςῆ
1531 4435 1626 4484 Φειδίαν
1643 4451 1680 4496 γε,
1699 4434 1726 4490 ἀς

111 4507 262 4566 γδοηκοστὴν
277 4508 417 4570 ὀλυμπιάδα.
450 4509 518 4559 Ἔστι
536 4513 622 4569 καὶείς
641 4515 722 4562 τοῦτον
740 4515 808 4575 ήμῶν
824 4513 899 4570 οὕτως
945 4511 1008 4558 οὕτω
1017 4517 1147 4574 περιφανῶς
1163 4513 1224 4560 καλὰ
1236 4511 1292 4574 ἔργα
1308 4512 1437 4573 εἰργάζετο,
1460 4509 1500 4556 καὶ
1513 4508 1595 4562 ἀλλους
1609 4507 1667 4556 δέκα
1681 4511 1729 4556 τῶν

112 4575 180 4638 έχον·
202 4577 250 4625 Καὶ
263 4583 322 4639 σεῦ,
338 4580 482 4642 Πρωταγόρη
490 4618 504 4645 ,γ
529 4581 596 4642 φάτιν
618 4583 709 4643 ἔκλυον,
731 4585 763 4640 ὡς
782 4584 818 4646 ἀφ’
835 4587 898 4641 Ἀθη·
944 4579 1149 4642 ἀνδριαντοποιῶν.
1164 4582 1248 4630 Καίτοι
1260 4584 1324 4645 τέρας
1336 4583 1422 4640 λέγεις,
1435 4581 1487 4628 slot
1497 4578 1537 4638 μὲν
1547 4579 1726 4641 tetrasemos

113 4647 199 4694 muts
219 4647 272 4696 ποτ’
291 4650 334 4697 ἰὼν
351 4650 404 4698 καθ’
420 4651 473 4700 θδδν
491 4653 590 4716 πρέσόος
601 4653 646 4702 ἐὼν
665 4654 750 4710 ἔθανες·
773 4657 846 4704 είλετο
855 4655 900 4722 γάρ
944 4648 1090 4712 ἐργαζόμενοι
1104 4653 1134 4699 τά
1146 4651 1250 4711 παλαιά,
1269 4654 1309 4700 καὶ
1329 4653 1359 4700 τὰ
1373 4650 1454 4713 ἱμάτια
1474 4649 1624 4711 ἐξακούμενοι
1643 4650 1727 4698 οὐκᾶν

114 4731 143 4764 σε
156 4721 235 4777 φυγεῖν
250 4719 370 4781 Κέκροπος
384 4718 459 4775 πόλις·
473 4721 531 4770 ἀλλὰ
543 4723 573 4770 σὺ
585 4725 626 4784 μεν
645 4740 691 4771 που
706 4723 827 4780 Παλλάδος
840 4725 900 4774 ἄστυ
923 4722 927 4766 l
944 4720 1050 4769 δύναιντο
1065 4723 1140 4771 λαθεῖν
1152 4722 1266 4788 τριάκονθ’
1276 4725 1361 4786 ἡμέρας
1378 4721 1535 4785 μοχθηρότερα
1551 4719 1725 4780 ἀποδίδοντεςὴ

112 4789 199 4846 eust.
216 4789 325 4837 Πλουτέα
344 4788 424 4838 δὀὐκ
443 4790 532 4854 ἔφυγες.
554 4793 715 4842 Philostratus
726 4805 786 4855 pag.
807 4800 835 4842 ts
858 4793 898 4842 ed.
922 4768 1075 4860 )οιαρε’λαόον
1093 4794 1123 4842 τὰ
1144 4794 1226 4856 ἱμάτιά
1245 4810 1271 4842 τε
1290 4796 1330 4842 καὶ
1356 4793 1505 4854 ὑποθήματα·
1521 4790 1571 4840 ἀλλ’
1584 4793 1604 4840 cl
1629 4797 1727 4841 τοιαῦτα

113 4857 233 4917 heysem
245 4859 283 4907 διὰ
299 4859 341 4921 μὲν
355 4865 425 4909 τοῦτο
436 4861 479 4922 (τό
499 4862 595 4927 ἀπορεῖν
607 4863 720 4924 φάσκειν,
731 4863 777 4912 εἶτε
791 4865 836 4913 εἰσὶ
851 4865 898 4914 θεοὶ
922 4867 926 4936 (
943 4869 1034 4912 ποιοῖεν
1050 4865 1110 4924 ταγὺ
1123 4865 1151 4911 ἂν
1169 4869 1204 4927 τῷ
1224 4867 1284 4926 λιμῷ
1304 4863 1449 4913 ἀποθάνοιεν·
1466 4861 1623 4925 Πρωταγόρας
1640 4863 1665 4911 δὲ
1681 4863 1727 4924 ἀρα

112 4929 162 4975 ῑῖῗῑ
171 4929 216 4976 ⁰⁸3²
228 4929 297 4991 ῑῖσί),
305 4931 383 4988 πάσης
390 4938 431 4992 γῆς
439 4934 485 4982 ὑπὸ
496 4933 621 4991 Ἀθηναίων
630 4935 721 4996 ἠλάθη,
733 4936 765 4990 ὡς
778 4935 820 4996 μέν
829 4952 898 4998 τινες,
922 4942 926 4983 1
943 4935 999 4990 ὅλην
1008 4933 1050 4989 τὴν
1065 4933 1166 4982 Ἐλλάδα
1174 4934 1283 4983 ἐλάνθανε
1294 4933 1431 4996 διαφθείρων
1448 4931 1501 4990 τοὺς
1520 4933 1723 4994 συγγιγνομένους,

112 4999 213 5058 mitit·
226 5001 258 5056 s:
269 5003 295 5049 δὲ
306 5001 373 5057 ἐνίαις
383 5004 461 5064 δοκεῖ,
471 5003 550 5066 ψήφου
560 5006 723 5069 ἐπενεχθείσας
740 5006 773 5066 μὴ
789 5007 896 5069 κριθέντι.
922 5011 926 5064 Ι
944 5008 983 5054 καί
998 5004 1181 5066 μοχθηροτερους
1191 5005 1339 5066 ἀποπέμπων
1350 5007 1365 5064 ἡ
1375 5003 1551 5067 παρελόμόανε,
1564 5003 1633 5051 πλέον
1648 5005 1725 5060 ittet·

111 5069 248 5150 Νήσουςδδ
261 5071 284 5127 ἐξ
303 5073 405 5136 ἠπείροιν
425 5074 527 5138 όιμείόων
541 5078 581 5125 καὶ
596 5079 637 5133 τὰς
655 5077 781 5135 Ἀθηναίων
801 5079 899 5142 τριήρεις
942 5077 1075 5137 ταράκοντα
1095 5077 1144 5132 ἔτη.
1159 5075 1232 5138 Οἶμαι
1249 5075 1294 5137 γάρ
1308 5074 1378 5123 esces
1390 5074 1515 5124 ἀποθανεῖν
1533 5073 1602 5134 ἐγγὺς
1619 5071 1721 5135 έόδομή-

111 5139 286 5201 ρυλαττομενος
301 5141 389 5199 πάσαις
405 5143 576 5208 ένεσπαρμὲνας
586 5147 671 5196 κατέδυ
682 5149 760 5198 πλέων
770 5149 793 5197 έν
805 5149 898 5212 ἀκατίῳ
944 5163 1015 5195 κοντα
1025 5145 1066 5206 tm
1078 5147 1203 5209 γεγονότα,
1216 5147 1386 5208 τετταράκοντα
1398 5146 1423 5194 δέ
1432 5145 1456 5194 έν
1467 5151 1495 5207 τῇ
1510 5145 1585 5207 τέμνῃ,
1593 5143 1657 5192 ὄντα.
1681 5143 1726 5192 Καὶ

111 5214 200 5272 μικρῷ.
217 5212 334 5262 Eusebius
347 5216 424 5276 Praep.
436 5218 482 5264 Εν.
495 5216 537 5264 lib.
548 5219 616 5278 xlv,
630 5221 658 5266 19
671 5233 677 5266 :
688 5219 727 5268 τόν
739 5221 764 5269 δὲ
776 5220 899 5284 Πρωταγό-
944 5219 968 5267 έν
979 5218 1065 5267 ἅπαντα
1079 5222 1114 5281 τῷ
1130 5218 1207 5284 χρόνῳ
1216 5217 1292 5282 τούτῳ
1309 5218 1341 5268 ότι
1354 5219 1385 5276 τίς
1399 5218 1441 5277 τὴν
1450 5219 1537 5281 ἡμέραν
1546 5216 1640 5275 ταυτηνὶ
1655 5213 1720 5264 εὐδο-

109 5293 155 5339 θαν
213 5281 327 5339 Ἀθηναῖοι
341 5290 402 5347 φυγῇ
416 5286 574 5347 ζημιώσαντες
583 5289 624 5344 τὰς
632 5288 727 5350 sirloc
738 5290 809 5339 αὐτοῦ
822 5292 898 5354 δημο·
922 5319 925 5325 -
944 5296 1021 5354 κιμεῖιν
1031 5292 1098 5341 οὐδέν
1107 5293 1233 5342 πέπαυται.
