3959 5925
751 411 991 475 FRAGMENTA
1013 414 1142 477 vnsln.
1690 435 1724 486 dt

144 534 176 605 εὐ
192 544 248 624 ἔχει
267 543 326 603 όσον
351 544 394 601 ἰπὶ
416 567 450 621 τη
465 544 562 603 ἐκείνου
584 543 765 624 παρουσίφ,·ῆ
786 544 920 616 ποιητικόν
964 552 1025 606 θεῖα
1042 542 1093 623 μέν’
1104 546 1149 613 τὰς
1168 545 1227 627 περί
1242 546 1288 617 τήν
1303 546 1390 627 ψυχὴν
1408 549 1499 629 άρετδς
1523 549 1620 630 λέγων,
1636 554 1735 633 άνθρώ-

144 636 203 691 ἐστι
219 636 265 689 τού
278 629 409 690 τοιούτου·
423 630 469 689 καὶ
488 629 504 689 θ
521 629 578 701 ήτοι
593 630 625 688 δι’
637 631 699 689 αὐτό
713 634 782 690 ίστιν
804 632 919 711 αἱρετόν,
963 657 1026 691 τιινα
1042 632 1069 691 δέ
1080 632 1125 699 τδις
1138 635 1198 714 περὶ
1212 633 1241 691 τδ
1254 636 1404 713 σωματικὸν
1419 636 1494 718 μέρος
1509 638 1620 716 εὐεξίας,
1635 639 1680 698 καί
1689 640 1735 706 τός

144 717 308 789 ῆποιητικὸν
322 722 368 775 τοῦ
382 718 501 796 αίρετοῶ·
514 718 558 774 καί
573 717 587 775 δ
600 717 658 788 ἤτοι
671 717 822 794 εὐδαιμονία
838 719 918 791 ἐστίν,
965 720 1017 779 ἀπὸ
1031 723 1082 779 τῶν
1104 721 1176 788 ἐκτὸς
1190 722 1336 798 λεγομένων
1353 724 1480 801 εὐπορίας.
1520 728 1625 805 Τριχῶς
1642 724 1669 785 δέ
1683 735 1735 793 τοῖς

143 804 165 874 ἢ
188 804 402 882 συμύαλλόμενον
425 804 489 883 πρὸς
523 804 702 882 εὐδαιμονίαν·
728 804 774 863 καὶ
794 806 920 887 καθάπερ
962 807 1060 873 τόποις·
1078 809 1134 864 ,τῶν
1147 807 1197 887 γδιρ
1222 811 1325 885 ἀγαθῶν
1341 808 1375 868 τδι
1396 809 1448 886 μίν
1457 810 1517 889 περὶ
1535 811 1640 891 ψυχήν,
1656 812 1689 870 τὰ
1706 812 1735 872 δέ

146 893 274 970 Στράτων
284 890 327 967 ⁶¹,
338 891 369 949 τδ
382 894 494 950 τελειοῦν
505 888 552 963 τὴν
564 883 691 967 δύναμιν,
708 893 740 949 δι’
748 885 779 963 ῆς
793 896 839 963 τῆς
852 896 920 973 ἐνερ-
964 892 1024 971 περί
1039 894 1132 969 σῶμα,
1150 895 1183 952 τδι
1199 892 1221 952 δ’
1236 896 1262 952 ἐν
1282 904 1334 961 τοῖς
1350 896 1435 966 ἐκτός,
1451 896 1468 954 δ
1491 896 1584 977 ἀρετάς
1602 898 1683 965 είποις
1702 897 1734 957 ἂν

144 978 216 1055 γείας
230 978 406 1057 τυγχάνομεν·
425 979 471 1036 καὶ
484 979 514 1036 τὸ
534 979 662 1037 σωστικδν
679 983 726 1051 τῆς
746 979 856 1039 ἑκάστου
869 982 917 1039 οὐ·
962 979 1010 1039 καί
1031 979 1150 1059 εὐπορίας
1163 979 1208 1037 καὶ
1222 978 1327 1047 εὐεξίας.
1369 984 1511 1061 Πενταχῶς
1528 982 1554 1042 δὲ
1575 992 1628 1050 τοῖς
1643 983 1731 1043 εἴδεσι·

144 1064 220 1141 σίας,
240 1066 305 1124 καθὸ
321 1065 445 1145 κρατήσει
458 1069 510 1123 τῶν
526 1069 612 1142 μερῶν
625 1064 650 1099 ⁶²
665 1066 698 1124 τδι
713 1067 856 1145 μετέχοντα
873 1072 920 1138 τῆς
963 1069 1066 1149 πρῶτον
1089 1067 1136 1143 μέν
1152 1066 1202 1147 γδιρ
1224 1068 1336 1145 τάγαθὸν
1350 1068 1397 1140 τῆν
1412 1069 1483 1129 ἰδέαν
1498 1070 1577 1141 αὐτὴν
1596 1072 1735 1151 ἀποφαίνε-

144 1154 269 1223 τοιαύτης
288 1152 437 1229 δυνάμεως,
451 1152 497 1211 καὶ
519 1155 657 1231 πολλαχῶς
671 1153 765 1219 ἄλλως.
805 1152 918 1215 Πλάτων
962 1178 1023 1230 ται,
1040 1153 1104 1234 ὅπερ
1124 1155 1178 1213 ἐστὶ
1201 1160 1266 1213 θεῖον
1286 1154 1331 1213 καὶ
1347 1157 1486 1236 χωριστόν·
1512 1159 1628 1237 δεύτερον
1653 1159 1680 1217 δὲ
1704 1159 1735 1219 τὸ

145 1240 173 1297 δὲ
188 1241 295 1317 τοιαύτῃ
310 1244 406 1319 χρῆται
419 1238 556 1319 διαιρέσει,
570 1239 644 1310 θήσω
665 1238 693 1297 δὲ
712 1239 782 1298 κατδ
802 1240 870 1308 λέξιν
889 1243 919 1299 ἐκ
962 1244 993 1301 ἐκ
1014 1241 1160 1321 φρονήσεως
1177 1242 1222 1299 καί
1235 1242 1329 1312 ἡδονῆς
1343 1244 1476 1318 σύνθετον,
1492 1243 1557 1325 δπερ
1577 1246 1650 1313 ἐνίοις
1665 1247 1735 1305 δοκεῖ

143 1332 192 1385 τοῦ
204 1324 308 1405 πρῶτον
325 1330 378 1384 τῶν
390 1326 505 1404 Νόμων,
517 1326 562 1385 καί
577 1326 619 1386 διδ
637 1327 668 1385 τδ
681 1326 775 1393 κάλλος
788 1332 834 1399 τῆς
851 1328 917 1407 φρά·
953 1324 1020 1387 ’κατ’
1037 1328 1099 1388 αὐτὸ
1120 1320 1184 1386 εἶναι
1207 1328 1280 1395 τέλος
1298 1333 1345 1400 τῆς
1364 1332 1523 1409 ἀνθρωπίνης
1546 1336 1622 1402 ζωῆς·
1645 1332 1731 1412 τρίτον

145 1436 227 1486 σεως,
243 1414 288 1471 καὶ
305 1413 347 1473 διδ
367 1414 416 1484 τῆν
443 1412 586 1493 σαφήνειαν
606 1410 645 1474 ⁶³.
685 1415 766 1473 Διττδι
788 1416 811 1471 δ’
834 1415 918 1493 ἀγαθά
962 1413 1041 1485 αὐτ-ῆν
1068 1416 1126 1474 καθ’
1140 1414 1220 1486 αὐτὴν
1233 1414 1280 1487 τήν
1298 1415 1430 1494 φρόνησιν·
1444 1417 1565 1497 τέταρτον
1585 1417 1615 1476 τὸ
1639 1419 1669 1476 ἐκ
1681 1422 1732 1475 τῶν

142 1504 216 1576 ἔστι,
230 1501 264 1559 τὰ
287 1502 334 1578 μὲν
355 1500 522 1581 ἀνθρώπινα,
538 1500 571 1559 τδι
590 1502 618 1559 δέ
637 1506 706 1575 θεῖα,
726 1502 838 1581 ἤρτηται
851 1504 873 1559 δ’
888 1506 918 1561 ἐκ
959 1502 1113 1577 ἐπιστημῶν
1143 1501 1188 1560 καί
1210 1505 1308 1580 τεχνῶν
1341 1503 1471 1562 σύνθετον·
1495 1503 1614 1581 πέμπτον
1646 1504 1729 1573 αὐτλν
1835 1577 1837 1585 ¹

139 1592 196 1646 τῶν
211 1588 285 1646 θείων
301 1588 412 1669 θάτερα,
435 1589 479 1646 καὶ
497 1586 543 1646 ἔδιν
560 1587 672 1668 δέχηταί
694 1611 732 1654 τις
743 1586 777 1645 τὰ
797 1586 916 1663 μείζονα,
960 1590 1018 1647 καθ’
1030 1587 1111 1659 αὐτ-ῆν
1125 1586 1173 1659 τὴν
1189 1588 1292 1661 ἡδονήν.
1333 1589 1446 1655 Ταύταις
1460 1591 1588 1671 κέχρηται
1601 1595 1659 1657 ταῖς
1670 1594 1729 1650 δια·

140 1668 322 1755 παρίστασθαι
343 1678 389 1734 καὶ
413 1674 446 1733 τδι
470 1676 612 1747 ἐλάττονα,
628 1680 651 1734 εἰ
674 1676 701 1733 δὲ
727 1675 764 1750 μή
771 1720 780 1751 ,
799 1674 917 1752 στέρεται
961 1676 1065 1741 στολαῖς
1079 1678 1105 1733 έν
1119 1679 1157 1755 τῷ
1179 1676 1275 1756 πρώτην
1288 1678 1339 1734 τῶν
1355 1679 1469 1752 Νόμων,
1492 1680 1607 1751 μάλιστα
1629 1682 1677 1737 κάν
1695 1683 1733 1755 τῷ

142 1765 252 1843 άμφοῑν.
294 1761 375 1823 Ἔστι
392 1763 420 1821 δὲ
434 1763 467 1821 τά
482 1762 529 1840 μὲν
540 1763 680 1834 ἐλάττονα,
697 1754 733 1821 ῶν
747 1767 849 1841 ἡγεῖται
869 1763 916 1839 μὲν
961 1762 1076 1843 Φιλήόιμ
1097 1761 1134 1823 ⁶⁴.
1175 1760 1287 1829 Ἄλλως·
1304 1762 1390 1823 Μόνον
1412 1769 1459 1841 μὲν
1476 1764 1506 1823 τδ
1521 1766 1600 1825 καλὸν
1620 1764 1732 1843 ἀγαθόν,

141 1849 243 1927 ὑγίεια·
258 1849 353 1915 κάλλος
364 1850 391 1909 δὲ
403 1849 534 1929 δεύτερον,
548 1849 578 1908 τὸ
594 1849 622 1907 δὲ
636 1849 722 1930 τρίτον
735 1849 822 1928 ἰσχύς,
838 1848 873 1915 εἷς
888 1872 916 1907 τε
960 1849 1052 1907 καθότι
1063 1853 1115 1908 τῶν
1129 1849 1209 1907 όντων
1221 1849 1296 1907 οὐδὲν
1309 1851 1404 1927 άγαθόν
1412 1895 1420 1924 ,
1435 1854 1457 1910 εἰ
1471 1852 1508 1929 μὴ
1527 1852 1670 1930 μεταλάόοι
1687 1858 1734 1924 τῆς

142 1938 240 2016 δρόμον
253 1937 298 1996 καὶ
310 1940 345 2005 είς
362 1937 408 2001 τύς
422 1936 504 2003 άλλας
522 1937 607 2002 πόσας
623 1936 736 2007 κινήσεις
748 1939 785 2013 τῷ
798 1935 915 2009 σώματι,
961 1939 1071 2013 ἀρετῆς,
1091 1936 1181 2015 ὥσπερ
1197 1934 1299 2003 όδαλδς
1316 1933 1391 1995 καλό
1409 1938 1511 2016 σίδηρος
1530 1943 1575 1999 τοῶ
1590 1940 1682 2015 πυρός,
1702 1932 1732 1999 οὐ

140 2028 268 2105 τέταρτον
281 2023 308 2083 δὲ
320 2024 352 2095 δὴ
365 2026 488 2095 πλοῦτος,
503 2025 532 2082 οὐ
547 2022 659 2102 τυφλός,
673 2026 730 2083 ἀλλ’
744 2022 786 2089 dib
799 2023 914 2101 βλέπων,
959 2024 1038 2101 χωρὶς
1053 2023 1109 2083 οὐδὲ
1125 2024 1214 2089 όιπλῶς
1234 2026 1338 2101 θερμόν.
1381 2024 1456 2084 tisri
1471 2028 1495 2084 δ’
1511 2028 1598 2087 άλλων
1614 2029 1731 2106 ἀγαθῶν,

142 2113 226 2192 ἄνπερ
245 2111 293 2189 ἅμ’
308 2112 404 2183 ἕπηται
419 2110 554 2190 φρονήσει.
594 2110 631 2170 Ὃ
653 2110 685 2181 δὴ
700 2114 802 2190 πρῶτον
816 2103 850 2169 οὐ
864 2114 915 2169 τῶν
960 2114 1012 2167 τῶν
1025 2116 1103 2189 τριῶν
1117 2114 1217 2189 γενῶν,
1241 2110 1280 2169 ότι
1302 2112 1457 2191 μετείληφεν
1471 2114 1550 2172 αὐτοῦ
1570 2114 1604 2173 τδ
1623 2112 1680 2186 δύο,
1700 2115 1733 2171 sd

141 2198 217 2255 θείων
232 2202 375 2274 ἡγεμονοῦν
388 2201 457 2256 ἐστιν
471 2199 594 2274 ἀγαθῶν,
610 2200 627 2267 ἡ
641 2196 779 2277 φρόνησις·
799 2196 915 2275 δεύτερον
960 2198 1100 2273 σωματικά
1119 2197 1165 2256 σύν
1183 2202 1236 2264 τοῖς
1257 2199 1329 2264 ἐκτός
1342 2198 1377 2257 ⁶⁵.
1419 2199 1466 2266 Ὧς
1484 2200 1533 2279 γάρ
1557 2204 1603 2270 τῆς
1624 2199 1732 2272 σελήνης

142 2283 171 2343 δὲ
186 2283 253 2360 μετὰ
271 2290 329 2343 νοῦν
349 2287 458 2363 σώφρων
472 2286 559 2363 ψυχῆς
577 2282 641 2350 ἕξις·
655 2286 685 2341 ἐκ
706 2282 733 2341 δὲ
748 2280 845 2340 τούτων
859 2286 917 2357 μετ’
959 2284 1104 2364 ἀφώτιστος
1118 2284 1195 2360 μὲνὴ
1217 2286 1292 2345 οὐσία
1306 2288 1364 2345 καθ’
1383 2287 1477 2360 αὐτήν,
1489 2287 1634 2366 μεταλήψει
1648 2286 1675 2345 δὲ
1687 2292 1733 2353 τῆς

142 2365 262 2449 ἀνδρείας
279 2370 424 2449 κραθέντων
437 2368 523 2449 τρίτον
536 2369 568 2427 δν
587 2367 626 2440 εἴη
642 2365 806 2439 δικαιοσύνη,
820 2368 916 2446 τέταρ-
959 2372 1070 2443 ἡλιακῆς
1080 2374 1161 2450 αὐγῆς
1175 2371 1329 2451 φωτίζεται,
1350 2372 1433 2439 οὕτως
1450 2374 1522 2431 οὐδὲν
1544 2372 1558 2431 δ
1578 2372 1615 2449 μὴ
1628 2371 1732 2452 μετέχει

141 2478 187 2515 τον
212 2455 325 2535 ἀνδρεία.
365 2458 459 2515 Ταῦτα
480 2456 508 2513 δὲ
530 2454 616 2513 πάντα
642 2453 747 2513 ἐκείνων
773 2454 916 2532 ἔμπροσθεν
958 2462 1005 2528 τῆς
1016 2461 1126 2537 ἀρετῆς,
1141 2458 1246 2536 ἀγαθόν.
1291 2462 1356 2525 Τοῖς
1366 2459 1417 2540 γδρ
1432 2460 1600 2537 ἀνθρωπίνοις
1611 2460 1640 2519 τθ
1654 2458 1732 2519 δύνα-

140 2542 266 2602 τέτακται
280 2542 372 2623 φύσεις
387 2542 432 2601 καὶ
446 2540 479 2612 δὴ
493 2542 538 2600 καὶ
552 2545 591 2620 τῷ
611 2540 735 2619 νομοθέτῃ
748 2542 856 2600 τακτέον
871 2540 916 2599 οὐ·
957 2548 1020 2602 ’σθαι
1034 2546 1141 2624 ὠφελεῖν
1155 2548 1246 2603 ἐκτῶν
1258 2543 1330 2603 θείων
1341 2545 1475 2623 πάρεστιν.
1497 2559 1498 2563 ’

141 2653 204 2696 τως.
244 2627 306 2690 Ἔτι
322 2630 368 2688 καὶ
388 2634 478 2687 τοῦτον
498 2628 716 2703 ίνδιαστέλλομαι
736 2628 779 2685 τὸν
802 2627 915 2705 τρόπον·
1000 2630 1180 2711 Ἀριστοτέλης
1193 2628 1219 2666 ⁶⁸
1229 2629 1276 2701 τῆν
1295 2630 1342 2707 μὲν
1358 2630 1449 2707 τριάδα
1462 2635 1513 2690 τῶν
1525 2634 1629 2704 ἀγαθῶν
1639 2631 1732 2699 καύτὸς
1830 2668 1832 2673 ·

143 2718 258 2777 Πλάτων
271 2718 420 2797 πολύφωνος
432 2713 484 2794 ῶν,
498 2720 549 2797 οὐχ
564 2715 599 2785 ῶς
617 2742 683 2783 τινες
695 2715 792 2775 οίονται
805 2714 915 2774 πολύδο·
959 2717 1054 2794 δμοίως
1077 2716 1201 2778 Πλάτωνι
1216 2716 1285 2776 κατδι
1299 2716 1356 2782 τούς
1375 2717 1480 2783 τόπους.
1519 2716 1582 2779 Ἔτι
1599 2722 1652 2779 τῶν
1665 2722 1732 2799 ἀγα·

139 2803 196 2875 ξος,
221 2806 359 2881 πολλαχῶς
381 2804 502 2883 διῄρηται
530 2804 652 2880 τάγαθόν.
694 2804 782 2882 Διχῶς
806 2801 854 2879 μέν
875 2803 914 2881 τῷ
962 2806 1013 2859 θῶν
1033 2800 1068 2861 sd
1082 2802 1128 2879 μίν
1150 2805 1207 2862 ἐστι
1221 2804 1254 2860 δι’
1268 2803 1349 2862 ἑαυτά
1367 2806 1473 2881 αίρετά,
1489 2804 1523 2863 τὰ
1542 2805 1570 2865 δὲ
1590 2808 1624 2865 δι’
1642 2805 1730 2887 ίτερα.

138 2890 210 2970 γένει
231 2892 283 2948 τῶν
311 2893 428 2967 ἀγαθῶν·
451 2889 485 2948 τά
507 2890 554 2969 μέν
571 2891 645 2964 θεῖα,
668 2888 702 2948 τδι
717 2892 741 2947 δ’
757 2889 916 2969 ἀνθρώπινα·
962 2892 1004 2947 Δι’
1019 2888 1099 2947 {nord
1114 2888 1162 2966 μὲν
1173 2883 1217 2947 οὐν
1232 2890 1301 2947 ἐστιν
1316 2892 1423 2970 αἱρετά,
1436 2889 1485 2950 ὐσα
1498 2891 1562 2974 πρὸς
1575 2891 1622 2966 τήν
1633 2892 1731 2976 αἵρεσιν
1795 2959 1798 2966 A

139 3105 916 3170 siugutnroetosebsbent‚qunntumittoprnsontesreripotnst,
960 3118 1029 3165 rum,
1059 3105 1162 3155 nttnrum
1193 3105 1344 3168 divinorum,
1367 3107 1470 3157 sitorum
1496 3106 1665 3159 bumanorum.
1698 3113 1733 3160 bo

139 3194 179 3243 vet
189 3193 255 3254 quod
265 3193 383 3255 tnteqoid
394 3192 595 3255 sibott3etquod
608 3193 699 3255 volpes
714 3206 741 3242 ιο
756 3194 915 3255 ωίειροιου-
959 3191 1040 3240 dirior
1060 3192 1157 3253 quidem
1179 3193 1279 3242 virtutos
1301 3193 1388 3255 animi,
1412 3195 1515 3244 humans
1536 3196 1616 3246 nutnnr
1642 3196 1731 3248 bouum

139 3280 215 3342 dum,
228 3281 267 3329 vet
279 3279 332 3341 eius
341 3279 447 3330 officiens
455 3298 463 3342 ς
472 3282 496 3330 et
507 3280 571 3343 quod
584 3279 623 3329 rol
635 3279 759 3330 beatitudo
771 3284 824 3339 ost,
838 3280 876 3329 ret
884 3278 914 3327 ad
959 3279 1065 3342 corporis
1076 3279 1184 3328 hobitum
1194 3285 1265 3328 vocnt
1275 3282 1301 3330 et
1312 3292 1367 3341 quae
1380 3279 1411 3329 nd
1419 3283 1518 3332 osterna
1529 3283 1647 3344 pertnent
1659 3283 1730 3333 boun.
1750 3297 1754 3302 ·

140 3381 194 3417 orm
209 3368 371 3430 oonduoit3et
384 3372 411 3415 ut
423 3368 459 3416 nit
472 3369 567 3427 struto,
578 3367 643 3429 quod
662 3365 757 3429 perficit
769 3365 914 3427 tswttstom,
958 3366 1054 3429 Triplex
1070 3369 1150 3416 nutem
1162 3379 1236 3428 genus
1253 3369 1363 3429 respectu
1381 3367 1437 3439 loci.
1469 3371 1588 3419 Bonorum
1603 3368 1666 3419 snirn
1684 3370 1731 3419 siin

139 3468 191 3516 qus
205 3455 319 3505 edoctum
331 3453 482 3516 obtinemus;
492 3458 518 3504 ot
530 3453 596 3516 quod
612 3454 760 3515 singularum
774 3465 854 3502 rerum
871 3466 913 3502 ns·
958 3455 1014 3503 sunt
1025 3454 1088 3503 circo
1099 3455 1219 3514 oninium,
1230 3455 1275 3503 nib
1289 3455 1352 3503 oircu
1363 3467 1464 3518 corpus,
1473 3455 1519 3505 sits
1531 3456 1558 3505 in
1571 3455 1641 3506 rebus
1652 3457 1730 3507 extor-

138 3546 222 3591 tnram
241 3545 379 3603 οουεετιει,
403 3542 521 3603 quotenus
550 3553 589 3590 res
609 3541 652 3590 tuti
675 3539 788 3589 facultate
806 3539 915 3602 proediin
957 3540 995 3589 nis
1022 3544 1228 3603 versanturque
1253 3541 1371 3600 virtutos,
1392 3540 1482 3590 bonum
1503 3541 1612 3592 hobitum
1629 3543 1654 3592 st
1672 3555 1731 3606 opes

140 3628 256 3680 omnibus
270 3628 377 3691 portibus
389 3629 490 3690 integrus
507 3629 621 3688 monent,
635 3627 814 3678 etmultunlin.
846 3627 914 3676 Ptsto
958 3627 1069 3690 appellus.
1102 3629 1213 3690 Quinque
1235 3630 1315 3678 nutem
1343 3627 1467 3690 distinguit
1494 3628 1592 3690 ερουίοα.
1624 3629 1729 3679 Primum

140 3718 223 3765 nutem
235 3715 280 3765 buo
291 3715 408 3766 divisione
418 3716 503 3776 utitur,
515 3728 588 3778 quum
602 3713 632 3763 nd
645 3714 744 3763 verbum
755 3728 787 3764 ει
801 3714 915 3776 primodo
957 3715 1022 3765 enim
1042 3716 1116 3778 ipsum
1132 3715 1209 3766 idssrn
1231 3715 1287 3764 boui
1302 3713 1386 3776 ponit,
1405 3727 1461 3776 quos
1484 3713 1565 3764 divion
1585 3716 1610 3764 et
1630 3715 1661 3765 nb
1675 3715 1730 3765 otiis

139 3790 244 3863 Logibus
259 3815 367 3863 sumum,
389 3807 441 3852 turn
454 3801 486 3851 ob
504 3801 616 3851 dinttnnis
636 3801 798 3860 venustntem,
811 3805 863 3849 tum
882 3801 914 3849 ob
957 3802 1028 3852 reboo
1042 3806 1133 3852 semoto
1143 3803 1189 3852 est.
1220 3800 1730 3866 dirorumqrraeexprudsntinetrotuptute

139 3890 343 3953 unanimitatem.
374 3891 485 3953 Dupiiois
498 3903 554 3940 roro
566 3890 629 3938 boos
640 3891 714 3949 sunt,
728 3888 774 3938 stin
793 3889 913 3949 bumana,
957 3891 1065 3950 constat,
1078 3889 1102 3938 in
1118 3901 1166 3950 qus
1181 3888 1290 3961 nonnutti
1308 3887 1364 3936 ritae
1384 3888 1496 3937 bumuuae
1510 3887 1582 3938 tinsrn
1594 3889 1642 3939 tero
1652 3890 1729 3940 inesse

139 3977 224 4027 divino
239 3979 303 4039 utin,
323 3978 504 4040 ρουδυυωυεο
524 3976 611 4026 diuinis
633 3977 755 4037 bunrnnn;
775 3989 804 4025 no
826 3975 915 4038 siquis
957 3975 1051 4025 volunt.
1083 3975 1187 4026 Tertium
1211 3976 1288 4037 ipsum
1313 3975 1464 4038 prudentium
1483 3988 1525 4037 por
1546 3988 1579 4025 εο.
1612 3978 1729 4034 Quartam

141 4063 236 4125 moion
249 4061 477 4133 minumum
491 4064 622 4126 quoqueoi
638 4064 913 4126 proestnsunt,stnnu·
957 4077 1013 4126 (ςυστ
1027 4063 1207 4114 εδοοῑιίυίεεί
1220 4062 1312 4112 ortibus
1325 4062 1455 4124 compositu
1468 4068 1513 4112 ωε
1546 4063 1674 4126 Quintum,
1687 4077 1729 4114 ro·

137 4153 192 4200 tem
212 4150 262 4200 ritis
281 4152 364 4209 orer,
381 4151 490 4212 utrisque
509 4151 624 4213 privatur.
654 4151 775 4201 cnterum
793 4149 913 4199 minorum
956 4149 1072 4212 tuptutnm
1082 4162 1124 4211 per
1132 4135 1230 4198 sotiis
1239 4147 1397 4197 dirisionibns
1405 4148 1606 4210 utiturtnpr'uuo
1616 4149 1648 4198 do
1659 4150 1729 4212 bogi-

136 4237 245 4298 primum
258 4241 296 4286 εει
312 4235 414 4298 ιειιὶεεες
432 4235 669 4298 ίοτωειοουοόυως
690 4237 789 4285 tortium
802 4235 867 4285 viros
882 4233 913 4284 od
957 4231 1322 4294 bus,etmnximsinPtritsbo.
1355 4231 1429 4281 Aliter
1442 4231 1729 4294 zunroequruemuone-

136 4336 239 4373 οιιτειιιο
257 4326 405 4383 ceterosque
424 4323 531 4384 eorporis
550 4328 647 4386 motus3
669 4324 781 4385 quotum
807 4321 912 4383 diritius,
956 4324 1022 4372 stum
1032 4322 1121 4372 bonum
1139 4322 1190 4382 est,
1208 4325 1327 4383 quotenus
1341 4333 1425 4370 eorum
1435 4323 1558 4382 qnaesunt
1569 4320 1628 4371 nibil
1639 4320 1728 4371 bonum

135 4423 195 4474 que
212 4423 284 4461 οιεω
299 4424 349 4460 non
368 4411 439 4471 sont,
453 4410 497 4460 sed
512 4400 583 4460 nonio
597 4411 712 4471 oemunt,
730 4410 751 4459 εἰ
764 4409 912 4473 ριιτθυυιίεω
956 4413 1010 4469 est,
1021 4408 1067 4457 nisi
1079 4407 1175 4456 uirtutis
1189 4407 1306 4470 particeps
1320 4407 1367 4468 sit,
1382 4409 1410 4456 ut
1421 4406 1493 4456 torris
1511 4409 1536 4456 ot
1553 4407 1641 4458 terrum
1655 4407 1728 4470 ignis,

135 4503 279 4562 sequnntur.
311 4503 374 4558 Qnoe
386 4501 484 4563 quidem
501 4499 626 4562 prudentis
643 4499 780 4549 divinornm
794 4500 911 4550 bonorum
956 4495 1008 4545 sine
1030 4507 1078 4556 quo
1094 4493 1175 4543 nultus
1195 4494 1294 4544 omuino
1313 4494 1384 4542 tutor.
1416 4497 1506 4543 verum
1527 4505 1574 4542 υυε
1597 4483 1729 4544 ουιιιέΙΙίε

133 4587 190 4636 dux
205 4587 316 4648 primoris
327 4592 377 4648 εει,
392 4586 479 4636 deindo
493 4589 548 4648 pout
562 4588 668 4636 mentem
682 4588 827 4647 temperatus
839 4585 913 4635 untrnt
956 4592 1051 4644 quoquo
1065 4579 1134 4628 bonis
1146 4580 1279 4630 secundnm
1293 4580 1343 4628 tres
1357 4578 1462 4654 spodos,
1471 4577 1529 4640 quis
1539 4578 1637 4641 retiquae
1655 4578 1727 4640 θυαε,

134 4665 248 4722 bnbitns.
281 4674 320 4721 Ει
338 4672 374 4721 bis
388 4671 484 4722 duobus
502 4685 559 4721 curn
578 4672 716 4722 tortitudine
729 4671 912 4734 mixtisJustitin
955 4669 1284 4732 ιοηιυτίεοιειιειαε,ο]υε
1303 4667 1512 4730 participarunt.
1543 4668 1577 4716 Ut
1587 4668 1649 4717 eninr
1664 4667 1729 4716 Ιυοιο

133 4758 211 4809 tortio
232 4760 358 4820 exoritur3
383 4759 499 4808 tortitudo
514 4759 628 4821 quartum
646 4763 711 4809 tsnot
734 4759 821 4808 tooom.
853 4763 913 4818 Qun
955 4752 1087 4804 substantia
1104 4766 1146 4815 por
1163 4766 1190 4802 ιο
1207 4753 1304 4816 quidem
1315 4753 1369 4802 tuos
1384 4755 1464 4814 οεεεε,
1480 4752 1613 4802 illustratur
1626 4767 1728 4826 vernon

133 4845 221 4896 omnin
237 4845 347 4895 bumsnir
360 4845 408 4894 ittis
423 4848 510 4894 nutura
523 4847 654 4908 ριιοοιουι,
669 4845 770 4907 ideoque
786 4845 859 4895 etism
876 4847 911 4896 Ιε-
957 4840 1024 4903 quud
1045 4840 1102 4890 sotis
1117 4840 1214 4890 luminis
1232 4839 1348 4904 ρειιίοοςιι
1364 4838 1411 4902 sit,
1428 4839 1464 4889 sic
1483 4839 1555 4889 etiarn
1569 4839 1645 4902 nibil,
1662 4842 1727 4903 quod

132 4930 297 4994 gumintorom
310 4944 366 4980 eum
380 4930 489 4981 ordinem
508 4930 576 4992 ιοςυί
588 4933 692 4994 oportet.
735 4932 911 4982 Ριαίοτοείιοο
955 4942 1004 4978 non
1018 4928 1134 4992 paruum
1146 4927 1240 4978 virtutis
1253 4926 1400 4987 umbonum
1409 4928 1454 4995 ost.
1486 4926 1557 4984 Quod
1570 4927 1633 4977 enim
1650 4928 1728 4978 bomi-

132 5028 237 5079 ηυουιιε
252 5016 323 5065 simut
341 5016 510 5079 explicandum
524 5017 609 5066 duno:
627 5017 695 5068 Pluto
707 5018 750 5079 qut
766 5017 845 5067 verbio
859 5019 912 5080 qut·
955 5016 1274 5078 nibusprodnssouotsst,n
1288 5013 1556 5074 divinisndsitoportet.
1637 5083 1638 5088 Ἰ

132 5106 211 5163 dem,
221 5117 270 5153 non
285 5105 366 5155 tomen
378 5104 518 5164 sontenttis,
529 5106 556 5154 ut
567 5105 677 5155 nonnutit
687 5099 803 5167 σπουδαί,
817 5105 909 5169 ditiori,
984 5103 1123 5154 Aristoteles
1137 5113 1233 5164 qnoque
1247 5100 1293 5149 toni
1304 5099 1397 5150 rationo
1410 5099 1490 5150 nabin
1499 5099 1599 5164 tripttcis
1609 5112 1663 5151 oum
1672 5100 1726 5151 Pto·

132 5187 304 5240 vsritsmodis
318 5189 427 5240 distinxit
442 5189 540 5240 bonum.
572 5189 665 5253 Duplex
677 5190 734 5242 dicit
749 5203 823 5252 genus
836 5191 910 5241 bono-
957 5193 1013 5241 tono
1028 5187 1192 5240 bonustutuit.
1226 5191 1314 5240 Verum
1331 5187 1726 5252 bonninsoperotinrorreespo
