3959 5925
267 450 304 499 aa
889 428 1237 508 nuanaooanonun

264 570 307 629 τὸν
315 557 516 645 λάγουούκεῖναι
527 564 714 645 συμπλήρωμα
725 565 753 622 rb
763 565 837 631 τέλος
850 566 878 621 ἐκ
890 567 942 622 τῶν
952 587 1041 638 σωμα·
1087 558 1313 639 τολιγωρήααντας
1327 557 1486 637 ἁμαρτάνειν
1501 558 1618 638 φανερῶς
1628 557 1688 636 περί
1700 580 1726 613 τε
1736 555 1784 624 τάς
1796 558 1866 633 cipl-

219 682 221 687 ·
264 662 343 717 τικῶν
362 658 406 717 καὶ
424 659 518 715 ἐκτῶν
539 654 629 722 ἔξωθεν
652 657 766 727 ἀγαθῶν,
783 652 884 710 οὐδὲτὸ
902 651 1040 731 τυγχάνειν
1087 673 1141 717 σεις
1151 653 1203 707 τῶν
1214 650 1334 725 ἀγαθῶν,
1348 647 1393 704 καί
1408 646 1453 713 τὰς
1470 645 1553 722 φυγάς
1566 650 1618 704 τῶν
1637 651 1735 718 κακῶν,
1751 648 1867 726 καὶπερὶ

265 748 360 817 αὐτῶν,
381 744 449 803 ἀλλά
464 745 563 820 μᾶλλον
574 742 604 801 τὸ
618 745 677 800 κατ’
700 740 794 819 ἀρετὴν
809 743 854 810 ζῆν
870 742 896 797 ἐν
911 749 963 805 τοῖς
980 739 1041 821 περί
1087 739 1134 809 τὴν
1150 741 1241 806 κτῆσιν
1252 738 1298 795 καί
1314 736 1373 815 περὶ
1388 733 1436 805 τὴν
1452 740 1547 813 χρῆσιν
1562 738 1614 791 τῶν
1633 737 1756 811 ἀγαθῶν,
1771 738 1867 811 θμολο·

264 839 342 912 σῶμα
354 834 399 893 καί
411 841 464 901 τοῖς
476 830 566 901 ίξωθεν
578 832 683 905 ἀγαθοῖς
697 828 714 900 ἢ
729 828 835 899 noorai}
848 836 900 893 τοῖς
911 827 1042 893 πλείστοις
1087 825 1220 902 γουμένως
1232 848 1261 882 τε
1275 823 1479 901 διασφάλλεσθαι
1492 821 1552 901 περὶ
1564 822 1612 899 μὲν
1623 823 1670 894 τὴν
1683 823 1784 901 οιίρισιν
1796 823 1868 901 παρὰ
1970 883 1971 898 ,

263 924 309 984 καί
319 921 497 999 κυριωτάτοις.
508 916 590 980 Ὅθεν
601 917 730 998 ἀνέργειαν
741 906 805 977 ιίναι
815 904 862 989 rip
875 916 1042 991 εὐδαιμονίαν
1088 913 1135 982 τὴν
1147 913 1242 991 κρίσιν,
1253 911 1313 991 περί
1321 910 1347 969 δὲ
1357 910 1404 981 τὴν
1412 913 1503 979 κτῆσιν
1510 910 1583 990 παρίι
1595 910 1639 967 τὸν
1650 911 1758 989 τρόπον,
1769 912 1830 990 περὶ
1842 912 1867 969 δὲ
1970 915 1971 960 ἰ

263 1010 322 1070 κατ’
336 996 429 1090 ἀρετὴν
445 1012 471 1067 έν
486 1006 596 1085 πράξεσι
613 1004 820 1085 προηγουμέναις
833 1008 892 1065 κατ’
904 1004 992 1086 εὐχήν·
1009 1004 1042 1062 cd
1087 1002 1135 1070 τὴν
1145 1006 1239 1079 χρῆσιν
1253 997 1327 1077 παρά
1341 998 1389 1070 τὴν
1403 998 1528 1075 ἀμαθίαν.
1544 997 1624 1077 Παρὰ
1640 998 1688 1072 μὲν
1702 988 1747 1057 οὐν
1763 999 1812 1069 τὴν
1827 999 1866 1056 αἶ-

203 1154 205 1159 ,
263 1098 291 1157 δέ
304 1098 363 1177 περί
376 1100 453 1173 σῶμα
471 1096 517 1155 καί
530 1094 569 1155 τά
582 1095 673 1163 ἔξωθεν
687 1094 773 1173 apoll:
786 1091 910 1165 ποιητικὰ
922 1095 1042 1170 λέγεσθαι
1090 1111 1157 1167 ρεσιν
1168 1087 1336 1167 ἁμαρτάνειν,
1346 1086 1407 1145 ὅταν
1419 1087 1449 1145 τθ
1462 1086 1525 1162 μηδ’
1545 1086 1612 1152 ὐλως
1622 1084 1651 1145 ἀν
1665 1089 1761 1163 ἀγαθὸν
1779 1092 1870 1166 αἱρῶν·

262 1192 309 1258 τῆς
329 1184 508 1261 εὐδαιμονίας,
531 1187 568 1262 τῷ
591 1170 785 1255 συμάάλλεοθαί
807 1206 832 1239 τι
854 1180 969 1259 παρόντα
988 1178 1039 1239 ²³⁸.
1088 1199 1147 1246 ται,
1163 1174 1182 1246 ἦ
1198 1175 1228 1232 τὸ
1240 1166 1318 1246 ἧττον
1329 1173 1498 1255 σφοδρότερον
1509 1172 1585 1243 ἢδεῖ.
1597 1177 1623 1233 Τ
1624 1179 1683 1234 οῦτο
1698 1172 1725 1230 δέ
1741 1174 1869 1252 περίτούς

262 1274 321 1341 τούς
335 1275 363 1332 δέ
376 1271 527 1347 νομίζοντας
542 1271 608 1330 αὐτὰ
629 1273 798 1349 συμπληροῦν
813 1268 861 1341 τὴν
876 1268 1041 1344 εὐδαιμονίαν
1088 1265 1225 1330 πλείστους
1233 1263 1367 1342 ίιπάρχειν,
1385 1262 1474 1338 τὸμὲν
1486 1261 1785 1342 ἡδὺτούσυμφέροντσς,
1799 1260 1829 1321 r'o
1843 1261 1869 1319 δέ

263 1366 383 1438 ἀγνοεῖν,
398 1358 438 1419 ὐτι
453 1364 470 1430 ἡ
486 1358 533 1435 μέν
547 1359 696 1435 εὐδαιμονία
710 1357 764 1435 βίος
784 1356 870 1427 ἐστίν,
882 1360 895 1414 θ
907 1355 934 1413 δέ
948 1355 1003 1433 βίος
1012 1357 1042 1413 ἐκ
1090 1351 1221 1432 συμφέρον
1235 1357 1280 1410 τοῦ
1293 1354 1374 1411 καλοῦ
1390 1352 1585 1430 προκρίναντας,
1595 1352 1640 1409 καὶ
1652 1354 1697 1419 τῆς
1708 1353 1794 1429 ὁρμῆς
1806 1351 1869 1422 ἀμέ-

263 1448 628 1525 πράξεωςσυμπεπλήρωται.
645 1442 744 1506 Tolobi
759 1446 916 1519 σωματικῶν
931 1442 1039 1501 καὶτῶν
1089 1462 1155 1518 τρως
1165 1444 1400 1519 προεκφοιτῶντας.
1424 1436 1870 1517 Παράδέτὴνκτῆσιν,θτανμήτε
1970 1435 1971 1438 “

262 1538 334 1604 ἐκτὸς
349 1540 452 1615 ἀγαθῶν
465 1534 536 1595 οὐθέν
553 1533 612 1593 οὔτε
625 1532 719 1612 πρᾶξιν
731 1522 797 1591 εἶναι
809 1532 865 1591 καθ’
879 1531 974 1597 ίαυτά,
988 1531 1042 1589 οὐθ’
1089 1527 1161 1602 ὅθεν,
1174 1527 1237 1601 μήθ’
1257 1527 1345 1597 ὅπως,
1371 1529 1433 1602 μήτ’
1449 1525 1488 1606 ἀφ’
1509 1524 1568 1586 ὅσον
1589 1524 1642 1605 χρὴ
1660 1530 1870 1603 περιποιεῖσθαι,

262 1625 328 1691 δλως
340 1624 482 1705 ἐνέργειαν.
524 1620 631 1683 Τούτων
643 1620 674 1691 δὴ
688 1623 779 1677 τοῦτον
789 1618 833 1675 τὸν
843 1618 919 1693 λόγον
929 1616 1042 1695 ἐχόντων

262 1712 280 1785 ἤ
300 1735 328 1774 τε
342 1710 476 1789 εὐεργεσία
491 1708 667 1779 συστήσεται,
680 1705 726 1764 καί
739 1709 756 1775 ἡ
767 1704 861 1784 χάρις,
875 1704 920 1763 καί
935 1708 951 1774 ἡ
964 1705 1043 1782 εὐχα·

264 1800 350 1880 ριστία
360 1800 405 1857 καί
417 1797 598 1877 φιλανθρωπία
611 1794 656 1853 καί
666 1792 814 1873 φιλοτεκνία
823 1792 868 1851 καὶ
875 1792 1042 1872 φιλαδελφία,

263 1888 308 1947 καὶ
323 1887 386 1967 πρὸς
398 1886 505 1951 ταύταις
517 1883 533 1943 ὅ
543 1905 570 1942 τε
586 1882 739 1963 φιλόπατρις
749 1926 757 1955 ,
768 1878 814 1939 καί
823 1880 985 1961 φιλοπάτωρ,
998 1880 1044 1938 καὶ

263 1977 419 2058 φιλοικεῖος,
433 1972 480 2033 καί
500 1972 569 2032 κατὰ
582 1972 612 2030 τδ
633 1974 764 2050 προσῆκον
785 1969 839 2040 ἥτ’
854 1969 1043 2039 εὐκοινωνησία

264 2066 309 2123 καὶ
324 2070 340 2137 ί,
355 2062 457 2133 εὔνοια,
469 2062 514 2121 καί
529 2058 646 2138 Ιίγφιλία,
659 2058 704 2117 καλ
721 2062 738 2129 ἡ
753 2056 843 2127 ἰσότης
856 2057 901 2115 καί
914 2060 931 2127 ἡ
943 2058 1042 2115 dixero·

264 2151 346 2224 σύνη,
358 2151 404 2211 καί
415 2160 465 2217 πᾶς
479 2153 493 2207 ὁ
507 2153 557 2225 τῶν
573 2150 672 2228 ἀρετῶν
687 2152 753 2213 θεῖος
766 2143 858 2226 χορός,
878 2136 907 2203 οὐ
920 2143 976 2210 τούς
999 2166 1045 2200 κα-

263 2424 381 2473 θοποτυιυ
398 2422 547 2485 generarint
565 2433 607 2483 per
627 2432 653 2469 re
672 2417 819 2481 expetenda,
841 2429 897 2479 que
915 2416 978 2466 circa
994 2416 1045 2465 ani·

264 2525 345 2571 nrum,
367 2510 430 2560 circa
448 2521 536 2569 corpus
553 2520 582 2555 ac
602 2507 665 2557 circa
687 2508 786 2555 externa
810 2508 952 2564 τετοκυίαις
975 2503 1046 2563 longe

263 2603 345 2649 tamon
370 2596 517 2661 proterenda
543 2609 595 2645 esse
615 2593 710 2644 caeteris
734 2592 807 2643 suinai
832 2592 909 2650 bona,
930 2592 1044 2653 quoniam

261 2688 359 2737 animos
380 2686 432 2749 ipsa
451 2686 519 2747 longe
538 2683 640 2733 nobilior
661 2684 692 2731 rit
712 2684 736 2732 et
756 2680 851 2744 corpori
870 2679 1045 2744 praeterendum.

264 2776 369 2837 Apparet
397 2772 468 2836 igitur
493 2772 599 2834 corporis
624 2768 756 2819 virtutibus
785 2770 810 2820 ei
837 2768 942 2819 externis
972 2766 1046 2815 animi

265 2864 366 2912 virtutes
386 2858 553 2923 piraeoptandas
572 2871 625 2908 esea
639 2870 669 2907 ac
687 2857 797 2907 similiter
814 2856 844 2905 lis
856 2859 985 2918 prestare3
1003 2853 1045 2905 sed

255 2950 407 3008 ,craterarum
419 2947 490 2996 etlam
504 2944 620 2994 virtutum
632 2943 712 2993 studio
728 2945 840 2994 traantur
854 2942 979 3002 llomlnes,
996 2941 1045 3004 pri·

265 3047 333 3083 mum
347 3033 415 3094 quod
423 3045 464 3094 per
477 3045 503 3080 se
515 3031 656 3094 expetendae
667 3030 723 3093 siut,
738 3033 791 3080 lum
802 3031 867 3092 quod
880 3031 1007 3080 utilitatem
1021 3029 1045 3078 in

266 3122 315 3170 rita
331 3134 379 3168 non
399 3120 479 3170 minue
491 3118 555 3167 cirili
569 3121 594 3168 et
612 3117 751 3179 communi,
767 3131 840 3180 quam
860 3117 1046 3180 contemplativa

266 3208 378 3257 aflerant.
391 3206 491 3258 belluini
505 3197 570 3256 enir'n
580 3207 654 3254 rltanr
666 3205 800 3256 actionibus
813 3205 926 3255 civilibus
938 3209 963 3254 et
973 3217 1044 3254 com·

265 3295 380 3345 munibus
392 3296 417 3345 ei
427 3293 626 3356 contemplativis,
640 3306 716 3356 quum
725 3305 774 3342 non
784 3296 817 3342 ait
826 3293 863 3341 sui
875 3305 961 3343 amans
969 3293 1046 3342 virtus

265 3383 401 3434 seeundum
414 3383 476 3431 banc
488 3383 587 3441 aeciam,
599 3383 640 3431 sed
651 3381 786 3430 communis
794 3386 818 3431 et
829 3379 916 3431 civilis.
930 3380 972 3430 llis
985 3392 1045 3429 ron·

269 3471 391 3520 renienler
415 3469 566 3518 mansionem
589 3480 684 3531 quoquc
705 3467 731 3517 in
749 3466 800 3518 rita
820 3466 915 3516 deliniri
937 3480 1045 3516 commu·

265 3559 347 3618 nibns,
359 3556 479 3618 uirilibus,
489 3555 594 3619 deniqne
606 3555 797 3618 contemplativis
808 3555 953 3615 actionibus,
963 3559 991 3605 et
1004 3568 1046 3604 εκ·

264 3659 360 3697 cessum
378 3645 454 3695 evita
472 3644 608 3694 contrariis.
661 3646 741 3701 Quum
761 3644 825 3694 enim
838 3645 952 3694 virtulem
972 3656 1046 3692 uuam

264 3734 373 3782 omnium
380 3733 486 3781 maximo
496 3731 540 3782 sibl
548 3731 698 3782 conciliatam
707 3731 881 3792 cerediximus,
891 3731 1046 3794 perspicuum

265 3823 313 3878 esi,
325 3819 460 3869 necessario
474 3833 526 3868 eam
534 3823 621 3869 natura
632 3820 662 3869 ad
678 3819 786 3870 veritatis
799 3820 962 3882 cognitionem
972 3817 1045 3878 terri,

266 3907 301 3956 ita
311 3909 338 3956 ut
349 3909 402 3954 inm
412 3907 560 3970 rapientibus
574 3907 729 3980 probabilise
744 3909 915 3958 ritaerceraus
924 3907 1044 3967 videatur,

264 4001 317 4046 iuru
339 3998 418 4059 pravis
437 3998 578 4048 bominibus
593 3999 723 4062 probabilis
736 3999 760 4048 in
773 3999 822 4049 rita
836 4000 946 4063 manai03
969 3997 1042 4047 nlmi-

265 4099 319 4134 rum
333 4086 375 4147 qui
393 4087 565 4136 communibus
586 4086 721 4137 actionibus
743 4098 844 4148 vacare,
864 4076 889 4136 isa
906 4089 1047 4153 reipublice

264 4173 469 4223 administratione
482 4174 572 4223 versari
584 4176 608 4225 et
624 4187 704 4225 rorum
717 4176 923 4237 contemplatione
929 4177 974 4227 irul
988 4193 1045 4242 pos·

207 4255 212 4261 '
265 4262 336 4322 aunt,
347 4261 400 4310 sire
414 4259 471 4310 boni
483 4261 529 4310 viri
542 4263 592 4312 aiot
606 4276 659 4312 sare
670 4262 736 4324 mali,
747 4263 785 4312 lais
800 4263 948 4326 probabilem
961 4268 1046 4317 esseio

266 4347 315 4397 vita
330 4347 495 4411 mansionem
518 4351 561 4410 qni
583 4363 631 4400 ooo
647 4351 755 4415 pomini,
772 4351 819 4401 iilis
832 4352 981 4414 probabilem
993 4369 1047 4406 eoae

264 4451 279 4488 ε
296 4439 346 4488 rita
357 4438 501 4490 discessum.
519 4443 599 4498 Quum
612 4445 692 4491 autem
702 4455 788 4504 magno
801 4443 833 4493 ait
848 4443 946 4494 virtutis
964 4446 992 4494 ut
1006 4458 1046 4495 rc·

266 4539 320 4575 rum
332 4526 464 4578 ellectricis
481 4529 507 4579 et
518 4542 561 4590 per
576 4542 603 4579 se
616 4529 759 4592 expetendae
777 4531 931 4592 excellentia,
944 4546 998 4596 qua
1013 4533 1047 4583 sl·

265 4620 317 4666 mul
329 4619 437 4680 corporis
450 4618 521 4669 bouis
536 4619 607 4670 simul
619 4621 726 4670 externis
736 4621 847 4684 superior
865 4624 912 4683 eal,
933 4624 1048 4674 convenit

266 4703 340 4755 lineru
359 4705 378 4756 i.
395 4719 417 4756 a.
433 4706 569 4757 felicitatem
589 4720 638 4757 nou
651 4706 744 4771 impleri
762 4709 868 4770 corporis
882 4708 950 4759 bonis
968 4715 994 4759 et
1005 4723 1046 4761 er·

266 4791 343 4842 iamir
353 4828 361 4854 ,
372 4805 453 4856 neque
466 4809 551 4845 eorum
575 4795 728 4859 adeptionem
743 4809 797 4846 erae
811 4796 892 4858 linem,
908 4797 949 4847 aed
966 4801 1047 4860 potius

264 4875 343 4925 ritum
355 4877 455 4928 lioneate
465 4883 543 4930 actam
554 4880 579 4930 in
588 4883 696 4946 corporis
710 4885 915 4947 externarumque
927 4885 1047 4936 bonomm

266 4963 305 5011 rel
317 4965 426 5014 omnium
439 4967 477 5017 rel
491 4967 661 5032 plerorumque
669 4972 695 5020 et
706 4971 881 5034 preripuerant
891 4971 1045 5023 abundantia.

1089 1621 1173 1674 ταῦτα
1197 1615 1407 1693 προδιαλάὐωσι.
1452 1612 1533 1693 Παρά
1553 1611 1580 1672 δέ
1601 1611 1648 1684 τὴν
1673 1617 1789 1692 χρῆσιν,
1814 1612 1871 1671 ἐπεὶ

1090 1713 1162 1762 πᾶσα
1184 1702 1314 1783 χρῆσιςῆ
1340 1700 1403 1783 πρὸς
1419 1706 1501 1773 αὐτὴν
1525 1700 1581 1781 ἔχει
1602 1704 1650 1772 τὴν
1674 1700 1824 1781 ἀναφοράν,
1853 1701 1870 1770 ἢ

1089 1792 1152 1871 πρὸς
1164 1791 1265 1871 ἕτερον,
1279 1793 1305 1849 ἐν
1321 1788 1368 1866 μὲν
1380 1795 1414 1870 τῇ
1427 1790 1491 1869 πρὸς
1506 1788 1602 1858 leurdo
1610 1833 1620 1861 ,
1635 1788 1697 1847 θταν
1705 1788 1744 1865 μὴ
1756 1790 1872 1867 προσφέ-

1092 1904 1189 1958 ρωνται
1207 1887 1260 1946 τοῖς
1274 1878 1413 1957 πράγμασι
1428 1878 1593 1955 συμμέτρως·
1609 1880 1636 1935 ἐν
1646 1877 1674 1935 di
1688 1882 1721 1956 τῇ
1735 1878 1800 1957 πρὸς
1815 1878 1873 1935 ἕτε-

1092 1991 1147 2046 ρον,
1163 1966 1225 2027 ὅταν
1239 1966 1269 2026 τὸ
1283 1970 1342 2025 κατ’
1357 1966 1430 2035 ἀξίαν
1442 1966 1479 2044 μὴ
1494 1968 1644 2047 φυλάττωσι
1659 1972 1705 2023 τοῦ
1719 1967 1873 2043 πρέποντος.

1090 2058 1124 2116 Εἰ
1149 2056 1177 2115 ol
1198 2056 1260 2135 περὶ
1280 2056 1347 2115 αὐτά
1373 2055 1567 2135 ἁμαρτάνουσιν
1589 2059 1613 2114 oi
1637 2056 1748 2134 φαῦλοι,
1762 2056 1825 2133 περὶ
1838 2056 1875 2112 τί

1093 2143 1199 2202 ίναντία
1210 2143 1315 2211 πάντως
1323 2148 1492 2223 κατορθοῦσιν
1505 2146 1529 2202 ol
1540 2145 1690 2216 σπουδαῖοι,
1703 2142 1874 2219 καθηγεμόνα

1090 2417 1180 2480 aliquid
1191 2417 1330 2477 conterant,
1348 2419 1369 2467 si
1382 2418 1476 2478 adsiot3
1490 2417 1531 2479 qui
1546 2419 1627 2466 autern
1641 2416 1744 2467 credam
1755 2417 1804 2466 illis
1816 2429 1875 2467 σοι·
1922 2416 1926 2419 ’

1093 2508 1210 2555 summati
1230 2504 1382 2567 felicitatem,
1395 2519 1438 2555 eos
1459 2505 1568 2563 uoecira,
1580 2504 1719 2553 ielictlalem
1732 2504 1804 2553 sium
1818 2518 1875 2554 esse

1091 2594 1115 2642 in
1128 2593 1177 2643 rita
1185 2592 1310 2655 degenda,
1319 2593 1393 2643 ritam
1406 2606 1464 2643 reru
1475 2596 1585 2641 constare
1596 2590 1738 2641 actionibus.
1752 2593 1874 2641 Gaetmuna

1091 2682 1199 2743 corporis
1212 2681 1332 2729 bonorum
1343 2684 1369 2731 et
1377 2683 1534 2730 ertemorunr
1542 2679 1601 2728 nibil
1611 2692 1689 2741 neque
1698 2680 1818 2728 aotiomm
1831 2692 1876 2742 per

1090 2782 1116 2818 re
1131 2781 1197 2832 ease,
1211 2781 1290 2831 neque
1304 2768 1403 2817 omnino
1417 2766 1573 2818 iunctiouem.
1605 2771 1665 2826 Quo
1676 2780 1753 2829 quum
1767 2766 1802 2815 ita
1815 2768 1875 2828 siut,

1090 2854 1246 2904 beneticemia
1261 2854 1366 2917 prodibit
1381 2857 1406 2904 et
1421 2855 1496 2917 gratia
1511 2856 1537 2905 si
1552 2866 1645 2903 memor
1658 2853 1683 2901 lo
1700 2853 1761 2903 bene
1774 2854 1876 2903 meritos

1090 2943 1186 2992 animus
1199 2945 1225 2994 et
1237 2942 1390 3003 humanitas,
1403 2955 1475 3005 porro
1487 2941 1618 2992 liberorum
1635 2946 1662 2992 at
1677 2941 1778 2991 teatrum
1795 2954 1874 3002 amor,

1090 3043 1136 3080 uec
1148 3044 1196 3080 nou
1207 3032 1304 3093 patriae,
1322 3036 1469 3095 parentum,
1484 3031 1583 3083 laruilim
1595 3032 1696 3092 mritas,
1711 3033 1839 3093 ρταιίοιεε,
1850 3036 1878 3082 ut
1970 3062 1971 3065 =

1090 3118 1169 3180 dccet,
1185 3119 1294 3181 comitas,
1309 3117 1484 3181 benevolentia,
1499 3118 1619 3181 amidtia,
1634 3118 1753 3179 aequitas,
1766 3118 1876 3180 justitia,

1091 3209 1211 3268 postremo
1224 3207 1351 3256 uniuersus
1371 3184 1412 3256 ille
1432 3207 1528 3255 (lirinus
1545 3206 1663 3255 virtutum
1684 3206 1784 3264 morus,
1801 3217 1876 3267 quem

1090 3294 1131 3355 qui
1144 3293 1266 3356 negligunt
1277 3294 1322 3342 bos
1338 3307 1386 3343 non
1408 3293 1526 3355 magistu
1546 3293 1689 3355 expetendis
1703 3293 1779 3342 bouis
1796 3301 1820 3343 st
1840 3293 1878 3343 in·

1089 3379 1182 3442 gieudia
1197 3381 1266 3431 malis
1280 3394 1354 3444 quam
1365 3381 1391 3431 lu
1402 3381 1582 3444 comparatione
1594 3383 1620 3432 et
1629 3396 1673 3430 usu
1686 3381 1807 3430 bonorum
1822 3395 1877 3443 pac·

1090 3481 1145 3519 care
1158 3475 1268 3532 apertum
1280 3472 1326 3532 est,
1339 3463 1459 3534 siquidem
1472 3474 1568 3520 constat
1582 3483 1626 3520 eos
1640 3474 1695 3520 tum
1716 3471 1741 3520 in
1754 3471 1878 3520 οίειεὶοοο

1095 3558 1213 3607 booomm
1234 3558 1333 3620 jndicio,
1349 3561 1402 3609 tum
1414 3559 1439 3608 iu
1453 3560 1632 3621 comparatione
1642 3571 1727 3608 eorum
1739 3559 1838 3610 rab'ooe
1852 3565 1878 3608 et
1970 3534 1971 3549 ί

1091 3646 1179 3706 modo,
1194 3646 1219 3696 iu
1234 3659 1279 3696 usu
1293 3646 1399 3710 denique
1411 3647 1544 3708 ignorantia
1555 3645 1611 3696 labi.
1622 3633 1701 3709 itque
1713 3648 1740 3697 iu
1756 3648 1878 3697 etenim

1091 3734 1190 3798 quidem
1202 3734 1345 3798 delinquere
1357 3749 1400 3786 eos
1411 3735 1565 3798 perspicuum
1584 3737 1636 3796 ert,
1655 3747 1731 3795 quum
1745 3735 1788 3784 ret
1808 3736 1877 3798 qnod

1090 3825 1276 3890 haudquaquam
1287 3826 1379 3877 bonum
1391 3829 1429 3876 ost
1441 3825 1543 3889 eligarnt,
1556 3826 1593 3876 rel
1605 3824 1672 3887 qood
1681 3824 1789 3875 demtus
1803 3825 1878 3876 babe-

1090 3917 1130 3964 tur
1143 3915 1215 3976 paolo
1224 3915 1390 3964 veliementior
1400 3916 1532 3977 expetunt.
1550 3915 1605 3963 lior
1616 3914 1680 3963 euim
1693 3911 1822 3976 plerisque
1834 3928 1879 3963 ετ-

1091 4001 1171 4053 cidere
1182 4003 1224 4065 qni
1235 4001 1369 4064 iucundum
1382 4003 1435 4053 utili
1446 4005 1491 4052 aut
1504 4000 1564 4052 utils
1576 4002 1676 4051 ίιοιιειίο
1689 4000 1830 4064 praeierunt
1841 4006 1881 4052 at·

1090 4103 1139 4152 qne
1153 4090 1178 4140 iu
1195 4090 1333 4154 appetendo
1350 4091 1450 4140 modurn
1462 4089 1591 4141 excedunt.
1630 4091 1660 4139 ln
1673 4088 1787 4151 parandis
1802 4089 1882 4139 bonis

1089 4180 1186 4237 autem,
1197 4191 1275 4242 quum
1297 4191 1344 4229 uec
1361 4181 1438 4239 unda,
1457 4191 1502 4228 nec
1523 4191 1573 4241 quo
1587 4179 1673 4240 pacto,
1695 4189 1740 4226 noc
1752 4179 1882 4239 qnatenus

1091 4267 1195 4329 paranda
1205 4267 1261 4329 siut,
1270 4270 1342 4318 ποίεε
1353 4267 1492 4329 diiudicant.
1504 4269 1534 4317 lu
1546 4279 1590 4317 usu
1605 4266 1715 4328 denique,
1725 4279 1805 4328 qnunr
1819 4268 1882 4329 quia

1090 4356 1170 4404 omnis
1187 4369 1246 4405 usus
1267 4355 1305 4405 rel
1319 4356 1439 4418 adipsum
1452 4355 1554 4406 retertur
1565 4355 1604 4405 rel
1617 4353 1647 4404 ad
1659 4353 1743 4417 alium,
1759 4353 1785 4402 in
1800 4357 1882 4417 priori

1089 4456 1176 4504 genere
1185 4445 1254 4494 satra
1266 4443 1365 4494 modom
1380 4443 1453 4494 rebus
1464 4442 1572 4503 student,
1586 4444 1611 4492 ln
1626 4443 1765 4505 posteriori,
1778 4457 1828 4507 pro
1842 4459 1881 4494 m·

1093 4545 1146 4581 rum
1161 4530 1277 4594 dignitato
1289 4533 1407 4582 docomm
1424 4544 1473 4581 non
1489 4533 1595 4582 serrant.
1622 4535 1679 4581 Jam
1694 4543 1753 4583 vcro
1762 4533 1786 4582 si
1802 4532 1831 4582 in
1842 4533 1880 4582 lais

1091 4623 1195 4686 improbi
1208 4627 1318 4685 peccant,
1340 4623 1365 4673 iu
1378 4624 1451 4674 rebus
1462 4623 1588 4674 contrariis
1602 4624 1779 4674 omuinomcle
1791 4637 1821 4674 se
1835 4639 1878 4687 ge
1970 4658 1971 4663 κ

1091 4713 1149 4762 root
1158 4711 1269 4762 homines
1277 4711 1354 4774 probi,
1364 4713 1406 4774 qui
1415 4711 1539 4761 actionum
1549 4724 1648 4762 suarom
1659 4710 1747 4760 durana
1757 4711 1883 4763 νίτευεατ

1090 4801 1233 4862 sequuntur.
1250 4803 1360 4862 Namque
1373 4801 1481 4849 omniurn
1495 4801 1615 4850 virtulum
1629 4810 1763 4849 commone
1776 4799 1882 4850 ridetur

1091 4900 1143 4938 crac
1157 4887 1287 4949 iodicium,
1303 4888 1439 4938 commuuio
1452 4888 1526 4937 eliam
1537 4888 1624 4938 electio
1635 4889 1662 4938 et
1673 4887 1745 4936 aetio.
1778 4889 1884 4951 Quippe

1092 4989 1171 5040 nequo
1183 4976 1311 5039 judicium,
1321 4989 1401 5039 nequa
1415 4975 1551 5036 condilum,
1562 4989 1641 5038 neque
1651 4975 1774 5026 actionem
1782 4976 1812 5026 in
1825 4978 1883 5025 rir-

154 5053 157 5059 '
266 5052 350 5107 Quare
363 5053 501 5105 iolicitaiem
516 5070 568 5108 erse
584 5058 733 5110 fonctionem
748 5061 886 5121 honestam,
902 5075 957 5124 qum
980 5061 1044 5112 ioa-
1092 5067 1145 5116 iote
1164 5065 1309 5128 decideram
1327 5067 1485 5116 τετυυωωιυ
1497 5065 1751 5128 prudentiam,quum
1764 5063 1884 5126 primun

267 5139 387 5192 clionibus
400 5157 430 5192 er
442 5145 558 5195 mutenila
568 5148 752 5200 succedentibus
762 5155 886 5213 νοτεαῑοτς
901 5154 926 5201 at
936 5153 1047 5215 corporis
1091 5154 1161 5218 quasi
1175 5155 1255 5204 locum
1268 5155 1390 5215 obtineat,
1405 5154 1491 5204 ducem
1512 5165 1566 5204 asae
1582 5155 1607 5202 et
1619 5161 1706 5202 eorum
1718 5165 1776 5214 quae
1788 5159 1884 5215 perse

267 5227 330 5282 lona
343 5232 367 5279 rt
380 5233 478 5282 externa
497 5233 649 5285 beatitudinis
657 5236 784 5288 eiilcionlia
793 5239 840 5289 dici
850 5276 857 5300 ,
866 5241 930 5303 quod
945 5241 975 5290 ad
990 5255 1045 5292 eam
1093 5247 1115 5292 el
1128 5257 1182 5306 (prm
1194 5244 1291 5308 propter
1306 5246 1406 5294 cauteres
1416 5243 1455 5293 rel
1464 5241 1573 5304 eligendi
1585 5242 1635 5291 sint
1648 5240 1685 5291 rel
1698 5239 1827 5303 fuglenda,
1840 5243 1882 5290 rel
