3959 5925
415 571 553 812 un
612 648 1081 902 unarum
1147 647 1559 807 exuret).

847 977 1136 1016 utu—Q*—

226 1209 678 1300 Crateslxl'l'hebanus,hseondi
689 1209 870 1288 filius,quem
881 1207 968 1287 pauci
1013 1207 1092 1286 quod
1107 1221 1167 1266 tum
1179 1206 1296 1266 demum
1319 1225 1349 1266 se
1363 1206 1395 1264 in
1409 1205 1574 1265 libertatem
1594 1219 1733 1266 assertum
1746 1227 1800 1286 pu·

187 1309 327 1387 brysonis
342 1306 446 1366 Achivi
466 1303 641 1370 auditorem,
669 1299 803 1378 plerique
827 1297 968 1374 Diogenis
1015 1309 1104 1370 taret,
1117 1309 1146 1355 et
1161 1297 1245 1375 quasi
1261 1309 1384 1374 acceptae
1396 1294 1541 1354 libertatis
1560 1313 1647 1355 causa
1660 1316 1799 1355 coronam

185 1395 355 1475 Sinopensis
372 1391 551 1471 discipulum
566 1388 654 1448 luisse
675 1399 828 1456 testantur,
850 1384 969 1463 Cynicae
1014 1383 1073 1444 sibi
1087 1384 1123 1443 ad
1139 1399 1225 1463 caput
1238 1383 1489 1456 accommodasse,
1507 1383 1576 1460 quia
1597 1397 1797 1462 paupertatem

186 1497 271 1542 sectae
285 1480 449 1543 luminibus
472 1493 558 1557 atque
582 1475 761 1535 ornamentis
782 1473 969 1532 annumerari
1013 1492 1081 1532 cum
1103 1473 1218 1531 divitiis
1249 1473 1494 1531 commutavisset.
1519 1471 1594 1531 Exin
1619 1461 1690 1550 pera
1710 1471 1750 1554 (δ)
1773 1488 1803 1533 et

186 1572 271 1632 solet.
286 1571 383 1642 Quum
395 1588 465 1627 vero
476 1566 563 1626 initio
576 1565 717 1623 interum
731 1563 862 1620 omnium
877 1560 970 1620 abun·
1015 1561 1105 1639 pallio
1127 1564 1195 1619 trito
1214 1561 1375 1619 instructus
1394 1559 1484 1618 vitam
1505 1573 1643 1638 tanquam
1662 1561 1741 1620 diem
1762 1563 1802 1622 se·

186 1660 287 1723 dantia
299 1659 423 1718 vixisset
445 1654 592 1731 simulque
609 1653 687 1711 inter
698 1669 833 1730 proceres
852 1649 970 1708 Theba·
1015 1663 1091 1709 stum
1108 1668 1161 1728 per
1179 1648 1280 1726 jocum
1307 1661 1335 1706 ct
1357 1668 1423 1707 cum
1445 1649 1508 1708 risu
1529 1649 1681 1725 transegit.
1707 1650 1802 1710 Porro

187 1766 293 1806 norum
307 1745 469 1815 emineret,
483 1739 629 1818 siquidem
646 1757 706 1796 non
717 1737 809 1812 magis
830 1736 968 1794 natalium
1015 1757 1104 1814 quum
1119 1736 1243 1795 distorto
1252 1748 1327 1795 esset
1341 1755 1474 1814 corpore,
1487 1737 1583 1795 cruris
1599 1737 1646 1794 sui
1660 1737 1801 1797 claudica-

187 1833 361 1914 splendore,
377 1850 465 1908 quam
490 1827 665 1886 famulorum
682 1824 886 1895 multitudine,
912 1822 971 1881 do-
1015 1826 1123 1884 tionem
1134 1838 1162 1884 et
1172 1824 1292 1902 gibbum
1301 1826 1488 1883 humerorum
1498 1823 1697 1884 cavillabatur.
1705 1825 1802 1896 Quid?

188 1943 253 1982 mus
270 1934 299 1981 et
309 1919 489 2001 praediorum
505 1913 698 1993 amplitudine
715 1910 838 1970 florebat
851 1923 971 1989 :postea
1015 1913 1095 1990 quod
1106 1911 1182 1972 aedes
1195 1914 1358 1972 amicorum
1369 1904 1437 1990 sive
1450 1913 1605 1972 invocatus
1617 1931 1668 1972 seu
1680 1926 1800 1973 vocatus

187 2029 286 2070 rerum
295 2009 509 2082 humanarum,
525 2023 590 2080 quac
610 2001 728 2078 fragiles
741 1999 912 2076 caducaeque
925 2017 970 2056 es·
1015 1999 1247 2076 ingrediebatur,
1265 2000 1510 2060 familiarissimos
1527 2002 1559 2060 in
1575 2001 1697 2077 gratiam
1714 2001 1803 2060 redu·

188 2109 252 2156 sent
264 2094 490 2172 necquidquam
504 2091 542 2149 ad
561 2089 637 2149 bene
655 2088 797 2166 beateque
810 2087 968 2152 vivendum
1016 2109 1100 2166 cens,
1119 2090 1143 2152 si
1158 2088 1277 2172 quando
1294 2090 1363 2164 illos¹
1376 2090 1520 2150 dissidere
1534 2091 1613 2149 inter
1626 2109 1657 2150 se
1671 2091 1803 2149 animad-

187 2185 335 2252 valerent,
350 2194 489 2260 pertaesm
502 2197 590 2237 unam
603 2178 741 2236 virtutem
756 2176 906 2238 altissimis
920 2179 970 2238 de·
1016 2182 1150 2241 vertisset
1169 2183 1219 2258 (1).
1237 2178 1477 2260 Reprehendebat
1493 2199 1563 2238 vero
1583 2199 1642 2238 non
1662 2179 1802 2256 graviter,

189 2273 276 2330 θκαιιι
285 2267 436 2330 radicibus
449 2286 512 2326 esse
525 2265 658 2328 eredidit.
1015 2269 1064 2327 sed
1080 2283 1199 2329 venuste
1216 2292 1223 2328 :
1246 2290 1306 2328 non
1318 2283 1350 2328 ut
1364 2269 1538 2329 calumniari
1560 2270 1736 2346 castigatos,
1753 2268 1804 2328 sed

215 2358 296 2418 ''llaec
310 2371 397 2436 atque
411 2357 469 2418 alia
483 2355 514 2417 id
529 2377 620 2434 genus
633 2369 787 2434 postquam
811 2376 829 2415 a
844 2357 972 2433 Diogene
1017 2357 1157 2434 prodesse
1177 2357 1253 2416 velle
1273 2370 1330 2416 tam
1346 2357 1432 2436 ipsis,
1454 2378 1541 2436 quam
1557 2357 1669 2417 caeteris
1683 2357 1737 2433 qui
1748 2375 1804 2415 au-

189 2447 305 2506 audivit
315 2445 366 2528 (a),
378 2467 439 2506 rem
451 2446 623 2505 familiarem
633 2444 761 2521 abjicere
770 2457 856 2522 atque
870 2445 905 2503 ad
914 2445 971 2522 Cy·
1018 2442 1148 2517 diebant,
1158 2446 1317 2505 videretur.
1328 2447 1384 2504 Sed
1398 2448 1538 2524 quoniam
1552 2448 1684 2506 omnium
1699 2446 1804 2506 domos

188 2537 284 2597 nicam
305 2549 411 2596 sectam
435 2536 559 2594 transire
582 2532 741 2592 constituit.
767 2530 912 2601 Quocirca
938 2532 972 2591 in
1017 2532 1130 2591 intrans
1142 2533 1305 2592 honorilice
1316 2547 1345 2591 et
1358 2546 1490 2592 amanter
1501 2534 1716 2612 excipiebatur,
1732 2534 1803 2592 aci·

189 2625 285 2684 lorum
302 2623 450 2702 proiectus
462 2619 634 2699 reipublicae
652 2637 725 2696 opes
738 2636 806 2676 suas
816 2619 970 2681 concessit.
1017 2619 1105 2680 vibus
1119 2623 1260 2680 ostiorum
1276 2635 1393 2700 apertor
1407 2635 1528 2681 vocatus
1540 2635 1583 2680 est
1595 2621 1648 2702 (ὅ).

191 2709 294 2771 Fertur
307 2722 403 2770 autem
417 2708 527 2766 dixisse
543 2730 552 2766 ι
863 2760 865 2763 .
1058 2707 1171 2767 Floruit
1183 2711 1261 2767 circa
1275 2712 1461 2768 centesimam
1482 2723 1510 2767 et
1533 2709 1646 2768 tertiam
1662 2709 1804 2768 decimam

1016 2795 1220 2874 Olympiadem
1235 2797 1287 2874 (6).
1309 2796 1409 2875 Neque
1421 2809 1517 2856 tamen
1531 2796 1653 2856 dubium
1669 2811 1713 2856 est
1733 2797 1806 2875 quin

1017 2883 1125 2943 vixerit
1136 2903 1228 2963 usque
1245 2885 1281 2943 ad
1296 2898 1432 2964 quartam
1447 2884 1629 2965 Olympiadis
1643 2886 1806 2944 centesimae

1018 2975 1164 3033 vicesimae
1182 2974 1316 3034 secundae
1329 2994 1454 3044 annum,
1470 2995 1530 3052 quo
1544 2976 1651 3035 missus
1663 2996 1681 3033 a
1694 2976 1805 3054 populo

192 3032 973 3169 Kffifflffifq'Affgfflffmffss‘ofqmfflf
1020 3062 1190 3121 Atheniensi
1220 3062 1398 3122 Demetrium
1424 3062 1461 3121 ab
1489 3064 1592 3122 iterata
1625 3064 1805 3122 Athenarum

188 3174 338 3239 ‘pompm
348 3176 390 3233 „p
399 3174 482 3224 ,ng
491 3174 617 3223 ἅρπη,
632 3173 731 3238 muare
740 3172 864 3235 ,marm
880 3173 972 3234 etam,
1018 3149 1174 3210 obsidione
1187 3152 1294 3210 avertit
1305 3148 1354 3231 (7).
1366 3150 1407 3210 Ut
1419 3150 1609 3211 Xenocratem
1620 3164 1690 3211 teste
1700 3152 1738 3209 11.
1752 3154 1807 3209 hn-

188 3248 243 3297 ιίοί
256 3245 337 3301 παῖδας
348 3242 414 3306 αὐτῷ
422 3245 662 3307 ριλοσοφήσουσι,τῷ
674 3244 742 3307 δήμῳ
754 3244 842 3293 δοῦναι·
853 3245 874 3293 εί
887 3243 973 3305 δὲμή,
1565 3301 1567 3305 Ι

189 3322 237 3373 τοῖς
247 3316 329 3365 παισὶν
338 3316 419 3363 αὐτοῦ·
435 3314 512 3377 γήμας
522 3316 547 3365 δὲ
556 3314 696 3378 Ἱππαρχίαν
708 3318 751 3373 τὴν
760 3316 914 3378 Μαρωνεῖτιν,
924 3330 966 3362 κυ-
1018 3308 1095 3359 1111111.
1107 3310 1143 3359 De
1154 3310 1196 3359 111.
1207 3322 1249 3359 tat.
1262 3308 1293 3359 al.
1304 3322 1357 3372 cap·
1366 3317 1390 3372 8,
1402 3309 1450 3359 vol.
1464 3311 1511 3362 llll
1524 3322 1577 3373 pag.
1592 3312 1637 3361 118
1647 3308 1805 3373 8111111813

188 3385 304 3449 νογαμίαν
314 3386 354 3435 τὸν
362 3386 439 3447 γάμον
453 3384 558 3435 ἐκάλεσε·
575 3387 649 3435 παῖδα
658 3385 682 3433 δέ
696 3386 765 3448 έσχεν
775 3386 798 3441 tt
808 3386 879 3443 αὐτῆς
891 3387 970 3434 Πασι-
1017 3380 1115 3441 01151111.
1131 3384 1215 3429 contra
1226 3380 1324 3431 Celsum
1336 3379 1377 3429 lib.
1392 3382 1417 3429 11
1430 3392 1483 3442 pag.
1499 3382 1529 3429 81
1543 3378 1583 3429 ed.
1603 3382 1721 3443 Speucet.
1736 3383 1762 3431 et
1780 3382 1806 3431 iu

189 3457 256 3505 κλέα.
272 3456 317 3505 Ἦν
330 3456 355 3505 δὲ
365 3456 403 3505 ἐπὶ
415 3460 456 3513 τῆς
469 3454 516 3518 ριγ’
525 3454 691 3520 Ὀλυμπιάδος.
701 3456 863 3513 'aunuente
874 3456 973 3519 θυρεπα-
1017 3450 1161 3500 Μαιῑθουιιι
1171 3462 1224 3512 cap.
1233 3454 1270 3500 ιν.
1284 3449 1357 3500 Aliter
1366 3450 1504 3501 Demetrius
1517 3450 1616 3512 Magnes
1624 3462 1665 3512 ap.
1682 3450 1806 3501 Laeuium

189 3526 291 3584 νοικςης,
303 3526 343 3575 διὰ
355 3525 383 3574 οδ
393 3526 467 3580 aaa<
480 3526 625 3589 εῑσνρχισοαι
635 3527 668 3582 εις
675 3527 762 3583 παντὸς
773 3525 845 3589 οὕπερ
858 3526 970 3584 lecturo
1018 3521 1052 3571 v1
1062 3556 1070 3583 ‚
1083 3524 1113 3571 88
1127 3522 1206 3579 ιΦντὶ
1219 3521 1245 3570 δὲ
1252 3521 1383 3583 Δημήτριοι
1392 3522 1406 3569 ὁ
1415 3520 1525 3583 Merme.
1535 3519 1659 3583 τραπεζίτῃ
1669 3522 1713 3569 τινί
1729 3537 1806 3585 παρα-

190 3597 264 3646 ο1κον.
284 3594 360 3650 Οὗτος
376 3596 513 3644 καταλιπὼν
528 3597 570 3654 τὴν
585 3594 668 3645 οιλσίαν
680 3582 827 3659 μηλόθοτον,
846 3597 921 3659 ἀρθείς
932 3595 971 3647 tet
1018 3590 1166 3640 κατατιθέναι
1177 3591 1205 3641 τὸ
1215 3591 1332 3655 θργιίριον,
1351 3590 1497 3653 συνθέμενον,
1513 3591 1533 3639 εἰ
1549 3590 1590 3651 μέν
1602 3591 1625 3639 ol
1639 3591 1722 3647 παῖδες
1736 3592 1802 3641 1διῶ-

189 3671 232 3715 τοῦ
244 3668 341 3728 βωμοῦ,
351 3666 424 3714 είπεν·
433 3663 563 3727 Ἔλευθεροῖ
575 3663 686 3727 Κράτητα
694 3666 803 3723 θηθαῖον
814 3665 915 3728 Κράτης.
930 3664 973 3715 Ἔ-
1018 3678 1057 3711 ται
1077 3661 1189 3724 γένοιντο,
1200 3661 1280 3715 αὐτοῖς
1300 3661 1442 3721 ἀποδοῦναι,
1459 3662 1479 3709 εί
1490 3660 1515 3709 δὲ
1535 3659 1671 3724 φιλόσοφοι,
1685 3665 1720 3724 τῷ
1734 3662 1803 3725 δήμῳ

190 3733 392 3797 γραψεφιλὸσορα.
405 3734 496 3797 Κράτης
510 3734 583 3783 εἶπεν
594 3734 687 3798 Ἔρονια
698 3737 767 3786 παύει
776 3736 850 3799 λιμός,
864 3738 885 3786 τί
894 3736 919 3785 et
929 3737 973 3800 μή,
1018 3736 1143 3795 διανεῖμαι.
1163 3733 1267 3791 Μηδενὸς
1277 3732 1322 3795 γὰρ
1343 3732 1444 3788 ἐκείνους
1466 3732 1591 3789 δεήσεσθαι
1612 3733 1804 3795 φιλοσοφοῦντας.

191 3804 282 3865 χρόνος·
295 3804 315 3852 εί
327 3803 352 3852 dl
363 3804 396 3864 pal
409 3808 478 3852 τοῦτο
491 3804 602 3864 δύναται,
617 3804 710 3868 βρόχος.
723 3805 799 3861 Οὗτος
809 3806 974 3855 κατεπόντωσε
1020 3804 1080 3853 Mite
1093 3802 1253 3852 Phlloaltalus
1266 3801 1291 3850 111
1309 3802 1360 3852 vita
1374 3800 1493 3863 Apollonii
1510 3800 1551 3851 111).
1565 3802 1641 3865 111111.
1656 3806 1685 3853 18
1698 3818 1705 3851 ;
1721 3805 1762 3853 τόν
1780 3804 1806 3853 δὲ

191 3874 234 3932 τὴν
245 3873 342 3933 οιίσίαν,
356 3877 388 3929 ὡς
401 3873 462 3932 λέγει
478 3872 636 3938 Φιλόστρατος
649 3876 777 3936 όΔὴμνιος
792 3875 816 3924 έν
826 3880 862 3939 τῷ
876 3876 922 3941 βίῳ
936 3882 973 3928 ’Δ-
1020 3874 1125 3931 Θηθαῑον
1138 3869 1248 3935 Κράτητα
1263 3872 1480 3923 καταποντῶσαντα
1492 3874 1534 3933 τὴν
1546 3872 1630 3922 οθσίαν
1645 3874 1698 3923 οὔτε
1712 3874 1803 3937 ἀνθρώ-

190 3944 322 3993 πολλωνίου
332 3949 375 3993 τοῦ
387 3944 511 4007 Τυανέως,
527 3947 568 3993 καί
583 3944 646 3994 έστιν
658 3945 682 3994 έν
692 3948 727 4009 τῷ
739 3944 899 4009 Ἀναξαγόρας.
913 3948 972 3997 Dio·
1018 3960 1072 4000 ιιοις
1083 3942 1189 4004 γενέσθαι
1207 3942 1336 4000 ἐπιτήδειον
1349 3943 1402 3993 οὔτε
1415 3944 1549 4007 προθᾶτοις.
1566 3972 1598 3986 -
1612 3945 1647 4007 (3)
1660 3944 1805 3995 Plutarchus

190 4026 261 4076 genta
269 4016 378 4065 Laertius
384 4014 426 4066 lib.
438 4017 482 4075 Vl,
493 4018 522 4065 85
531 4033 539 4067 τ
549 4015 640 4081 Κράτης
651 4014 793 4079 Ἀσκώνδου,
808 4018 974 4080 Θηόαίος,καὶ
1019 4015 1054 4063 De
1065 4012 1139 4062 animi
1149 4011 1318 4075 tranquillitate
1332 4026 1385 4075 cap.
1402 4018 1417 4063 4
1431 4028 1437 4057 2
1447 4014 1540 4077 Κράτης
1554 4016 1630 4079 πήραν
1641 4014 1703 4077 έχων
1711 4016 1751 4064 καί
1762 4015 1807 4080 τρί-

191 4084 259 4141 οότος
267 4090 314 4134 τῶν
330 4085 507 4148 ίλλογίμωντοιλ
518 4086 592 4143 Κυνὸς
608 4088 725 4148 μαθητῶν.
738 4086 876 4146 Ἱππόθοτος
889 4089 916 4137 δι’
928 4105 973 4150 ρη-
1018 4085 1092 4145 θωνα,
1109 4081 1197 4139 παίζων
1208 4084 1249 4133 καὶ
1264 4086 1338 4143 γαλῶν
1350 4084 1430 4149 ὥσπερ
1440 4085 1464 4133 ἐν
1479 4087 1547 4149 ἑορτῇ
1556 4087 1597 4135 τὸν
1613 4086 1664 4149 βίον
1679 4087 1803 4137 διετέλεσε.

192 4171 229 4204 σιν
244 4154 272 4203 οὗ
284 4155 406 4217 Διογένους
423 4154 493 4204 αὐτὸν
513 4156 617 4219 μαθητὴν
632 4157 765 4219 γεγονέναι,
776 4157 835 4206 ἀλλὰ
851 4156 973 4220 Βρύσωνος
1019 4155 1092 4217 -(4)
1103 4154 1293 4207 Julianusorat.
1304 4156 1337 4205 tu
1348 4168 1399 4217 pag.
1408 4160 1451 4206 101
1466 4158 1494 4205 :d
1504 4156 1594 4222 Κράτης
1601 4157 1755 4219 ἐδημοσίευστ
1763 4160 1805 4218 τήν

191 4229 233 4273 τοῦ
245 4225 387 4287 iaqumu·-
398 4225 720 4287 (1)51111ρΙΙοίοεῦο111111ε111.
733 4227 757 4276 111
765 4226 866 4289 Epietet.
875 4228 971 4277 Enehir.
1020 4226 1111 4276 οὐσίαν·
1127 4226 1179 4275 εἶτα
1190 4227 1222 4283 εἰς
1236 4225 1264 4274 τό
1277 4230 1348 4286 σῶμα
1363 4225 1466 4291 βλαθείς,
1477 4226 1598 4278 ίσκυπτεν
1607 4228 1690 4279 ίαυτδν
1701 4228 1743 4289 τήν
1752 4245 1804 4292 χευ-

268 2845 366 2900 Crates
378 2817 518 2898 Cratetem'
524 2843 618 2912 privat
631 2837 686 2891 dac
694 2842 831 2914 pecunia,

86 4296 90 4306 ’
193 4296 313 4354 οαρ.Χρ.
326 4297 369 4343 107
383 4306 436 4356 seq.
450 4294 643 4356 edSeltweigh.=
660 4296 734 4345 Πενία
746 4298 812 4347 οὐδέν
824 4297 908 4358 δεινόν,
924 4298 974 4347 lusi
1018 4298 1106 4356 λόιητα
1116 4302 1159 4346 τοῦ
1178 4298 1275 4354 σκέλους
1295 4298 1335 4345 καί
1348 4298 1375 4347 τὸ
1388 4299 1472 4362 κυρτὸν
1489 4306 1536 4349 τῶν
1551 4301 1632 4363 ὤμων·
1644 4300 1766 4363 ἐπορεύετο
1780 4301 1806 4351 δὲ
1825 4306 1837 4313 ’

194 4364 235 4411 καί
246 4363 347 4425 Κράτητι
360 4363 389 4411 ἂν
408 4364 471 4420 ἔδοξε
483 4370 518 4428 τῷ
530 4365 629 4429 θηθαίῳ
643 4366 718 4416 δεινόν
726 4365 772 4428 ,ὃς
790 4372 838 4416 τῶν
851 4369 935 4417 ἑαυτοῦ
943 4373 973 4431 τῇ
1019 4368 1058 4417 ἐπὶ
1066 4369 1109 4425 τὰς
1122 4374 1169 4417 τῶν
1184 4368 1256 4431 φίλων
1266 4368 1358 4430 ἑστίας,
1372 4368 1479 4433 ἄκλητος,
1497 4372 1645 4434 κεκλημένος,
1658 4370 1805 4421 διαλλάσσον

194 4432 260 4481 πόλει
276 4434 449 4496 παραχωρήσας
463 4436 504 4483 καί
522 4436 610 4497 εἰπών,
625 4437 716 4501 Κράτης
726 4436 836 4502 Κράτητα
846 4438 973 4502 χρημάτων
1018 4438 1072 4494 τοὺς
1093 4438 1248 4495 οἰκειοτάτους
1263 4438 1384 4499 αλλήλοις,
1403 4438 1424 4489 τί
1437 4457 1495 4490 ποτε
1505 4440 1672 4499 στασιάζοντας
1689 4441 1802 4491 αίσθοιτο.

193 4502 332 4566 ἀποστερεῖ,
344 4502 397 4552 τότε
416 4504 491 4560 ἔδοξεν
508 4506 678 4571 ἐλευθεροῦσθαί
697 4509 737 4557 καὶ
760 4510 873 4573 στέφανον
887 4513 919 4567 ὡς
934 4511 974 4560 ἐπὶ
1020 4510 1134 4573 Ἐπιτίμα
1146 4510 1206 4560 stou
1217 4510 1385 4574 μετὰπικρίας,
1395 4512 1455 4562 aua
1468 4514 1527 4577 μετὰ
1540 4512 1642 4576 χάριτος
1654 4512 1747 4575 οὖχίνα
1760 4530 1803 4563 συ·

194 4572 311 4636 ἐλευθερίᾳ
318 4573 495 4637 πεφιεόάλλετο.
511 4574 547 4625 ότι
558 4577 601 4636 τὴν
609 4577 690 4626 πενίαν
699 4578 749 4627 ἀντὶ
761 4584 801 4637 τῆς
813 4580 920 4643 εὐπορίας
930 4581 973 4641 ἠλ-
1019 4584 1140 4641 κοραντεῖν
1156 4580 1214 4642 δοκῇ
1223 4580 1276 4636 τοὺς
1293 4583 1500 4643 σωφρονισθέντες·
1520 4584 1616 4644 ὠρελεῖν
1626 4580 1651 4630 δέ
1661 4581 1746 4632 ἔθελον
1762 4584 1804 4633 αὖ·

192 4645 286 4700 λέξατο.
298 4644 419 4705 Diogenes
424 4644 533 4695 Laertius
542 4648 588 4707 Vl,
600 4649 629 4695 87
639 4665 646 4695 a
654 4647 742 4698 Τοῦτόν
751 4666 820 4711 φησιν
834 4652 974 4709 Ἀντισθένης
1019 4650 1072 4707 τούς
1081 4666 1107 4699 τε
1120 4650 1269 4706 1κείνουςκα1
1279 4651 1333 4707 τοὺς
1342 4651 1478 4707 ἀκούοντας.
1489 4681 1519 4692 -
1529 4650 1563 4714 (5)
1577 4651 1721 4703 Plutarchus
1731 4654 1802 4715 Syru·

191 4718 275 4771 1ντα1ς
282 4716 409 4777 Διαδοχαῖς
419 4714 561 4777 θεασάμενον
571 4716 596 4765 lx
608 4734 653 4767 τινι
662 4720 780 4784 τραγωδίφ
788 4721 892 4784 Τήλεφον
907 4738 970 4771 ortu*
1019 4721 1108 4783 pusiac-
1122 4720 1164 4770 lib.
1180 4723 1202 4771 ll
1214 4726 1301 4784 quast.
1318 4725 1332 4773 Ι
1345 4735 1397 4785 cap.
1417 4730 1432 4774 θ
1444 4736 1451 4772 :
1466 4722 1577 4786 Κράτητα
1593 4724 1617 4773 δέ
1629 4726 1669 4774 τὸν
1680 4722 1804 4787 φιλόσοφον

192 4786 266 4847 ρίδιαν
277 4786 363 4847 έχοντα
371 4786 411 4833 καὶ
430 4785 502 4834 τᾶλλα
516 4787 603 4851 λυπρὸν
623 4787 697 4845 ἀίξαι·
714 4790 753 4839 ἐπὶ
769 4792 811 4847 τὴν
823 4794 922 4851 κυνικὴν
931 4811 969 4857 ρι-
1019 4791 1051 4847 τίς
1060 4793 1141 4839 πᾶσαν
1151 4790 1228 4838 οἰκίαν
1242 4791 1344 4841 εἰσιόντα
1356 4792 1489 4855 μετὰτιμῆς
1503 4796 1542 4843 καί
1557 4795 1723 4857 φιλοφροσύνης
1739 4795 1804 4858 δεχο-

191 4854 316 4918 λοσοφίαν’
326 4854 534 4918 ἐξαργυρισάμενόν
541 4872 566 4906 τι
575 4858 617 4917 τὴν
626 4857 709 4907 οθσίαν
717 4860 766 4919 (καί
775 4860 853 4923 γὰρῆν
864 4865 910 4911 τῶν
922 4864 974 4912 lm-
1019 4860 1105 4922 μένων,
1116 4862 1296 4924 θυρεπανοίκτην
1305 4864 1412 4913 ἐκάλουν.
1423 4865 1494 4916 Cotti.
1506 4865 1594 4927 fragm.
1605 4869 1644 4915 11.
1659 4892 1691 4902 -
1701 4866 1801 4928 (611110-

192 4924 286 4988 φανῶν)
303 4924 443 4988 ἀθροίσαντα
456 4927 512 4989 πρθς
526 4927 557 4975 τὰ
571 4929 654 4978 έκατδν
671 4928 782 4979 διακόσια
795 4930 911 4994 τάλαντα,
926 4937 974 4990 τοῖς
1018 4942 1091 4992 gunea
1105 4930 1213 4980 Laertius
1223 4930 1265 4980 lib.
1275 4933 1361 4996 Vl,87=
1373 4934 1462 4997 ᾗκμαζε
1471 4936 1566 4985 δέκατὰ
1578 4938 1621 4995 τὴν
1632 4936 1710 5000 τρίτην
1721 4938 1804 4987 καὶδε-

192 4994 420 5057 maturescentium
430 5000 513 5058 ταῦτα,
524 4998 593 5047 αὐτόν
602 4998 627 5048 δ1
634 5004 749 5063 καρτερῶς
758 5000 821 5048 οότοι
831 5002 973 5065 φιλοσοφεῖν,
1019 5000 1093 5060 κότην
1110 5004 1150 5051 καί
1170 5004 1299 5061 ἑκατοστὴν
1319 5004 1476 5068 Ὀλυμπιάδα.
1497 5036 1527 5048 -
1542 5008 1576 5067 (7)
1595 5007 1740 5057 Plutarchus
1757 5009 1801 5059 vu.

189 5066 255 5115 ὥστε
263 5066 304 5113 καὶ
313 5066 435 5126 Φιλήμονα
442 5066 482 5115 τδν
491 5068 595 5130 κωμικόν
604 5068 676 5118 αὐτοῦ
686 5072 825 5133 μεμνῆσθαι.
832 5072 896 5129 Φησὶ
905 5076 970 5131 γοῦν·
1019 5073 1126 5121 Demetr.
1135 5075 1270 5135 capum
1278 5088 1284 5119 :
1293 5076 1307 5123 ό
1315 5073 1335 5124 δ’
1342 5076 1401 5138 ὀργῇ
1411 5078 1451 5138 μὲν
1460 5077 1556 5135 ἐπῆλθεν
1563 5077 1651 5139 αὐτοῖς,
1659 5080 1699 5128 καὶ
1708 5080 1802 5143 πολιορ·

190 5137 236 5184 Καὶ
249 5136 376 5199 τοῦθέρους
389 5135 430 5195 μὲν
442 5137 504 5200 εἶχεν
515 5137 605 5200 ίμοίτιον
615 5139 684 5201 δασύ,
692 5138 735 5188 'lx'
747 5142 779 5196 ὡς
788 5140 880 5203 Κράτης
894 5140 919 5203 ἦ,
929 5145 973 5190 τοῦ
1019 5142 1073 5192 κίαν
1083 5144 1134 5206 περὶ
1145 5144 1172 5192 τὸ
1183 5143 1243 5192 ἄστυ
1257 5146 1418 5202 συνεστήσατο
1430 5146 1551 5212 καρτεράν.
1570 5147 1688 5211 Κράτητος
1706 5150 1744 5209 δέ,
1760 5154 1803 5199 τοῦ

188 5204 215 5254 δὲ
226 5209 341 5269 χειμῶνος
356 5204 436 5267 ῥάνας.
448 5208 486 5256 (11.
505 5207 592 5258 AElian.
605 5209 662 5260 Var.
682 5207 739 5257 tuat:
752 5207 794 5257 lib.
809 5210 855 5269 111,
868 5214 899 5268 θς
912 5209 971 5261 Plu·
1019 5212 1163 5277 φιλοσόφου,
1180 5216 1321 5279 πεμφθέντος
1332 5217 1378 5265 unt
1399 5222 1442 5266 τοῦ
1455 5218 1530 5281 δήμου
1550 5218 1606 5283 πρὸς
1622 5218 1706 5281 αὐτόν,
1721 5220 1802 5283 ἀνδρός

964 5310 1018 5361 381
