3959 5925
749 417 790 477 m
812 386 986 478 uruntur
1007 411 1206 474 carnonis.
1708 423 1766 475 rrr

161 568 236 621 quam
253 552 425 618 imprimuntur
443 549 566 612 signacula
585 561 676 610 rerum,
692 550 718 597 et
735 547 941 610 receptaculum,
987 543 1123 606 bent,siue
1138 543 1209 607 plana
1223 542 1285 605 sint,
1306 555 1348 592 seu
1364 541 1447 590 solida.
1480 542 1569 603 Figura
1579 555 1653 604 porro
1676 545 1768 605 species

162 649 187 695 et
205 641 330 693 interdum
351 640 547 700 melrematque
562 637 819 687 nutmcutcmtotiets
834 647 943 698 penmo-
988 632 1110 696 qualitatis
1124 634 1168 680 est.
1200 631 1280 688 Quare
1299 627 1690 692 siestlimitatasilra,qualitate
1704 643 1768 692 pree-

163 734 249 781 liontt.
281 727 439 790 liapassicne
452 723 754 785 ueroaudientiom,cum
771 721 942 772 dicitudutte·
987 717 1177 781 dita‚etligurae
1186 730 1284 780 compos
1294 717 1340 766 erit
1352 729 1394 779 per
1404 716 1637 778 semetipsam‚quae
1650 716 1769 782 iulormis,

161 821 221 868 rino
239 814 353 880 quodam
368 813 504 863 intellecto
522 809 727 872 recordandum,
750 814 776 861 et
793 813 944 885 conticerem
988 809 1138 874 etqualitate
1152 821 1235 858 carens
1254 806 1377 857 euidenter
1397 809 1494 856 ostensa
1514 811 1559 857 est.
1592 808 1655 869 Ergo
1676 806 1769 857 infinita

161 907 217 957 cirre
230 905 493 966 tcnqeattumsensu.
527 900 795 961 omuibuseerosupra
807 898 945 948 memoratis
988 912 1100 964 qnoque,
1113 903 1138 950 et
1150 899 1249 949 minime
1267 898 1434 949 determinata.
1467 897 1564 948 infinita
1577 911 1661 960 porro,
1674 912 1723 948 non
1742 901 1771 950 ut

160 991 322 1042 communiter
335 988 507 1054 placetaitrarn
520 999 574 1036 esse
592 985 736 1036 mutabilem
752 988 829 1036 totam
842 987 870 1056 et
884 997 943 1035 con-
990 1002 1045 1052 qum
1060 990 1187 1048 immense,
1205 987 1315 1050 latoque,
1325 988 1351 1037 et
1363 985 1563 1048 insuperabiliter,
1575 991 1685 1047 porrecta
1697 989 1770 1049 sunt,

162 1079 320 1129 vertibilem:
341 1075 384 1126 sed
407 1075 589 1125 conversionem
610 1074 818 1135 mutationemque
831 1073 883 1134 cius
903 1073 941 1121 di·
989 1076 1032 1126 sod
1050 1080 1078 1125 nt
1098 1088 1153 1137 quae
1173 1077 1274 1136 possunt
1290 1073 1370 1136 atiquo
1394 1074 1469 1124 limite
1483 1073 1618 1136 circumiri,
1632 1076 1769 1125 nectamen

161 1179 230 1217 verse
243 1165 435 1226 interpretantur.
467 1164 579 1223 Namque
597 1161 778 1224 aliiputantex
792 1161 943 1225 suapropria
987 1163 1068 1212 adhuc
1080 1162 1166 1212 mentis
1178 1159 1367 1211 consideratione
1384 1163 1477 1212 uallata.
1502 1161 1771 1226 atquoutsioequali·

163 1255 256 1303 ratione
267 1251 376 1301 conuerti
389 1254 414 1301 et
425 1263 521 1301 sumere
534 1250 671 1312 quatientes,
680 1263 736 1299 cum
745 1262 775 1299 ea
786 1248 943 1298 conversione

161 1341 221 1391 nibil
227 1339 321 1389 accidat
328 1341 415 1402 praeter
424 1339 513 1388 uariam
518 1338 665 1400 qualitatem.
677 1341 754 1396 Quam
760 1337 858 1400 quidem
865 1337 939 1398 quali·

161 1429 236 1478 tatem
252 1425 409 1476 nibilominus
422 1438 475 1476 ease
486 1426 571 1475 siluam
589 1425 615 1474 in
628 1425 676 1475 alio
692 1425 766 1488 atque
785 1423 833 1473 alio
846 1422 940 1472 babitu.

160 1515 236 1566 Nubis
254 1517 336 1564 autem
357 1525 509 1576 nequaquam
527 1514 606 1576 placet
627 1511 727 1563 eandem
742 1512 828 1561 silvam
846 1523 900 1560 esse
918 1513 944 1559 et

162 1602 303 1665 qualitatem
319 1620 326 1650 ι
343 1601 433 1664 quippe
441 1613 545 1664 quornm
556 1601 630 1650 altera
643 1600 676 1650 sit
684 1599 752 1662 quasi
764 1597 876 1660 quedam
887 1596 944 1647 sub

159 1691 224 1753 jecta
234 1689 347 1750 materia,
359 1688 435 1738 altera
450 1688 561 1738 accidens
576 1687 635 1751 quid
647 1687 726 1737 cidem
738 1687 853 1736 matema.
878 1689 942 1743 Quas

159 1790 236 1827 causa
253 1782 291 1827 est
302 1790 346 1826 cur
361 1777 423 1825 citra
439 1774 544 1838 patibilis
557 1787 610 1824 esse
625 1774 755 1836 probetur;
776 1774 867 1836 quippe
886 1785 943 1834 qum

161 1864 275 1927 suscipiet
286 1863 393 1913 dlvmsas
406 1862 533 1926 qualitates
544 1875 574 1911 ex
585 1861 762 1910 immutatione.

193 1955 309 2004 cccviii
326 1954 366 2003 Fit
380 1965 452 2016 porro
466 1951 593 2001 conversio
611 1951 681 2012 juxta
700 1950 804 2010 silvam,
826 1962 875 1998 non
890 1949 943 2012 ipsa

161 2039 222 2090 silva
241 2041 385 2103 perpetiente
408 2039 575 2100 mutationem,
594 2037 638 2088 aed
658 2051 756 2097 earnm,
779 2049 834 2100 quae
845 2040 904 2087 sunt
918 2038 943 2086 in

162 2109 257 2188 eadem,
272 2129 297 2176 et
307 2127 459 2177 continentur
470 2126 501 2175 ab
511 2139 554 2186 ea,
567 2125 716 2189 qualitatum.
750 2125 844 2189 Quippe
856 2126 876 2174 si
892 2125 944 2187 ipsa

163 2215 304 2277 mutabitur,
315 2215 339 2263 in
355 2213 422 2263 aliud
439 2212 556 2276 quiddam
568 2213 722 2261 convertatur
734 2223 833 2261 necesse
847 2215 899 2272 eet,
914 2224 943 2260 ac

160 2300 317 2351 desinetesse
332 2300 408 2359 silva,
424 2300 489 2362 quod
506 2293 597 2349 ratiode
611 2301 674 2348 certe
690 2305 762 2348 caret.
796 2301 905 2360 Namque
916 2299 943 2348 ni

160 2401 226 2450 cera,
239 2401 295 2450 qum
307 2387 473 2450 transfigurata
492 2387 516 2436 in
529 2388 617 2436 multas
627 2384 782 2447 dirorrasquo
793 2387 883 2435 lormas
894 2399 943 2434 non

159 2457 215 2534 ipsa
225 2475 334 2533 uertitur,
349 2474 392 2524 sed
407 2475 504 2536 ligurae,
519 2475 571 2536 ipsa
581 2475 606 2522 iu
620 2473 716 2537 propria
727 2476 813 2523 uatum
832 2485 943 2534 persevc-

162 2566 245 2623 rante,
264 2575 321 2610 eum
336 2563 419 2623 figurae
437 2575 487 2611 nou
499 2562 549 2610 sint
564 2561 629 2623 quod
649 2565 753 2610 ceraest
774 2575 781 2608 :
803 2560 839 2609 sic
856 2559 944 2622 opinor

163 2650 249 2698 siluam
267 2662 380 2711 quoque,
402 2648 624 2709 tormislrgurisque
637 2649 763 2706 variatam,
783 2660 840 2696 eum
854 2646 884 2697 de
899 2659 943 2695 sua

161 2734 298 2784 conditione
316 2734 415 2784 minime
427 2734 536 2796 recedat,
546 2736 610 2784 reete
625 2734 747 2796 patibilem
761 2733 818 2783 dici.

196 2824 325 2872 cccviii.
340 2825 416 2870 littam
434 2822 481 2870 boc
496 2821 656 2870 communiter
669 2821 700 2870 ab
714 2820 827 2870 omuibus
841 2833 944 2882 pronun·

165 2907 252 2970 tiator,
265 2907 351 2957 silvam
364 2909 416 2957 siue
434 2908 551 2971 qualitate
569 2919 638 2970 esse,
650 2919 678 2956 ao
692 2909 744 2956 sine
766 2907 844 2969 ignca
853 2909 878 2957 et
892 2907 944 2956 sioe

165 2994 257 3056 specim
265 3007 313 3043 non
321 2995 386 3057 quod
394 2996 445 3045 alne
452 2996 491 3044 bis
500 3008 606 3057 unquam
613 3008 664 3047 esse
674 2995 758 3057 possit,
765 2995 808 3046 sed
816 2995 880 3058 quod
891 2995 945 3044 lrrec

166 3088 197 3129 en
210 3080 306 3142 propria
318 3084 402 3129 natura
412 3095 460 3132 non
474 3081 571 3145 babeat,
586 3095 632 3131 aec
646 3081 764 3145 possideat
779 3081 943 3145 potiusquam

169 3169 300 3232 comitetur
306 3170 396 3233 species
407 3172 431 3220 et
443 3170 579 3232 qualitates.
589 3171 696 3233 nonique
705 3171 726 3219 si
735 3171 822 3220 mentis
834 3168 945 3219 conside-

166 3257 258 3306 ratione
271 3257 382 3306 vclumus
400 3258 422 3307 ei
441 3258 494 3306 bec
512 3257 634 3319 adimere,
648 3258 701 3307 sine
720 3256 809 3320 quibus
830 3270 879 3305 non
900 3258 945 3318 cst,

165 3357 292 3406 pomonam
304 3344 327 3393 ei
336 3357 386 3393 non
395 3344 497 3406 ellectu,
508 3345 550 3395 sed
558 3344 727 3407 posibililate,
739 3343 943 3393 borumomnium

165 3432 340 3493 possessionem
361 3432 426 3482 dore.
463 3431 613 3482 Possibililas
635 3435 717 3480 autem
737 3424 832 3492 gemina
854 3431 946 3481 ratione

164 3518 312 3579 intelligitur.
344 3521 416 3578 Una,
441 3523 468 3567 ut
490 3532 546 3568 oum
564 3518 667 3568 dicimus
687 3519 712 3567 in
737 3520 829 3568 semine
847 3531 946 3568 omnem

166 3606 357 3667 totiuscorporis
374 3606 473 3667 perlecti
495 3608 614 3656 rationem
632 3608 698 3656 ictus
710 3606 797 3666 latere,
815 3620 946 3669 semenque

167 3690 323 3752 possibilitate
336 3690 422 3738 animal
438 3704 500 3740 esse.
534 3693 627 3751 Altera,
643 3693 708 3753 quod
720 3694 837 3742 rationem
847 3692 946 3756 quidem

165 3778 192 3826 in
205 3790 232 3826 se
249 3777 336 3826 lotura
354 3778 513 3839 generationis
529 3778 635 3826 nondum
656 3779 742 3838 babet;
766 3772 808 3827 sed
822 3779 879 3840 quia
898 3780 946 3829 tale

168 3866 206 3914 est
217 3866 312 3924 natura,
329 3866 357 3913 ut
367 3866 517 3915 extrinsecus
528 3865 636 3925 accipere
648 3866 722 3926 quasit
733 3867 838 3915 rationes
856 3866 945 3915 torma·

165 3966 232 4014 rum,
243 3957 268 4005 et
277 3954 435 4016 qualitatum
458 3954 613 4016 possibilitate
629 3953 731 4003 dicimus
740 3968 792 4004 esse
803 3955 869 4017 quod
881 3968 943 4004 oon·

165 4042 226 4090 dum
238 4045 289 4102 est,
304 4044 331 4091 ut
344 4044 399 4091 ocris
406 4078 414 4104 ,
428 4055 520 4091 cerceve
529 4078 537 4103 ,
547 4041 742 4091 massainlormis
754 4042 807 4103 est,
817 4043 945 4105 antequam

167 4141 199 4177 ex
212 4133 263 4178 arte
279 4129 375 4191 recipiat
392 4130 490 4180 lormas.

200 4218 301 4267 ccclx.
323 4220 406 4275 Quare
416 4218 437 4266 si
449 4217 513 4266 intra
524 4218 609 4266 stiram
625 4216 686 4265 ratio
706 4217 837 4267 turmarum
851 4219 875 4268 et
890 4231 947 4281 qua·

169 4302 264 4353 litatum
280 4304 353 4367 latet,
369 4309 396 4353 ut
407 4305 494 4354 Stoicis
506 4303 611 4364 ridetur,
631 4303 738 4354 abundat
755 4304 847 4369 opificis
861 4304 946 4355 mode·

170 4391 240 4439 ratio.
280 4392 326 4440 Sed
353 4392 438 4453 opinor
460 4392 529 4441 silum
551 4391 859 4454 opiiicemnecessarium,
883 4392 947 4442 sicut

170 4477 217 4538 ipsi
233 4478 305 4528 etiam
320 4478 394 4529 Stoici
411 4479 531 4529 sanciunt.
577 4479 662 4541 opilea
678 4480 748 4541 igitur
758 4480 826 4529 silum
845 4480 873 4528 ut
891 4482 947 4529 reris

169 4565 324 4628 intermitati,
339 4577 458 4627 ceraeque,
473 4566 560 4615 turmas
567 4565 694 4628 insigniat,
706 4570 777 4629 atque
787 4566 821 4615 ita
830 4565 947 4617 conllabit

167 4654 329 4703 necessariam
344 4652 463 4716 dogmatis
479 4654 601 4703 rationem.

200 4743 291 4791 cccii.
308 4742 470 4791 Nihilominus
483 4740 514 4790 de
531 4740 664 4792 eternitate
678 4741 751 4790 etiam
765 4740 834 4790 sileae
847 4754 946 4792 coaaeu·

168 4827 233 4876 tinnt
242 4830 381 4891 perpetuam
393 4840 445 4878 esse
453 4832 579 4877 censentes
589 4826 685 4889 quando
698 4828 730 4877 ait
741 4841 783 4876 arx
794 4830 819 4878 et
827 4831 894 4889 origo
908 4842 946 4879 re-

168 4928 225 4963 ·rom
240 4933 247 4963 r
262 4915 302 4964 sed
314 4908 396 4964 utrum
408 4915 516 4974 limitata,
528 4915 551 4964 id
564 4919 609 4977 est,
620 4915 784 4975 determinata,
792 4928 946 4977 nequaqnam

167 5001 328 5058 consentiunt,
341 5002 436 5063 qnando
451 5002 635 5051 determinatum
646 5001 836 5063 magnitudinem
848 5015 946 5064 quoque

171 5089 258 5140 babeat
269 5101 367 5140 became
378 5095 423 5141 est.
455 5090 594 5152 Magnitudo
608 5094 690 5140 autem
704 5096 743 5140 eat
756 5090 835 5152 linear,
849 5089 889 5141 uel
903 5104 946 5140 su·

170 5177 291 5241 periciei,
304 5177 343 5229 uel
364 5177 485 5242 corporis,
499 5192 554 5242 qum
572 5179 655 5230 uincta
668 5179 776 5243 proprias
797 5179 884 5243 ligures
900 5178 944 5229 lm·

989 1253 1048 1312 tate,
1063 1251 1115 1301 sine
1124 1250 1198 1313 ligura
1206 1262 1302 1312 quoque
1313 1249 1425 1311 dicimus,
1437 1248 1472 1298 sic
1484 1249 1555 1299 elbm
1565 1249 1693 1310 infinitam,
1703 1251 1771 1302 velut

988 1338 1097 1389 nondum
1123 1340 1179 1387 ante
1196 1337 1392 1398 exornationem,
1405 1335 1511 1399 dumque
1533 1337 1613 1386 adlruc
1635 1337 1698 1387 silva
1717 1343 1768 1402 eat,

988 1425 1036 1474 line
1047 1423 1228 1473 circumdatam.
1493 1479 1501 1491 ,

1021 1513 1126 1563 cccxl.
1145 1512 1285 1573 Eodemque
1299 1522 1343 1559 nee
1354 1509 1545 1571 incrementum,
1563 1521 1608 1560 nec
1618 1509 1769 1560 imminutio-

989 1611 1045 1649 nem
1057 1599 1106 1660 pati
1115 1598 1210 1647 dieitur.
1244 1597 1336 1646 Merito.
1349 1597 1401 1646 Fiat
1412 1595 1484 1650 euim,
1495 1601 1522 1645 ut
1530 1608 1562 1645 ex
1572 1597 1646 1646 nihilo
1655 1597 1770 1648 subsistat

987 1684 1091 1748 aliquid,
1102 1684 1281 1734 etdissoleatur
1292 1683 1317 1732 io
1332 1682 1443 1745 nibilum,
1459 1682 1524 1745 quod
1544 1683 1595 1733 lieri
1610 1697 1658 1734 non
1676 1687 1765 1748 potest.

988 1772 1083 1836 Quippe
1103 1771 1167 1834 quod
1185 1773 1302 1834 augettrr,
1319 1783 1414 1820 accessu
1436 1769 1605 1832 magnitudinis
1624 1773 1723 1832 crescit;
1745 1773 1771 1824 et

953 1868 955 1871 “
989 1861 1074 1923 praeter
1085 1858 1161 1922 ipsam
1173 1858 1257 1908 silvam
1271 1857 1329 1907 nibil
1344 1871 1394 1907 csse
1405 1855 1516 1918 arbitror,
1530 1869 1559 1906 ex
1572 1869 1621 1919 quo
1636 1858 1676 1907 irat
1686 1873 1769 1910 accce-

988 1947 1033 2008 sio,
1049 1945 1088 1997 uel
1108 1947 1133 1995 in
1147 1946 1212 2009 quod
1233 1944 1273 2007 id,
1287 1945 1351 2007 quod
1368 1943 1399 1994 de
1415 1944 1475 1992 silua
1488 1943 1587 2005 delinit,
1605 1944 1695 1994 inaniia
1708 1947 1770 1996 silva

988 2034 1117 2084 minuatur.

1019 2122 1136 2172 cccxii.
1154 2121 1218 2171 Sunt
1233 2120 1274 2184 qui
1287 2121 1384 2170 censent
1394 2131 1447 2170 eam
1457 2119 1538 2183 lnndi,
1551 2122 1640 2171 etitem
1651 2121 1768 2173 contrabi.
1839 2163 1842 2172 .

988 2211 1035 2262 Sed
1054 2224 1133 2274 neque
1156 2210 1264 2260 tunditur
1282 2209 1340 2273 quid
1357 2209 1408 2260 sine
1426 2209 1542 2272 lrumore,
1560 2222 1605 2259 nec
1622 2211 1770 2260 contrabitur

988 2299 1041 2349 siue
1050 2298 1210 2360 replicatione.
1220 2299 1355 2360 Utrumque
1365 2297 1499 2347 autemboc
1509 2302 1631 2348 noncaret
1640 2299 1769 2362 qualitate;

988 2390 1014 2438 at
1032 2385 1092 2436 silua
1109 2388 1174 2435 caret
1190 2385 1313 2448 qualitate.
1346 2387 1431 2448 licque
1451 2385 1523 2446 igilur
1536 2386 1563 2435 ut
1581 2385 1659 2434 insilis
1671 2385 1770 2435 maoeria

989 2473 1127 2536 porrigitur,
1143 2485 1188 2522 nec
1202 2471 1351 2522 contrabitur
1363 2476 1391 2520 ut
1402 2471 1552 2533 replicabilis.

1021 2561 1150 2612 cccxllt.
1170 2562 1231 2609 Sunt
1243 2559 1299 2608 item
1312 2559 1352 2619 qui
1363 2559 1455 2619 putent,
1471 2558 1569 2607 infinitae
1583 2558 1696 2608 sectionis
1710 2559 1768 2622 pati·

989 2647 1061 2696 bilem
1082 2647 1181 2704 silvam,
1197 2643 1239 2693 sed
1255 2643 1414 2706 omne,qnod
1428 2644 1531 2703 secatur,
1548 2644 1709 2704 compositum
1721 2645 1769 2692 mi·

991 2735 1103 2796 nimcqne
1113 2732 1212 2794 simplex
1225 2731 1285 2794 erit,
1300 2735 1324 2780 ct
1337 2731 1362 2779 in
1378 2731 1458 2793 aliquo
1474 2729 1565 2791 spatio,
1581 2729 1647 2792 quod
1665 2731 1702 2779 est
1714 2742 1769 2792 pro·

990 2821 1069 2882 prium
1088 2818 1248 2881 quantitatis:
1265 2830 1322 2880 ergo
1337 2817 1396 2865 silva
1413 2817 1512 2866 minimo
1526 2817 1653 2867 secabitur.
1696 2819 1770 2867 caret

990 2909 1054 2958 enim
1066 2907 1207 2970 quantitate,
1218 2905 1316 2969 perinde
1332 2907 1359 2955 ut
1367 2905 1491 2969 qualitate,
1503 2905 1614 2969 quamvis
1629 2905 1769 2969 qualitatem

990 2996 1197 3060 quantitatemque
1210 2995 1345 3045 comitetur.
1378 2994 1419 3044 Sin
1436 3007 1510 3056 vero,
1525 2994 1581 3057 quia
1592 3006 1692 3057 corpora
1709 3008 1769 3058 qua·

991 3083 1098 3133 litatibus
1108 3086 1133 3132 et
1147 3080 1322 3144 quantitatibus
1333 3081 1448 3143 prtedita,
1458 3095 1513 3144 quae
1526 3082 1556 3131 ab
1568 3096 1596 3132 ea
1607 3082 1770 3143 continentur,

990 3171 1065 3221 secari
1082 3171 1189 3232 queunt,
1202 3170 1279 3231 ipsam
1296 3182 1394 3231 quoqne
1412 3170 1488 3219 secari
1503 3182 1558 3219 cum
1576 3169 1661 3220 iisdem
1672 3169 1771 3219 unalin-

990 3271 1074 3321 gamus
1082 3276 1090 3321 ;
1103 3270 1151 3306 non
1164 3257 1210 3306 erit
1223 3256 1321 3306 omnino
1337 3257 1469 3308 abhorrens
1488 3270 1502 3306 a
1517 3258 1616 3322 ratione,
1633 3258 1672 3309 vei
1686 3258 1768 3309 incon-

991 3346 1104 3405 veniens,
1120 3344 1284 3408 praesumptic.

1022 3434 1147 3495 cccxlv,
1165 3434 1239 3493 Recta
1252 3431 1324 3493 igitur
1337 3433 1418 3479 nostra
1429 3431 1466 3480 est
1478 3431 1573 3494 opinio,
1588 3444 1665 3493 neque
1681 3432 1770 3495 ignem,

993 3532 1071 3582 neque
1087 3522 1193 3580 terram,
1208 3531 1286 3580 neque
1297 3530 1399 3580 aquam,
1415 3532 1458 3567 occ
1471 3520 1591 3581 spiritum,
1600 3530 1653 3568 esse
1666 3519 1768 3585 silvam;

990 3607 1033 3656 sed
1043 3606 1167 3657 materiam
1180 3605 1350 3668 principalem,
1363 3609 1387 3654 et
1398 3604 1506 3667 corporis
1522 3604 1625 3666 primam
1639 3591 1769 3667 subjectio·

990 3707 1060 3752 nem,
1071 3694 1097 3760 in
1106 3706 1154 3756 qua
1166 3705 1215 3741 non
1228 3692 1345 3754 qualitas,
1355 3705 1403 3740 non
1415 3692 1550 3753 quantitas,
1564 3706 1613 3741 non
1623 3694 1703 3755 ligura,
1719 3709 1770 3746 non

991 3782 1068 3831 torma
1081 3782 1112 3829 sit
1124 3792 1155 3829 ea
1167 3779 1261 3842 propria
1279 3783 1385 3829 natura:
1408 3779 1450 3828 sed
1462 3778 1554 3829 virtute
1573 3780 1664 3843 opiii'cis
1677 3782 1729 3833 leaeo
1746 3784 1769 3833 ei

990 3869 1153 3930 coniunctast
1165 3878 1272 3915 connexa
1284 3866 1348 3926 sint,
1368 3868 1396 3914 ut
1416 3880 1446 3915 ex
1468 3866 1505 3915 lris
1517 3866 1627 3917 uniuerso
1638 3870 1733 3931 corpori
1745 3874 1770 3921 et

991 3953 1128 4017 singillatim
1140 3952 1262 4015 perfectio,
1272 3954 1295 4002 et
1309 3953 1469 4002 communiter
1483 3953 1586 4003 cometas
1599 3962 1759 4018 comparetur.

1022 4042 1138 4091 ccciiii.
1162 4040 1230 4098 Quod
1259 4053 1316 4089 uero
1334 4040 1366 4089 sit
1393 4040 1498 4090 universi
1528 4042 1636 4105 eorporis
1655 4044 1769 4095 lomeset
1820 4043 1822 4047 ’

990 4132 1069 4194 prima
1092 4130 1220 4193 subiectio,
1235 4130 1302 4181 iacile
1319 4130 1434 4193 probatur
1456 4144 1486 4181 ex
1509 4131 1682 4183 elementorum
1697 4134 1723 4183 in
1743 4147 1770 4186 se

990 4220 1145 4271 conversione
1150 4218 1241 4280 mutua,
1247 4220 1272 4269 ct
1280 4232 1310 4269 ex
1320 4219 1461 4281 qualitatum
1468 4220 1616 4270 inconstanti
1627 4223 1768 4273 mutatione.

991 4308 1085 4358 Etenim
1096 4311 1158 4357 terra
1166 4306 1305 4357 duasbabet
1314 4306 1421 4369 proprias
1429 4296 1564 4369 qualitates',
1578 4307 1660 4371 frigus,
1672 4311 1695 4358 ct
1704 4308 1771 4359 sicci·

991 4398 1073 4447 tatem.
1101 4394 1202 4445 Perinde
1215 4396 1279 4445 enim
1291 4395 1420 4445 tractemus
1440 4395 1470 4444 ad
1487 4408 1605 4459 praesens,
1621 4396 1687 4459 quasi
1707 4398 1770 4447 terra

991 4496 1021 4532 ex
1036 4482 1114 4544 aliqua
1128 4483 1195 4545 parte
1210 4482 1235 4530 iu
1249 4482 1314 4531 aliud
1328 4481 1427 4544 aliquod
1445 4485 1601 4532 convertatur
1614 4484 1768 4536 elementum.

991 4569 1106 4619 Similiter
1117 4581 1179 4630 aqua
1193 4568 1218 4617 in
1230 4568 1322 4618 duabus
1337 4570 1491 4632 qualitatibus
1509 4569 1643 4632 invenitur,
1661 4571 1769 4622 humoris

991 4656 1111 4715 uidelicet,
1123 4655 1147 4705 et
1167 4656 1271 4717 trigoris.
1314 4658 1343 4705 Et
1355 4660 1391 4706 est
1404 4658 1498 4719 propria
1514 4658 1615 4718 qualitas
1629 4661 1698 4707 terrae
1714 4658 1770 4721 qui·
1827 4678 1828 4683 ¹

990 4742 1045 4791 dem
1060 4739 1167 4801 siccitas,
1180 4753 1249 4801 aquae
1263 4753 1319 4790 vero
1337 4742 1440 4791 lrumor:
1456 4742 1592 4793 communis
1606 4757 1663 4793 uero
1679 4744 1769 4795 utrius·

990 4841 1038 4891 que
1052 4829 1138 4877 natura
1150 4828 1251 4891 trigoris·
1269 4832 1331 4879 cum
1341 4828 1412 4891 igitur
1421 4832 1485 4880 terra
1496 4831 1542 4898 lete
1552 4832 1604 4881 insa
1615 4834 1769 4882 convertetur

990 4916 1141 4977 aliquatenus
1153 4916 1177 4964 io
1194 4920 1366 4978 aquam,tuno
1380 4918 1474 4967 siccitas
1492 4918 1590 4980 quidem
1607 4920 1658 4982 cjns
1675 4921 1768 4970 mutata

990 5003 1035 5052 erit
1045 5003 1068 5051 io
1079 5004 1213 5065 humorem,
1228 5004 1384 5066 irigusvem,
1400 5004 1463 5067 quod
1477 5018 1604 5056 commune
1624 5007 1670 5068 est,
1685 5020 1766 5069 perse·

991 5072 1165 5141 verat'instatu
1178 5090 1273 5154 proprio
1286 5110 1292 5141 r
1306 5092 1361 5155 qnia
1371 5104 1447 5154 neque
1458 5092 1530 5142 etiam
1541 5094 1599 5143 tunc
1613 5094 1680 5143 estin
1693 5094 1766 5156 terra,

990 5191 1036 5229 nec
1049 5178 1098 5241 jam
1113 5178 1137 5228 in
1150 5192 1220 5242 aquo.
1253 5182 1280 5229 in
1294 5182 1357 5231 terra
1367 5180 1463 5245 quidem
1473 5187 1610 5246 propterea,
1621 5182 1687 5246 quia,
1701 5181 1766 5247 quod
