3959 5925
754 337 913 397 vlumus
935 334 1133 395 enavoms.
1473 305 1477 312 '
1702 341 1756 396 ιον

150 479 311 533 αετιεοιιεΙΙιε
323 487 425 536 mersae,
439 473 596 533 ecletentes,
609 468 929 533 operiuntur,quldaignisr·
973 481 1027 516 rum
1040 479 1127 528 porro,
1142 462 1537 515 saturnusetllbeaethorcus.
1571 462 1750 526 Saturniporrn

149 574 219 632 cent,
233 570 258 618 et
267 579 340 627 moa,
354 566 398 613 aut
409 565 465 625 post
476 560 614 622 aliquanto,
627 559 708 607 lutura
718 556 879 618 portendant:
890 557 928 605 vel
973 557 999 604 et
1015 554 1088 604 libera
1103 551 1196 614 proles,
1209 550 1313 613 Jupiter,
1327 553 1352 598 et
1365 552 1444 611 Jdno;
1459 553 1484 600 et
1497 551 1577 600 caeteri
1587 587 1594 612 ‚
1606 552 1648 613 qui
1660 554 1718 601 sunt
1727 552 1753 601 in

149 670 226 721 quum
249 652 353 703 insolitis
375 651 457 708 boris,
479 648 654 708 curriculisque
677 649 828 706 temporum,
845 657 929 693 rursus
973 655 1017 691 ore
1033 641 1173 700 bominum,
1192 653 1221 689 ec
1240 638 1361 689 mentibus
1377 658 1383 687 ι
1398 642 1423 687 et
1438 637 1468 687 de
1480 650 1584 700 quorum
1603 638 1751 689 fraternitate

150 739 292 807 emergunt,
307 747 333 790 et
347 739 480 801 apparent,
492 737 597 798 quantos
618 733 768 784 denuncient
788 737 869 782 motus
883 733 927 793 iis,
974 731 1039 780 lama
1054 729 1197 779 celebretur.
1230 729 1309 790 Atque
1327 739 1357 774 ex
1378 726 1416 774 tris
1434 726 1474 775 alii
1498 726 1546 775 nali
1562 733 1635 785 sunt,
1654 727 1695 789 qui
1717 727 1757 777 Dii

150 834 193 896 qui
211 831 329 882 rationem
349 829 431 876 motus
451 836 536 874 earum
554 822 685 883 intelligere
699 826 814 883 possunt;
833 823 930 869 cunela-
975 820 1099 881 putentur.
1118 817 1142 879 [ς
1157 815 1204 878 ln]
1218 816 1262 864 His
1274 815 1346 876 igitur
1357 813 1484 875 omnibus,
1495 827 1549 876 quae
1563 813 1600 862 vel
1613 813 1757 864 videnturin

150 934 199 984 que
215 916 354 981 hujusmodi
373 915 465 962 ratione
482 916 555 974 atque
568 909 716 960 cretionibus
730 910 854 971 persequi,
871 908 930 956 nibil
975 906 1090 955 convexis
1101 904 1238 953 caelestibus
1247 902 1378 951 liammanti
1389 913 1501 963 corpore,
1512 900 1551 950 vel
1568 915 1616 949 non
1635 900 1755 964 videntur,

152 1007 257 1071 agentis,
275 1019 305 1055 ec
323 1004 408 1052 trustra
427 1001 557 1050 laborantis
571 1002 608 1048 est
627 998 762 1059 ιιιιιιίτιιι,
780 1009 835 1046 cum
851 999 932 1046 motus
975 994 1055 1055 natis,
1068 995 1141 1055 atque
1156 991 1223 1050 altis,
1237 989 1437 1052 divinitatemque
1451 988 1628 1046 obtinentibus,
1643 989 1754 1038 conditor

151 1109 244 1154 earum,
254 1091 429 1154 descriptioque
439 1089 472 1137 sit
484 1101 499 1137 a
513 1088 564 1136 visu
571 1088 650 1149 ‚atque
659 1086 736 1134 oculis
745 1084 888 1145 disputantis
898 1097 933 1133 re-
979 1079 1145 1130 untvevsitetis
1163 1081 1229 1127 Deus
1248 1076 1399 1126 observanda
1417 1075 1488 1140 jubet
1507 1077 1633 1138 sancilqne
1648 1076 1758 1126 cretione

48 1212 52 1220 ·
153 1188 227 1234 mota.
263 1182 416 1240 Quapropter
432 1187 541 1238 ea,quae
555 1174 586 1223 de
602 1173 736 1232 sideribus,
750 1172 933 1247 visibilibusque
977 1167 1020 1218 tali
1035 1185 1042 1216 z
1057 1165 1094 1242 Dii
1110 1165 1228 1226 deorum,
1243 1177 1348 1228 quorum
1364 1163 1582 1226 opiter,idemque
1598 1167 1674 1225 pater,
1687 1175 1756 1226 ego:

153 1271 241 1320 divinis
252 1266 500 1332 potestatibus‚diete
510 1264 650 1326 sunt5setls
659 1274 779 1324 superque
788 1260 851 1310 dicte
861 1260 932 1309 tieem
976 1269 1048 1316 opera
1068 1252 1186 1316 siquidem
1208 1265 1252 1301 vos
1274 1264 1327 1301 mea
1341 1251 1413 1313 estis,
1432 1250 1579 1299 dissolubilia
1600 1249 1697 1312 quidem
1717 1264 1759 1299 na·

154 1358 257 1406 babeant
273 1351 354 1404 suum.
386 1358 418 1403 lt
437 1365 495 1403 uero
514 1349 669 1400 invisibilium
687 1349 870 1410 divinarumque
890 1360 933 1409 po·
976 1347 1041 1402 ture,
1056 1355 1095 1392 me
1110 1344 1191 1390 tamen
1210 1340 1243 1388 ita
1263 1339 1357 1388 volente
1373 1337 1557 1388 indissolubilia.
1591 1342 1669 1387 omne
1686 1339 1759 1400 siqui-

155 1448 347 1506 testatum,quae
355 1443 477 1492 daemones
491 1439 672 1501 nuncupentur,
683 1438 798 1499 praestare
807 1435 932 1496 rationem,
979 1435 1035 1483 dem
1045 1469 1052 1494 ,
1062 1432 1126 1495 quod
1136 1432 1247 1492 irrnctum
1260 1435 1292 1478 eet
1303 1466 1310 1490 ,
1320 1432 1406 1479 natura
1418 1429 1558 1478 dissolubile
1570 1433 1615 1478 est.
1650 1433 1757 1490 atvero,

156 1535 233 1596 majus
257 1534 295 1583 est
312 1543 390 1595 opus,
413 1543 487 1593 quam
508 1528 569 1578 terre
586 1527 665 1574 valeat
681 1524 785 1574 bominis
803 1522 932 1584 ingenium.
979 1519 1045 1582 quod
1059 1520 1123 1568 bona
1135 1519 1226 1568 ratione
1236 1517 1345 1578 junctum
1355 1524 1428 1578 atque
1438 1518 1588 1566 modulatum
1600 1521 1647 1580 est,
1659 1518 1766 1582 dissolvi⁸

154 1624 231 1686 Igitur
251 1614 423 1681 compendium
439 1630 469 1666 ex
490 1614 632 1664 credulitate
651 1614 769 1661 sumetur.
803 1611 935 1660 credemus
980 1607 1058 1667 velle,
1077 1619 1126 1655 non
1142 1604 1246 1654 estDei.
1280 1606 1442 1666 Quapropter,
1463 1605 1520 1665 quia
1537 1604 1593 1653 lacti
1609 1605 1760 1666 generetique

156 1711 227 1771 igitur
241 1707 285 1768 iis,
298 1706 340 1768 qui
355 1703 419 1767 apud
431 1702 541 1753 seculum
552 1701 633 1763 prius,
645 1713 700 1748 cum
712 1699 757 1761 ipsi
769 1697 935 1760 cognationem
981 1694 1053 1755 estis,
1067 1692 1216 1742 immortales
1236 1690 1334 1752 quidem
1358 1703 1524 1753 nequaquam,
1543 1704 1586 1741 nee
1602 1693 1669 1740 omni
1688 1692 1760 1740 modo

156 1792 412 1855 propinquitatemque
427 1788 501 1838 divini
522 1787 616 1850 generis
635 1787 788 1849 praeferrent,
806 1785 837 1856 de
848 1788 935 1834 natura
980 1780 1175 1840 indissolubiles;
1187 1791 1231 1829 nec
1241 1781 1323 1828 temen
1332 1791 1438 1840 unquam
1448 1778 1626 1839 dissolvemini,
1637 1792 1683 1829 nec
1695 1793 1761 1828 rnor-

157 1881 262 1929 Deorum
274 1877 407 1938 majorum,
420 1877 493 1937 atque
508 1887 625 1934 avorum,
638 1874 717 1936 deque
729 1873 844 1935 genituris
855 1873 936 1934 singu·
982 1871 1014 1918 tis
1026 1867 1194 1917 necessitatem
1208 1865 1320 1915 subibitis
1337 1879 1344 1913 τ
1362 1866 1418 1926 qnia
1431 1865 1544 1915 voluntas
1564 1878 1618 1916 mea
1630 1867 1708 1928 major
1724 1872 1761 1915 est

156 1967 251 2023 iorum,
264 1968 354 2014 veterna
366 1964 514 2012 monimenta
522 1963 547 2011 in
556 1962 624 2011 libris
636 1963 768 2024 posteritati
778 1961 936 2022 reliquerunt.
982 1970 1076 2019 nexus,
1089 1959 1114 2007 ct
1131 1955 1261 2018 vegetatior
1273 1953 1303 2002 ad
1318 1953 1456 2003 aeternitatis
1468 1953 1617 2013 custodiam,
1633 1967 1708 2016 quarn
1721 1955 1761 2002 illa

156 2054 228 2104 certe
240 2049 428 2110 Deorumlrliis,
439 2051 483 2099 aut
496 2049 638 2112 nepotibus,
651 2048 791 2105 noncredi,
802 2048 883 2097 satis
877 2059 935 2096 rrre·
981 2058 1059 2095 nexus
1077 2044 1149 2093 vestri
1171 2043 1325 2102 coagmenta,
1339 2041 1521 2104 atqnevitalia,
1540 2055 1570 2090 ev
1587 2041 1675 2104 quibus
1693 2046 1763 2091 aeter·

157 2139 282 2203 ligiosum;
298 2138 411 2201 quamvis
424 2137 574 2198 incongruis,
589 2135 798 2197 umneceuarlis,
812 2133 935 2197 probatio·
983 2134 1046 2181 nites
1061 2131 1195 2194 composita
1209 2134 1254 2180 eet.
1287 2131 1391 2180 Jubendi
1414 2141 1485 2190 ergo,
1504 2128 1567 2190 quod
1588 2128 1677 2190 iubeo,
1690 2141 1763 2178 cause

158 2228 228 2278 nibus
245 2227 346 2276 dicam:
363 2234 455 2284 umen,
471 2224 570 2287 quiade
584 2224 724 2273 domesticis
739 2223 812 2272 rebus
831 2235 936 2284 pronun·
984 2219 1036 2268 baec
1051 2223 1095 2268 est.
1129 2219 1183 2267 Tne
1195 2217 1268 2267 etram
1286 2205 1349 2266 nunc
1362 2215 1501 2264 mortalium
1513 2228 1599 2278 genera
1610 2215 1699 2266 desum
1712 2216 1764 2265 uui-

159 2316 233 2375 liant,
253 2313 399 2364 credendum
420 2325 473 2362 esse
494 2312 579 2361 merito
603 2314 669 2374 puto.
703 2311 740 2359 Sit
761 2310 834 2371 igitur
856 2311 938 2358 nostra
984 2305 1107 2365 versitati,
1127 2304 1215 2367 quibus
1228 2317 1312 2353 cereus
1325 2303 1655 2364 universares,pevtectione
1669 2303 1762 2366 indige·

158 2416 255 2466 quoque
263 2401 392 2453 credulitas
402 2413 484 2450 comes
495 2399 665 2468 asseverationi
679 2399 810 2460 priscorum
820 2397 936 2455 virorum,
985 2391 1030 2442 bit.
1065 2392 1116 2440 Errt
1128 2404 1198 2452 porro
1208 2389 1346 2452 imperfecta
1353 2403 1393 2452 ,ει
1406 2389 1518 2438 universa
1527 2390 1667 2438 mortalium
1679 2403 1766 2452 genera

159 2490 225 2553 quod
235 2493 315 2540 Terrae
329 2488 437 2550 coelique
448 2486 491 2535 tilii
508 2486 556 2533 sint
570 2488 694 2545 Oceanus,
704 2483 729 2532 et
742 2483 842 2544 Tethys
887 2483 938 2530 llo·
984 2480 1047 2527 intre
1062 2480 1204 2540 conseptum
1223 2490 1294 2526 suum
1315 2477 1412 2526 minime
1426 2476 1567 2526 continebit.
1601 2479 1702 2538 oportet
1719 2491 1762 2526 an-

159 2574 1756 2605 ———--—----—-—·--——-—---—--—-

162 2652 215 2711 τοῖς
232 2642 384 2719 δυναμένοις
400 2639 549 2714 λογίζεσθαι
564 2637 715 2713 πέμπουσι,
732 2657 761 2692 το
749 2632 896 2710 λέγειν
879 2657 940 2690 ανευ
986 2653 1083 2696 παντες
1095 2627 1191 2695 ὅσους
1182 2652 1257 2705 ισμεν
1267 2652 1367 2694 παντας
1377 2626 1701 2706 αδελρουςλεγομενους
1672 2651 1765 2700 αυτων

162 2731 269 2810 διόψεως
282 2727 381 2787 τοότυιν
406 2719 498 2785 ab*
461 2749 514 2783 τυιν
531 2723 693 2801 μιμημάτων
713 2723 825 2831 μάταιος
846 2720 877 2779 dv
899 2719 940 2791 εἴη
986 2719 1066 2776 έτιτι
1056 2717 1179 2776 τούτων
1195 2715 1311 2783 ἄλλους’
1300 2717 1428 2826 ἐκγόνους.

162 2820 254 2889 πόνος,
270 2814 338 2874 ἄλλδι
353 2813 436 2872 ταυτό
450 2837 478 2872 τε
493 2814 588 2877 ἱκανῶς
602 2817 666 2887 ἡμῖν
678 2809 760 2889 ταύτῃ
775 2809 821 2868 καλ
832 2808 866 2866 τδι
880 2807 941 2886 περὶ
1028 2808 1045 2882 S
1068 2825 1102 2864 le.
1126 2803 1204 2863 Επεὶ
1220 2795 1283 2862 δ’
1254 2826 1298 2861 ουν
1310 2803 1404 2867 πάντες
1419 2801 1474 2860 ὅσοι
1488 2825 1517 2860 τε
1530 2824 1589 2880 περι
1582 2785 1700 2860 στολοῶσιΙ
1714 2824 1765 2881 qu·

163 2906 229 2963 θεῶν
251 2906 352 2984 ὁρατῶν
370 2900 415 2961 καλ
432 2902 565 2980 γεννητῶν
591 2898 717 2980 εἰρημένα
738 2896 838 2978 ρόσεως
858 2895 941 2974 ἐχέτω
985 2897 1066 2975 νερῶς
1087 2894 1133 2952 καὶ
1151 2892 1206 2950 ὅσοι
1228 2872 1364 2971 φαίνονται
1385 2895 1445 2950 καθ’
1465 2889 1524 2948 ὅσον
1539 2887 1600 2948 δν’
1589 2892 1615 2947 εθ
1603 2887 1697 2946 θέλωσι
1715 2887 1767 2945 θεολ

163 2984 247 3049 τελῠς·
987 2982 1088 3070 γένεσιν
1103 2982 1194 3061 ἔσχον,
1206 2981 1276 3059 λέγει
1288 2981 1352 3060 πρὸς
1364 2979 1456 3047 αὐτοὺς
1470 2981 1484 3037 ὁ
1498 2977 1556 3036 τόδε
1570 2977 1600 3037 τδ
1614 2986 1666 3035 πᾶν
1681 2974 1768 3087 γεννή·

204 3068 272 3148 Περὶ
286 3067 358 3126 δέ
323 3090 375 3125 των
390 3067 476 3125 ἄλλων
488 3065 655 3142 δαιμονυιν
634 3088 717 3123 ειπειν
729 3089 774 3124 και
786 3087 882 3141 γνωναι
892 3064 941 3136 τὴν
988 3070 1125 3139 angentis·
1142 3068 1207 3129 Θεοὶ
1223 3074 1307 3145 θεῶν,
1323 3062 1359 3127 ὧν
1379 3066 1466 3146 ἐγὼδ
1468 3089 1563 3145 ημιουρ
1565 3065 1608 3143 γδς
1627 3063 1717 3143 πατήρ
1738 3085 1766 3121 τε

124 3190 130 3197 ·
162 3153 397 3235 γίνεσινμεῖονθ
414 3157 473 3212 καθ’
489 3157 575 3231 ἡμᾶς,
592 3152 821 3219 praescinditur
840 3153 941 3231 εἴρηκά·
989 3159 1088 3237 depos,
1103 3156 1166 3215 etti
1184 3159 1250 3233 ἐμου
1265 3156 1392 3235 γενόμενα
1408 3155 1501 3213 ἄλυτα
1506 3157 1570 3230 ἐμοῦ
1589 3152 1766 3230 pertinuere.

165 3268 205 3303 σιν
221 3243 291 3321 έμπρ
292 3248 385 3313 οσθεν,
401 3238 517 3318 ἐκγόνοις
533 3238 579 3316 μὲν
595 3230 703 3297 θεῶν
673 3262 761 3311 ουσιν,
777 3243 811 3305 ὡς
825 3235 946 3319 ἔφασαν,
988 3248 1028 3307 Τὸ
1043 3240 1135 3353 pin
1105 3267 1148 3304 οοο
1164 3246 1227 3318 δὴδ
1213 3245 1283 3303 δοθὲν
1298 3243 1440 3303 πᾶολοοόο
1449 3242 1543 3321 ,οόογο
1556 3241 1608 3317 μὴν
1623 3240 1769 3318 χολῶςὰο
1825 3306 1833 3324 1

164 3334 283 3439 σαφῶς
265 3330 293 3388 δι’
306 3353 358 3389 που
373 3326 430 3394 ³06<
447 3351 478 3405 γε
493 3330 577 3386 αὖτῶν
592 3350 732 3407 προγονοις
749 3326 858 3386 Εἷδόσῑν·
875 3329 943 3387 ἇδύ-
990 3339 1057 3409 posti
1044 3334 1153 3394 θκαλὲν
1172 3332 1280 3413 ἔχοντα
1265 3323 1366 3401 λύειν
1386 3332 1481 3391 ἐθέλειν
1497 3335 1591 3389 κακοῦ.
1634 3330 1675 3388 Δι’
1692 3327 1767 3386 derat

163 3440 239 3477 νατον
253 3408 297 3475 οὖν
311 3421 376 3475 θεῶν
391 3414 514 3476 παισλν’
499 3418 618 3473 αττιστεῖν
627 3413 777 3493 ,καίπερ’
760 3436 821 3471 ανευ
833 3438 862 3472 τε
876 3414 944 3474 εἷκό-
989 3422 1047 3481 ἐπεί
1062 3445 1094 3480 πο
1098 3418 1281 3500 ργογένηοθο,
1295 3418 1419 3479 ἀθάνατοι
1434 3418 1522 3495 μοι’
1498 3442 1544 3478 oux
1557 3417 1615 3477 ἐστὶ
1634 3417 1687 3475 οὐδ’
1703 3415 1768 3473 ἄλο-

163 3528 214 3562 των
240 3503 286 3561 καὶ
309 3502 458 3579 ἀναγκαίων
483 3500 638 3567 ἀποδείξεων
662 3499 800 3577 λέγουσιν,
826 3504 942 3568 ἀλλ’ὡς
990 3534 1030 3571 τοο
1051 3508 1079 3567 τὸ
1093 3506 1223 3583 πάμπαν,
1237 3504 1266 3564 οὔ
1280 3528 1305 3563 τι
1324 3505 1419 3582 μὲνδὴ
1403 3505 1501 3577 ὴλυθή
1484 3505 1550 3574 ήσεσ
1550 3504 1620 3579 etp
1634 3500 1693 3561 obet
1708 3500 1768 3559 τεό-

163 3595 247 3650 attera
271 3590 416 3669 φάσκουσιν
443 3588 619 3699 ἀπαγγέλλειν
644 3588 841 3666 ἑπομένους”
807 3613 844 3668 τῳ
871 3589 944 3670 νόμῳ
992 3592 1064 3660 ξιοθε
1080 3592 1191 3653 θανάτου
1207 3591 1366 3672 μοίρας,”
1333 3617 1381 3664 της
1401 3595 1466 3669 ἐμῆς
1487 3590 1634 3669 βουλήσεως
1656 3587 1770 3666 μείζονος

165 3676 328 3756 πιστευτέον.
372 3666 507 3741 Οθτως
478 3698 522 3733 ουν
537 3698 589 3733 κατ
589 3674 830 3750 ἔκιίνουςὴμῖν,
813 3674 874 3733 i
845 3700 944 3751 γενεσις
990 3680 1030 3737 ἔτι
1056 3682 1151 3758 δεσμοῦ
1166 3680 1212 3737 καὶ
1228 3702 1259 3737 κυ
1262 3677 1420 3758 ριωτέρου
1404 3678 1528 3789 λαγόντες
1551 3676 1654 3736 ἐκείνων
1676 3666 1713 3742 οἷς
1731 3675 1768 3733 δι’

166 3771 227 3847 περ’·
246 3765 344 3824 τούτων
362 3767 415 3843 τῶν
438 3766 501 3822 θεῶν
516 3762 600 3842 ἐχέτω
621 3786 665 3821 και
655 3763 802 3842 λεγέσθω
844 3766 898 3835 λῆς
915 3788 944 3822 τε
993 3766 1122 3845 ἐγίγνεσθε
1111 3766 1301 3833 εξυνεδεῑσθε.
1345 3768 1400 3825 Νυν
1426 3787 1470 3823 ουν
1494 3764 1508 3824 δ
1531 3765 1601 3873 λέγω
1618 3762 1682 3843 πρδς
1703 3766 1769 3839 ὑμᾶς

166 3858 211 3913 καλ
226 3858 346 3934 Οὐρανοῦ
360 3837 451 3919 παῖδες
463 3849 590 3918 Ὠκεανός
601 3875 629 3909 τε
641 3875 686 3910 και
676 3851 784 3924 Τηθυς
796 3851 944 3930 ἐγενέσθην,
993 3852 1198 3929 ἐνδεικνύμενος,
1221 3851 1326 3925 μάθετε.
1371 3849 1464 3922 Θνητδι
1483 3850 1572 3909 ἐπ’
1542 3874 1604 3927 γενη
1623 3850 1703 3911 λοιπὰ
1718 3850 1769 3931 τρί’

166 3942 265 4001 τούτων
282 3941 309 4001 δέ
324 3942 430 4020 Φόρκυς
451 3941 549 4022 Κρόνος
565 3964 592 3998 τε
605 3940 650 3998 καὶ
665 3940 729 4000 Ῥέα
743 3940 789 3999 καλ
800 3938 856 3998 ὅσοι
876 3940 945 4016 μετδι
993 3940 1130 4017 ἀγέννητα.
1173 3940 1280 4000 Τούτων
1295 3932 1337 3999 οὖν
1350 3940 1388 4014 μὴ
1399 3939 1546 4019 γενομένων
1559 3938 1665 4019 οὖρανδς
1677 3938 1770 4009 ἀτελὴς

167 4030 324 4101 ταότων,ἐιι
339 4027 366 4086 δὲ
389 4028 490 4108 Κρόνου
510 4026 556 4085 καὶ
571 4026 648 4095 Ῥέας
673 4026 739 4093 Ζεὺς
758 4024 832 4107 Ἥρα
849 4051 877 4086 τε
897 4029 942 4087 καὶ
993 4028 1080 4086 ἐσται·
1100 4027 1134 4086 τὰ
1153 4027 1204 4109 γὰρ
1220 4028 1324 4085 ἅπαντα
1340 4030 1366 4085 ἐν
1386 4031 1456 4108 αὑτῷ
1471 4029 1532 4106 γένη
1549 4026 1621 4107 ζῴων
1647 4030 1697 4106 οὐχ
1712 4024 1772 4098 tter,

169 4232 239 4281 sum,
251 4232 306 4282 qua
319 4232 361 4282 per
372 4232 411 4269 mc
424 4219 500 4282 tacta,
511 4220 564 4269 baec
575 4225 632 4268 sunt
648 4218 836 4282 indissolubilia,
849 4232 888 4269 me
899 4232 947 4268 non
994 4220 1080 4269 omnia
1097 4221 1161 4271 euim
1177 4232 1262 4283 genera
1278 4220 1429 4284 animalium,
1448 4219 1575 4282 complexu
1593 4231 1643 4269 non
1661 4218 1769 4269 tenebit:

168 4308 247 4357 invito
268 4327 275 4357 ι
291 4321 439 4371 quemquern
460 4321 533 4358 omne
546 4308 684 4370 colligatum
698 4309 759 4358 solvi
781 4312 860 4371 potest
882 4331 888 4359 :
905 4310 946 4359 sed
994 4310 1073 4358 teneat
1084 4313 1163 4358 autem
1174 4308 1312 4371 oportebit,
1323 4310 1352 4357 ut
1365 4322 1393 4357 ex
1408 4307 1493 4360 eodem
1507 4321 1537 4357 ne
1551 4307 1609 4371 quid
1623 4307 1705 4369 abeit;
1718 4319 1773 4368 quea

170 4399 361 4461 haudquaquam
379 4399 434 4448 boni
451 4399 500 4462 eet,
511 4399 605 4448 ratione
616 4398 724 4448 vinctum
734 4400 796 4449 velle
806 4399 945 4450 dissolvere.
993 4408 1060 4446 aare
1076 4396 1127 4458 ipso
1141 4396 1226 4445 ellectu
1243 4396 1304 4456 sint,
1319 4395 1417 4445 deorurn
1434 4396 1510 4444 vitam
1528 4395 1620 4457 possint
1634 4394 1769 4455 adaequare.

170 4486 216 4535 Sed
232 4487 347 4549 quoniam
361 4488 409 4536 orti
425 4486 498 4546 estis,
516 4486 665 4537 immortales
681 4500 724 4537 vos
742 4487 839 4550 quidem
856 4500 909 4538 csse
924 4491 950 4537 et
995 4486 1028 4533 Ut
1045 4484 1116 4544 igitur
1138 4483 1233 4533 mortali
1249 4487 1394 4545 generentur
1414 4484 1562 4543 conditione,
1576 4496 1621 4532 vos
1644 4483 1774 4545 suscipite,

171 4574 352 4625 indissolubiles
359 4588 408 4624 non
417 4576 529 4638 potestis:
539 4576 678 4639 neutiquam
685 4578 764 4626 ιαιιιαιι
775 4575 949 4636 dissolvemini,
995 4577 1023 4623 ut
1036 4574 1076 4623 illa
1095 4574 1213 4636 gignatis,
1228 4574 1407 4634 imiteminique
1422 4574 1472 4623 vim
1488 4586 1580 4634 meam,
1594 4573 1678 4636 quain
1693 4575 1774 4622 vestro

171 4674 250 4723 neque
262 4676 306 4712 vos
318 4663 367 4713 ulla
385 4663 469 4712 mortis
485 4664 533 4712 lata
554 4664 672 4725 periment
691 4676 735 4713 nec
752 4664 816 4711 lraus
831 4664 949 4713 valentior
995 4664 1049 4712 ortu
1063 4674 1101 4712 me
1114 4676 1187 4712 usum
1200 4676 1253 4712 esse
1270 4663 1414 4713 meministis
1427 4660 1566 4723 :inquibus
1579 4661 1620 4723 qui
1634 4661 1693 4711 tales
1704 4674 1773 4711 crea-

170 4762 244 4811 quam
263 4751 388 4799 eonsilium
411 4764 509 4811 nasum,
530 4750 596 4812 quod
617 4754 695 4813 malus
714 4753 751 4801 est
774 4750 895 4799 vinculum
919 4751 950 4799 ad
997 4753 1095 4813 buntur,
1108 4755 1134 4802 ut
1153 4754 1253 4803 deorum
1271 4752 1445 4803 immortalium
1465 4752 1534 4813 quesi
1547 4752 1651 4814 gentiles
1664 4764 1717 4802 esse
1733 4751 1774 4800 de·

171 4837 355 4899 perpetuitatem
374 4838 491 4900 vestram,
515 4852 589 4901 quarn
611 4838 666 4900 illa,
692 4838 780 4900 quibus
805 4838 861 4887 estis
883 4841 949 4914 turn,
995 4842 1080 4900 beant,
1105 4840 1178 4889 divini
1205 4841 1299 4902 generis
1322 4840 1471 4903 appellentur
1493 4841 1637 4903 teneantque
1664 4840 1774 4889 omniurn

171 4936 248 4986 quurn
263 4922 436 4987 gignebamini,
450 4925 565 4987 colligati.
597 4926 661 4984 Quid
683 4926 784 4975 sentiam
799 4924 879 4987 igitur,
893 4939 950 4988 cog·
996 4928 1153 4979 animantium
1174 4928 1334 4991 principatum
1355 4912 1496 4990 vobisqne'
1488 4941 1542 4989 pure
1559 4934 1583 4977 et
1601 4927 1652 4989 lege
1665 4928 1774 4977 volentes

172 5004 271 5059 noscite.
304 5011 360 5060 Tria
375 5012 445 5063 nobis
461 5016 548 5075 geneva
561 5014 651 5079 relique
663 5016 719 5063 sunt
732 5026 808 5076 eaque
820 5014 950 5064 mortalia
997 5022 1112 5079 pereant:
1128 5026 1238 5078 quorum·
1247 4992 1316 5065 vobis
1331 5015 1428 5065 initium
1442 5016 1558 5079 satusque
1567 5014 1676 5065 tradetur
1689 5028 1703 5065 a
1717 5028 1773 5067 me·

147 5097 260 5159 quibus
287 5100 469 5163 pretermissis,
488 5102 541 5152 celi
563 5101 681 5151 absolutio
704 5102 809 5165 perlecta
831 5115 879 5151 non
897 5103 949 5153 erit.
1000 5118 1041 5154 roa
1051 5106 1133 5155 eutem
1147 5116 1176 5153 ao
1190 5104 1212 5151 id
1219 5103 1310 5167 ,quod
1324 5104 1370 5154 erit
1386 5103 1521 5154 immortale
1530 5106 1640 5172 partem
1649 5104 1775 5155 attexitote
