3959 5925
272 336 307 385 ut
825 344 827 351 ¹
892 322 1238 382 ultusfiouttotttllt

254 494 256 505 *
269 456 357 535 διόπερ
376 464 426 523 πᾶς
438 457 525 537 ἄφρων
539 462 604 522 θεοῖς
619 453 709 533 ἐχθρός
731 456 815 527 ἰστιν,
837 453 895 511 ἐπεὶ
909 456 932 511 εἰ
950 453 1045 520 πάντες
1091 453 1160 521 νείας
1173 452 1302 512 ὕπελαόον
1310 498 1319 525 ,
1331 450 1399 512 ὥστε
1414 452 1520 534 εὐφυίαν
1536 456 1584 532 μὲν
1596 446 1663 514 εἶναι
1675 460 1767 524 κοινῶς
1777 457 1827 525 ἕξιν
1840 462 1870 521 ἐκ

268 543 326 610 τοίις
345 544 472 610 ἐναντίους
485 546 569 611 αὐτοῖς
588 542 693 621 ἐχθροὺς
715 533 782 600 εἶναι
798 541 997 619 νομίζουσι,τῷ
1020 538 1047 599 δί
1092 540 1223 620 φύσεωςῆ
1249 544 1278 599 ἰκ
1302 545 1480 613 κατασκευῆς,
1510 542 1607 601 οἰκείαν
1634 542 1698 623 πρὸς
1720 546 1827 623 ἀρετήν,
1851 549 1869 619 ἢ

270 633 402 713 σπουδαίῳ
416 636 429 691 δ
441 633 538 710 φαῦλός
553 634 621 691 ἐστιν
634 632 758 705 ἐναντίος,
771 630 817 690 καί
830 630 967 696 σπουδαῖός
977 633 1047 689 ἐστιν
1092 627 1153 704 ἕξιν,
1168 630 1226 689 καθ’
1250 629 1283 701 ἣν
1307 628 1482 701 ιίιανάληπτοι
1499 636 1594 709 ἀρετῆς
1609 633 1659 691 εἰσί
1677 656 1753 699 τινες·
1772 635 1822 705 την
1848 638 1872 694 δ’

269 722 383 794 θθεός,θ
396 724 491 800 φαῦλος
503 722 567 788 θεοῖς
581 723 650 780 ἐστιν
663 718 764 799 ἐχθρός.
780 714 841 780 Ἴσα
855 743 883 777 τε
893 719 979 777 ποίντα
994 718 1045 775 λέ·
1091 717 1237 793 εὐγένειαν,
1255 717 1306 787 έξιν
1323 720 1353 775 ἐκ
1373 721 1463 795 γένους
1485 716 1502 789 ἢ
1521 722 1552 777 ἐκ
1572 726 1747 799 κατασκευῆς,
1771 726 1870 783 οἰκείαν

269 833 357 889 γουοιν
375 802 485 869 εἶναιτὰ
500 800 697 887 ἀμαρτήματα,
712 810 741 865 οὐ
757 806 845 883 μέντοι
860 810 885 884 γ’
898 806 976 883 ὅμοια
997 806 1043 863 ¹⁹⁵.
1091 804 1155 884 πρὸς
1169 802 1275 880 ἀρετήν.
1290 805 1345 865 Tb
1360 804 1388 863 δέ
1403 807 1554 879 σπουδαῖον,
1568 808 1719 883 ύμιλητικδν
1733 809 1809 882 ὄντα,
1825 814 1871 872 καὶ

270 898 396 975 Καθάπερ
408 897 459 977 γὰρ
473 897 524 955 ἀπὸ
540 906 601 973 μιδίς
616 919 682 961 τινος
694 899 793 973 πηγῆς,
814 900 861 965 τῆς
875 894 981 959 κακίας.
1000 892 1048 973 φέ-
1092 890 1237 969 ἐπιδέξιον,
1252 892 1297 951 καί
1310 894 1518 971 προτρεπτικόν,
1538 895 1584 953 καί
1603 896 1753 976 θηρευτικὸν
1768 899 1812 957 διά
1825 907 1872 971 τῆς

271 994 357 1067 ρεοθαι
371 991 485 1066 πέφυκε,
500 991 547 1057 τῆς
561 985 669 1062 κρίσεως
682 982 760 1056 οὔσης
775 986 801 1041 έν
814 990 881 1040 πόῑσι
894 991 948 1049 τοῖς
959 982 1047 1062 ἁμαρ·
1091 980 1192 1054 ὁμιλίας
1204 982 1238 1047 εἰς
1251 979 1351 1039 εὔνοιαν
1361 982 1406 1039 καὶ
1415 984 1517 1060 φιλίαν,
1529 983 1575 1041 καὶ
1588 986 1623 1050 ὡς
1637 984 1745 1041 δυνατὸν
1756 986 1872 1066 ειίἀρμο-

269 1075 369 1149 πόμασι
387 1080 432 1145 τῆς
447 1078 535 1147 αὐτῆς·
550 1071 623 1152 παρά
645 1072 671 1129 δὲ
686 1070 734 1142 τὴν
758 1070 849 1138 ἔξωθεν
873 1069 969 1143 αἰτίαν,
995 1072 1046 1128 τῶν
1092 1091 1153 1125 στον
1166 1058 1231 1127 εἶναι
1244 1070 1308 1148 πρὸς
1321 1069 1351 1127 τδ
1365 1070 1463 1140 πλῆθος
1473 1072 1626 1147 ἀνθρώπων,
1636 1074 1700 1149 παρ’
1716 1069 1790 1131 δκαί
1804 1078 1872 1134 ἐπα-

268 1162 307 1243 ἰφ’
322 1154 359 1230 οἰς
374 1166 402 1221 αἱ
416 1161 513 1240 κρίσεις
525 1163 714 1219 ἀποτελοῦνται
726 1159 812 1236 μέσων
829 1156 866 1193 ¹⁰⁶
881 1158 1047 1216 διαλλαττόν-
1091 1156 1209 1235 φρόδιτον
1222 1147 1303 1229 εἰναι,
1313 1158 1357 1215 καί
1373 1158 1509 1235 ἐπίχαριν,
1525 1156 1571 1215 καί
1587 1162 1715 1229 πιθανόν,
1728 1158 1808 1218 ἔτιδὲ
1824 1167 1873 1219 αἱ-

268 1277 332 1322 των,
357 1251 467 1329 διάφορα
492 1251 560 1307 xoris
580 1248 707 1319 ποιότητα
722 1246 854 1324 γίγνεσθαι
872 1248 904 1303 ol
925 1246 1047 1322 ἀμαρ.’-
1091 1242 1249 1315 μύλον,καλ
1262 1243 1459 1325 ιύστοχον,καὶ
1470 1248 1600 1321 εὔκαιρον,
1617 1246 1662 1304 καί
1679 1250 1815 1327 ἀγχίνουν,
1826 1253 1871 1308 καὶ

270 1363 351 1414 ματα.
368 1334 463 1401 statio<
478 1335 501 1394 δ’
517 1335 546 1393 δν
562 1336 647 1395 εἰκόνα
666 1338 735 1415 σαφῆ
753 1340 799 1392 τοῦ
812 1334 970 1408 δηλουμένου
986 1336 1047 1414 τῷδ’
1092 1334 1189 1412 ἀφελῆ,
1206 1332 1251 1389 καί
1267 1333 1431 1413 ἀπερίεργον,
1446 1333 1599 1392 καὶδιπλοῦν
1611 1334 1657 1391 καί
1669 1335 1816 1395 ἄπλαστον*
1827 1341 1871 1397 τὸν

270 1426 423 1495 ἀπιστήσας.
442 1426 503 1483 Πᾶν
516 1422 566 1500 γδιρ
583 1424 612 1482 τὸ
629 1424 722 1503 ψεῦδος
741 1422 781 1479 ἐπ’
795 1419 853 1492 ἴσης
871 1424 961 1501 ψεῦδος
977 1446 1047 1496 συμ-
1091 1419 1118 1477 δὲ
1139 1422 1235 1500 φαῦλον
1251 1419 1341 1499 ἔνοχον
1354 1431 1420 1479 πᾶσι
1440 1430 1494 1488 τοῖς
1509 1423 1640 1487 ἐναντίοις.
1651 1424 1723 1482 Tob’
1737 1425 1871 1502 εἰρωνεύε·

271 1511 398 1588 librato,
414 1512 443 1570 οὗ
463 1511 513 1589 γδιρ
536 1504 603 1568 εἰναι
615 1508 702 1589 ἕτερον
715 1507 803 1587 ἐτέρου
821 1512 920 1585 μᾶλλον
937 1510 1045 1590 διεψευ-
1092 1512 1151 1566 σθαι
1175 1509 1280 1587 φαύλων
1301 1500 1366 1567 sisoi
1389 1533 1481 1590 φασιν,
1496 1509 1587 1569 οὐδένα
1610 1510 1660 1588 γὰρ
1679 1510 1813 1591 ἐλεύθερον
1827 1515 1870 1571 καί

269 1598 370 1675 σμένον·
379 1596 409 1657 τό
420 1622 449 1657 τε
461 1598 510 1678 γάρ
525 1598 607 1655 νύκτα
622 1588 689 1656 εἶναι
701 1596 794 1676 ψεῦδός
809 1600 875 1663 ἐστι,
888 1598 1045 1673 καθάπερτδ
1091 1598 1230 1653 σπουδαῖον
1245 1596 1434 1675 εἰρωνεύεσθαι·
1448 1596 1542 1672 ὁμοίοις
1556 1599 1638 1655 δὲκαὶ
1652 1598 1683 1657 τὸ
1692 1599 1873 1676 σαρκέζειν,ό

267 1687 472 1764 ἱπποκένταυρον
483 1690 538 1757 ζῆν·
554 1685 600 1743 καί
615 1688 644 1743 οὗ
661 1686 760 1761 μᾶλλον
778 1686 860 1742 εἰπεῖν
885 1685 1047 1765 ἐστὶψεῦδος
1090 1684 1160 1741 ἔστιν
1174 1683 1352 1764 εἰρωνεύεσθαι
1374 1686 1432 1761 μετ’
1452 1688 1597 1764 έπιαυρμοίί
1614 1685 1692 1751 τινός.
1715 1686 1763 1745 Ἐν
1783 1689 1872 1762 μόνοις

269 1768 335 1833 εἰναι
349 1776 457 1851 θέτιρον
473 1773 593 1854 θατέρου.
637 1772 707 1831 Ἀλλ’
719 1772 744 1831 εί
756 1796 786 1849 γε
798 1772 828 1831 τὸ
844 1774 937 1851 ψεῦδος
956 1774 1047 1844 ἐπίσης
1090 1795 1119 1831 τε
1131 1782 1184 1838 τοῖς
1197 1780 1285 1854 σοφοῖς
1302 1773 1472 1832 ἀπολείπουσι
1484 1774 1583 1853 φιλίαν,
1595 1774 1653 1832 ἐπεί
1670 1778 1697 1834 έν
1712 1776 1800 1847 μόνοις
1811 1779 1870 1836 τού·

268 1861 359 1941 ιψεῦδό,Ι
374 1866 456 1933 ἔστιν,
468 1860 528 1939 οὐχί
546 1860 573 1918 δθ
596 1859 641 1919 καλ
655 1862 678 1919 ol
696 1859 873 1939 διεψευσμένοι
891 1858 982 1932 ἐπίσης
997 1862 1046 1920 εἰσὶ
1089 1882 1142 1925 τοις
1157 1859 1264 1936 ὁμόνοια
1278 1859 1396 1938 γίγνεται
1411 1861 1536 1940 περὶτῶν
1551 1860 1622 1920 κατά
1634 1861 1679 1918 τὸν
1700 1863 1766 1940 βίον·
1781 1864 1831 1933 τὴν
1846 1865 1869 1922 δ’

268 1950 459 2030 διεψευσμένοι.
476 1946 669 2026 Διαμαρτᾶνειν
691 1946 719 2005 δὲ
735 1948 833 2022 μᾶλλον
848 1948 892 2004 καὶ
906 1938 983 2018 ἧττον
998 1949 1045 2006 οὐκ
1089 1946 1210 2022 ὁμόνοιαν
1222 1940 1289 2008 εἰναι
1302 1954 1393 2007 κοινῶν
1406 1951 1509 2025 ἀγαθῶν
1525 1950 1684 2023 ἐπιστήμην.
1701 1951 1802 2009 Φιλίαν
1818 1952 1869 2033 γάρ

267 2038 331 2113 ἔστι,
345 2047 431 2098 πᾶσαν
444 2037 494 2117 γὰρ
505 2036 637 2115 ἁμαρτίαν
649 2034 717 2093 κατδι
727 2036 860 2115 δισίψευσιν
871 2036 1042 2114 πράττεσθαι.
1090 2034 1215 2105 ἀληθινὴν
1228 2035 1322 2112 καὶμὴ
1341 2037 1508 2116 ψευδώνυμον
1525 2037 1649 2095 ἀδύνατον
1661 2037 1742 2115 χωρὶς
1756 2039 1871 2107 πίστεως

266 2123 328 2185 Ἔτι
342 2126 401 2205 οὒχί
412 2127 567 2203 κατόρθωμα
579 2123 626 2199 μὲν
637 2126 723 2198 μεῖζον
733 2122 777 2181 καί
791 2123 896 2181 ἔλαττον
904 2126 1045 2203 γίγνεσθαι,
1089 2127 1133 2182 καὶ
1147 2124 1313 2203 βεόαιότητος
1321 2125 1457 2205 ὑπάρχειν·
1470 2128 1496 2183 έν
1509 2125 1536 2184 δέ
1547 2138 1600 2191 τοῖς
1614 2129 1731 2202 φαύλοις,
1749 2128 1870 2193 ἀπίστοις

267 2213 415 2291 ἁμάρτημα
436 2214 463 2270 δὲ
480 2210 719 2287 postpositum
739 2208 933 2287 οὐγίγνεσθαι,
958 2212 1044 2271 ποίντα
1089 2214 1134 2272 καί
1149 2213 1281 2280 οἰόεόαίοις
1305 2204 1362 2272 οάσι
1385 2214 1430 2273 καὶ
1449 2213 1568 2291 δόγματα
1582 2213 1715 2289 πολεμικὰ
1735 2218 1869 2291 κεκτημέ-

266 2301 316 2377 γοίρ
331 2304 385 2359 ἔστι
400 2301 499 2370 τέλεια,
514 2299 603 2378 διόπερ
618 2298 672 2357 οὔτ’
687 2298 814 2356 ἐλλείπειν
835 2296 888 2356 οὗθ’
906 2299 1044 2378 ὑπερέχειν
1089 2325 1156 2372 νοις,
1169 2304 1216 2359 οὐκ
1230 2290 1296 2360 εἶναι
1311 2302 1413 2380 φιλίαν,
1427 2303 1516 2381 ἑτέρας
1531 2302 1559 2360 δέ
1570 2325 1641 2367 τινας
1656 2304 1806 2370 ἐπιπλοκὰς
1823 2306 1867 2361 καί

265 2387 361 2447 δύναιτ’
378 2388 408 2446 δν
421 2388 553 2457 ἀλλήλοιν.
568 2384 629 2445 Ἴσα
643 2410 670 2445 τε
684 2390 729 2443 νῦν
744 2386 798 2446 έστι
812 2386 897 2444 πάντα
911 2387 944 2443 τά
957 2389 1044 2465 ἆμαρ·
1089 2390 1217 2455 συνδέσεις
1237 2388 1327 2457 ἔξωθεν
1351 2390 1477 2469 ἀνέγκαις
1501 2389 1546 2449 καί
1577 2389 1660 2458 θοἜαις
1687 2393 1868 2472 κατεχομένας

264 2476 296 2544 τιό
300 2500 382 2552 ματα,
396 2476 464 2553 Περὶ
476 2475 504 2533 δὲ
518 2476 643 2554 εὐφυοῦς,
665 2472 703 2531 ἔτι
717 2473 744 2530 δὲ
759 2475 876 2552 εὐγενοῦς
888 2476 911 2532 oi
927 2474 974 2551 μέν
990 2479 1042 2534 τῶν
1086 2476 1227 2553 γίγνεσθαι.
1243 2476 1318 2536 useel
1333 2476 1361 2536 δί
1374 2478 1420 2536 καί
1432 2478 1461 2536 εδ
1475 2480 1580 2556 ἀγαπᾶν
1599 2475 1643 2536 καὶ
1657 2478 1687 2536 τὸ
1702 2481 1868 2548 ’ἀσπάζεσθαι

264 2563 294 2619 ίκ
314 2566 359 2633 τῆς
381 2562 504 2642 αἱρέσεως
529 2561 713 2640 έπηνέχθησαν
737 2564 780 2619 ἐπί
799 2562 828 2621 τὸ
853 2560 936 2637 λέγειν
955 2561 1041 2620 ποίντα
1087 2563 1132 2621 καί
1145 2564 1173 2623 τδ
1186 2566 1269 2645 φιλεῖν
1283 2564 1369 2642 μόνοιν
1386 2556 1452 2622 εἶναι
1471 2568 1522 2623 τῶν
1541 2564 1701 2623 σπουδαίων.
1716 2566 1772 2626 Καί
1787 2570 1868 2642 μόνον

264 2648 340 2727 σορόν
361 2657 475 2709 τοιοῦτον
492 2641 572 2721 εἰναι,
592 2650 615 2707 οἱ
631 2650 654 2706 δ’
666 2646 707 2708 οὔ.
733 2652 767 2708 Οἱ
792 2642 840 2724 ’μὲν
855 2647 905 2726 γὰρ
927 2646 1041 2723 οἴονται,
1087 2640 1152 2709 εἰναι
1166 2653 1208 2710 τὸν
1218 2654 1296 2733 σοφὸν
1313 2655 1422 2733 βασιλέα
1436 2678 1463 2712 τε
1475 2652 1520 2712 καί
1531 2652 1678 2731 βασιλικόν,
1693 2659 1747 2713 τῶν
1761 2653 1869 2736 δὲφαύ-

263 2742 292 2797 οὐ
308 2739 385 2815 μόνον
411 2742 510 2820 εὐφυεῖς
526 2738 658 2815 γίγνεσθαι
682 2737 745 2817 πρὸς
765 2738 860 2818 ἀρετὴν
875 2740 904 2795 ἐκ
925 2736 1040 2816 φύσεως,
1086 2742 1139 2797 λων
1164 2741 1273 2813 μηδένα·
1296 2742 1344 2811 τὴν
1368 2741 1419 2823 γάρ
1442 2743 1577 2820 βασιλείαν
1604 2742 1691 2822 ἀρχὴν
1720 2745 1866 2803 ἀνυπεύθυ-

264 2828 331 2888 ulii
346 2830 390 2887 καὶ
404 2828 463 2895 τοὺς
477 2832 506 2887 έκ
527 2830 706 2899 κατασκευῆς,
726 2825 771 2883 καί
793 2826 822 2884 τὸ
836 2827 862 2883 έν
879 2835 936 2892 ταῖς
947 2849 1040 2903 παροι-
1086 2851 1128 2884 νον
1144 2826 1180 2862 '⁰⁷
1196 2816 1261 2887 εἰναι
1285 2827 1330 2887 καὶ
1350 2828 1397 2900 τὴν
1421 2829 1547 2887 ἀνωτάτω
1567 2828 1674 2901 καλτὴν
1690 2829 1734 2888 ἐπὶ
1756 2832 1864 2895 πάσαις.

265 2914 335 2992 μίαις
342 2916 479 2994 λεγόμενον
488 2921 565 2974 τοῦτο
576 2914 743 2986 ἀπεδέξαντο,
754 2942 765 2966 ι
777 2914 873 2991 μελέτη
886 2914 1042 2992 χρονισθεῖσ’
1087 2916 1199 2990 Λέγουσι
1214 2915 1300 2975 δὲκαὶ
1316 2916 1420 2994 οίριστον
1440 2918 1520 2976 αὐτοῦ
1539 2915 1628 2996 ἰατρθν
1646 2906 1713 2975 εἰναι
1724 2916 1769 2976 τὀν
1785 2940 1869 2977 σπω-

260 3005 297 3070 εἰς
311 3003 387 3083 φύσιν
399 3003 595 3064 aeliotarum
643 3003 717 3062 Τοδ
731 3002 820 3086 ὅμοιον
834 3002 879 3060 καί
894 3003 953 3081 περὶ
966 3005 1039 3080 εὖγε·
1086 3004 1157 3061 δαῖον
1174 3004 1263 3082 ἄνδρα·
1279 3007 1391 3081 ἐπιμελῆ
1409 3003 1460 3084 γάρ
1475 3004 1537 3063 ὄντα
1550 3009 1598 3077 τῆς
1613 3005 1678 3071 ἰδίας
1691 3004 1794 3085 φύσεως
1807 3029 1864 3063 πα-

264 3197 389 3255 pcccntum
402 3193 526 3243 mendacio
543 3195 646 3244 constat.
693 3193 729 3244 Ad
743 3194 795 3242 Ιιωσ
808 3175 855 3242 riou
867 3193 965 3255 quidem
977 3196 1042 3244 recle
1086 3187 1158 3244 nibus
1168 3195 1203 3244 uti
1213 3195 1376 3260 improborum
1389 3211 1442 3246 esse
1455 3199 1536 3259 ajrrnt,
1552 3197 1610 3260 quia
1622 3199 1695 3248 bomo
1710 3199 1828 3258 ingenuus
1842 3204 1868 3248 et

265 3283 354 3331 iactum
367 3281 445 3343 rricius
455 3281 566 3331 minusve
578 3284 614 3331 est
631 3280 716 3342 altero,
730 3282 855 3342 peccalum
868 3287 949 3330 autem
963 3282 1041 3340 ruinius
1087 3281 1176 3344 probus
1190 3295 1261 3331 uerno
1277 3296 1306 3332 ea
1317 3286 1414 3344 utstur;
1432 3284 1494 3332 istem
1505 3298 1560 3333 sero
1570 3284 1691 3345 judicium
1701 3287 1775 3334 etiam
1787 3285 1818 3334 ue
1830 3287 1868 3334 ir·

263 3371 373 3418 minusve
393 3370 467 3420 altero
489 3381 536 3418 non
554 3373 604 3428 est,
627 3367 745 3430 siquidem
767 3367 846 3417 omnia
867 3369 913 3416 ista
935 3368 1039 3430 perlecta
1087 3362 1185 3440 risione,
1202 3376 1257 3425 quae
1273 3364 1310 3412 est
1321 3363 1481 3414 dissimulatio
1492 3378 1549 3413 com
1562 3363 1725 3415 ludificatione
1746 3366 1868 3427 alicujus,

262 3459 403 3518 suntatque
420 3456 510 3506 idcirco
525 3457 628 3506 invicem
643 3469 687 3505 nse
701 3456 785 3506 cedere
799 3469 843 3505 nec
857 3469 969 3518 superare
986 3469 1041 3516 pos·
1089 3448 1185 3498 iaciunt.
1243 3449 1279 3500 Ad
1290 3451 1336 3499 boc
1347 3451 1476 3500 amicitiam
1494 3452 1642 3514 sapientibus
1659 3451 1777 3501 δυσίατοι
1794 3453 1870 3501 retin-

262 3546 318 3594 siot.
352 3545 825 3608 ltaquenqrraliaomniapeccutasnot.
859 3545 913 3592 Jnm
931 3542 1043 3604 deiuge·
1088 3539 1174 3598 qusint,
1189 3539 1301 3599 qnoniam
1314 3524 1337 3586 in
1356 3539 1393 3588 bis
1402 3539 1459 3588 solis
1473 3539 1503 3589 de
1515 3540 1572 3590 ritoe
1588 3539 1705 3589 institutis
1719 3539 1871 3589 soimarlrer-

264 3635 330 3682 nioso
341 3648 370 3683 ac
381 3634 454 3682 nobili
471 3633 568 3695 quitiam
581 3631 685 3682 stoicam
705 3633 796 3681 sectam
813 3631 914 3694 professi
932 3632 966 3679 ita
978 3631 1042 3693 jurii·
1088 3627 1154 3674 tatur
1170 3627 1307 3686 consensio;
1323 3639 1374 3675 esse
1386 3629 1468 3675 autem
1483 3628 1662 3678 consensionem
1675 3626 1740 3676 illam
1757 3640 1868 3675 commo·

264 3727 363 3780 cnrurut,
382 3726 408 3770 ut
425 3721 533 3770 dicerent
545 3733 644 3769 omnem
659 3719 792 3782 sapientem
811 3719 882 3767 talem
905 3733 974 3779 esse,
1002 3719 1042 3767 alii
1087 3713 1154 3762 nium
1174 3713 1290 3762 bonorum
1305 3714 1442 3762 scientiam.
1476 3715 1754 3772 Quumenlmamicilii
1771 3727 1870 3763 vente

226 3825 229 3838 ι
264 3807 391 3870 negarunt.
425 3807 559 3856 Suntenim
574 3807 615 3870 quii
628 3807 740 3867 credant,
753 3807 889 3869 ingeniosos
901 3820 949 3856 nou
965 3806 1043 3855 solum
1087 3801 1295 3850 sincensincfidc
1309 3802 1478 3851 etcoostano'o
1495 3805 1766 3864 permanereocqueat:
1780 3803 1805 3850 io
1818 3803 1868 3850 im-

263 3894 328 3942 nasci
341 3893 370 3942 ad
381 3895 495 3943 virtulem
508 3929 515 3952 ,
529 3893 572 3942 sed
586 3894 657 3942 etiam
668 3893 816 3942 institutione
828 3893 937 3954 iormsri,
946 3895 969 3942 et
978 3893 1043 3955 qood
1089 3888 1170 3951 probis
1186 3889 1337 3949 bominibus,
1355 3890 1426 3938 simul
1446 3890 1525 3939 inlidis
1541 3897 1565 3938 et
1578 3890 1781 3950 inconstantibus,
1796 3889 1869 3939 umor

264 3981 382 4042 proverbii
403 3981 456 4030 loco
474 3981 519 4031 dici
533 3981 607 4039 solet,
620 3994 690 4029 nsum
711 3981 870 4031 inveteratum
884 3982 908 4030 in
930 3985 1043 4029 usturam
1089 3977 1300 4040 bostiliarlogmata
1307 3978 1453 4027 lnbentibus
1461 3979 1591 4028 amicitiam
1601 3993 1650 4028 non
1660 3979 1748 4039 inesse,
1758 3977 1870 4027 sedalias
1931 3984 1935 3988 ’

265 4061 371 4128 re'rtere,
389 4069 412 4117 ld
433 4069 602 4131 approbarunt.
638 4067 752 4117 Similiter
773 4068 845 4116 ctiam
862 4069 893 4117 da
918 4067 1045 4116 nobilitate
1088 4066 1203 4128 qondam
1217 4069 1269 4114 tom
1286 4066 1458 4116 familiaritates
1470 4072 1522 4116 tum
1541 4067 1680 4117 sodalitates
1693 4081 1749 4129 qun
1762 4061 1870 4116 externis

264 4155 446 4214 existimarunt,
459 4155 492 4203 ita
506 4160 533 4203 ut
546 4155 631 4215 ingenii
645 4154 750 4203 sollertia
764 4155 796 4202 sit
808 4155 831 4202 iu
845 4155 985 4203 sinirersum
998 4155 1041 4202 trs·
1090 4154 1271 4204 necessitatibus
1281 4160 1305 4203 et
1314 4154 1465 4224 opinionibus
1476 4156 1538 4204 iuter
1549 4168 1576 4204 se
1587 4157 1764 4206 contineantur.
1792 4155 1871 4216 Aiunt

265 4242 329 4292 bitus
341 4245 434 4291 notrrrno
449 4243 486 4290 vel
498 4242 650 4290 institutionis
662 4241 691 4289 ad
706 4242 819 4290 virtutem
840 4247 920 4302 optus,
934 4241 985 4290 sire
1001 4242 1040 4290 bs·
1088 4245 1160 4292 etiam
1170 4243 1268 4304 diligere
1280 4246 1305 4290 ct
1316 4243 1418 4292 salustare
1427 4249 1451 4293 et
1462 4257 1542 4293 amaro
1554 4244 1685 4307 proborum
1694 4243 1811 4292 duntaxat
1823 4245 1871 4292 bo·

267 4331 346 4390 bitus,
357 4343 406 4392 quo
420 4329 528 4378 nonnulli
541 4329 635 4377 virtutis
649 4342 750 4389 capsaces
765 4328 916 4389 ῙιιιΙίοιιιιῑιιτς
928 4328 1043 4379 nobilitas
1089 4331 1182 4380 minum
1190 4345 1249 4381 esse.
1258 4331 1425 4393 Acceditqnorl
1432 4332 1511 4381 solnm
1518 4331 1735 4396 sapientemrogern
1744 4336 1770 4381 et
1777 4335 1871 4391 romum

266 4431 322 4467 vero
341 4417 438 4467 babitus
454 4416 547 4478 generis
561 4417 598 4464 rel
611 4415 770 4464 institutionis
788 4417 817 4464 ad
828 4416 942 4465 virtutem
962 4421 1042 4481 pplus.
1089 4432 1140 4468 osse
1156 4420 1290 4479 aiiirmoot,
1305 4421 1470 4483 improborum
1485 4423 1568 4470 sutem
1581 4420 1719 4470 neminem:
1734 4433 1789 4469 csse
1800 4422 1871 4469 enim

264 4507 371 4556 Probum
389 4519 485 4568 quoque
503 4505 623 4554 bominem
644 4503 725 4565 ajunt,
745 4518 820 4566 qurum
840 4500 944 4554 ”allobilis
967 4509 1040 4567 utque
1090 4507 1320 4569 regibmimperinm
1333 4508 1553 4558 rouootreudeodae
1561 4507 1872 4566 nooobnosiomacsum·

265 4594 359 4656 elegans
374 4594 441 4642 silet
453 4593 530 4642 bonus
541 4592 691 4652 adirortntor,
711 4593 736 4641 et
752 4591 871 4654 colloquio
882 4606 927 4641 sno
941 4593 1041 4641 incitans
1090 4601 1191 4646 mumet
1204 4600 1362 4658 pmstremnm.
1394 4600 1497 4658 Insuper
1509 4595 1654 4646 medicinam
1666 4596 1757 4656 optime
1768 4593 1814 4644 sini
1826 4597 1873 4643 arl-

267 4687 317 4731 tum
331 4682 360 4730 orl
379 4683 570 4731 berrevolenliaru
588 4686 639 4731 tum
651 4681 681 4730 arl
694 4681 832 4742 amicitiam,
848 4695 920 4744 quam
941 4683 1045 4730 ιιιιιιιίισε
1090 4684 1171 4734 bibcrs
1192 4686 1271 4731 virum
1294 4683 1397 4746 probum
1414 4684 1576 4746 contendunt,
1592 4685 1649 4747 quio
1662 4683 1764 4744 diligens
1775 4685 1873 4734 natum

263 4773 293 4820 ad
306 4774 441 4822 troclnmlos
455 4769 780 4822 mulititudinisaoimosesso
798 4771 927 4834 idoneum,
943 4773 1045 4835 ideoque
1090 4785 1141 4822 susc
1154 4774 1296 4822 observator
1316 4785 1445 4834 rerumque
1460 4773 1553 4835 corpori
1575 4773 1708 4822 salubrium
1723 4785 1814 4834 gnarus
1828 4775 1872 4823 sii.

265 4867 404 4918 νσιιιιειιιιπ,
415 4861 561 4922 jucundum,
577 4859 701 4921 blondum,
714 4866 830 4929 proterea
845 4862 975 4922 testitum,
991 4875 1045 4910 acu·
1090 4863 1207 4910 Praetereo
1222 4863 1308 4923 negant
1329 4861 1379 4911 lieri
1402 4874 1472 4922 posse
1494 4867 1522 4910 ut
1537 4861 1573 4909 vir
1597 4860 1702 4922 proruens
1724 4859 1871 4920 inebrietur,

265 4953 334 5005 tum,
348 4951 526 5010 opportunum,
548 4950 723 5011 perspicacem,
747 4950 895 5012 simplicum,
920 4953 1044 5010 opertum,
1091 4962 1165 5011 quum
1177 4949 1280 5000 ebrietas
1294 4949 1476 5010 propensionem
1488 4949 1518 4996 orl
1535 4947 1685 5010 peccandum
1697 4948 1822 4997 continent
1833 4952 1875 4996 at·

267 5033 410 5094 «sodidum,
428 5037 532 5098 denique
551 5037 649 5087 minimo
667 5037 750 5087 lictum
774 5054 780 5086 ι
802 5039 937 5100 improbum
962 5041 1043 5086 autem
1091 5050 1138 5099 qne
1152 5038 1175 5086 in
1192 5038 1247 5085 rino
1257 5036 1432 5098 stultiloquium
1446 5037 1490 5096 sit,
1503 5037 1569 5085 nulls
1583 5049 1640 5086 rero
1654 5036 1678 5086 in
1690 5049 1717 5085 re
1729 5036 1803 5085 bomo
1813 5049 1875 5098 pro-

269 5123 393 5171 coutroriis
406 5125 516 5173 omnibus
534 5126 595 5176 vitiis
607 5127 690 5175 tourri.
712 5126 906 5176 Dissinmlationc
919 5126 941 5174 iu
955 5138 1044 5175 sermo·
1091 5125 1136 5174 bus
1150 5128 1233 5186 peccet
1245 5123 1346 5186 ideoque
1362 5129 1449 5173 concta
1463 5123 1494 5172 ari
1506 5124 1621 5174 virtulem
1636 5127 1662 5174 et
1677 5137 1732 5210 φιρω
1744 5125 1801 5173 inde
1812 5137 1874 5186 pro-
