3959 5925
718 351 967 411 ruaoucura.
1034 320 1038 329 ’
1109 441 1113 449 Ι
1346 420 1350 426 ,
1628 363 1643 411 ι

47 487 128 547 πίντε
156 486 291 557 πλανήτας
318 489 375 561 μεθ’
392 485 467 556 ἡλίου
492 485 536 543 καὶ
559 462 668 556 σελὴνης
685 484 826 595 τετέγθαι,
871 484 916 545 cl.
933 484 1040 543 Euseb.
1060 484 1153 562 Praep.
1172 483 1278 561 Evaug.
1300 484 1360 555 XV,
1380 484 1427 557 57.
1446 484 1546 545 Galen.
1564 485 1640 559 XXI,

45 576 162 652 κόσμον·
176 575 206 633 τὸ
220 574 244 633 δ’
256 573 306 633 ύπδ
317 571 417 638 τούτοις
429 572 585 645 θποοεληνόν
595 597 624 631 τε
636 571 682 631 καὶ
697 595 826 651 περιγειον
872 576 900 633 3.
916 573 968 631 ilis
992 585 1182 631 consentanea
1205 586 1253 631 aut
1274 592 1333 630 nou
1354 573 1507 630 admodum
1528 572 1643 633 diversa

47 664 146 742 μέρος,
159 666 185 723 ἐν
196 654 218 741 ᾧ
230 662 265 720 τὰ
275 665 322 733 τῆς
333 659 541 739 ριλρμεταύόλου
554 662 694 737 γενέσεως,
705 660 826 739 ούρανόν.
871 657 922 715 alii
936 658 1066 715 tradunt.
1077 656 1218 731 Diogenes
1236 656 1366 715 Laertius
1380 656 1438 717 lib.
1456 656 1537 733 Vlll,
1555 660 1592 715 85
1608 660 1644 718 de

47 750 105 809 Καὶ
119 749 185 828 περὶ
199 748 247 826 μὲν
260 746 294 806 τά
307 746 453 824 τεταγμένα
468 750 519 805 τῶν
541 747 680 825 μετεώρων
694 745 827 825 γίγνεσθαι
872 745 1004 803 Philolao
1020 763 1027 805 :
1041 743 1086 802 καί
1095 742 1141 813 τὴν
1156 746 1204 819 γῆν
1216 750 1340 802 κινεῖσθαι
1353 744 1421 803 κατδι
1437 742 1529 803 κύκλον
1542 751 1644 826 πρῶτον

45 834 95 906 τὴν
117 835 225 915 σορίαν,
236 835 296 913 περὶ
309 833 337 892 δδ
349 834 382 895 τδι
396 834 522 912 γενόμενα
534 840 579 907 τῆς
589 834 695 904 ἀταξίας
704 834 752 908 τὴν
768 838 828 918 ἀρε·
872 834 963 889 εἰπεῖν·
977 834 1001 889 οί
1016 831 1042 891 δὲ
1057 830 1160 889 Ἱκέταν
1173 830 1348 905 Συρακούσιον
1368 853 1456 909 φασιν.
1474 833 1644 892 Plutarchus

45 924 119 994 τήν,
135 924 237 983 τελείαν
253 921 302 999 μὲν
315 922 426 995 ἐκείνην,
437 924 517 994 ἀτελῆ
530 921 557 982 δέ
568 922 676 995 ταύτην.
872 918 908 976 de
920 918 1000 977 Plac.
1025 918 1099 996 phil.
1118 918 1172 977 lib.
1189 918 1231 977 lll
1246 937 1309 995 cap.
1330 919 1364 975 ιδ
1381 940 1387 974 :
1403 920 1427 975 οί
1442 919 1489 995 μδν
1506 921 1579 980 ἄλλοι
1594 921 1645 997 μέ-

89 1014 97 1044 ¹
88 1011 216 1089 Joaun
241 1008 328 1070 Stob.
351 1009 452 1085 Eolog.
475 1011 528 1072 lib.
554 1011 650 1090 lcap
680 1014 791 1084 XXIII,
812 1035 824 1070 ι
872 1004 983 1076 νειντὴν
997 1011 1054 1080 γῆν·
1071 1004 1244 1073 Φιλόλαοςδὲ
1258 1007 1343 1065 ὁΠυθ
1331 1004 1478 1087 θ,αγόρειος
1494 1007 1582 1065 κύκλον
1599 1030 1646 1065 πε-

47 1120 120 1177 pag.
147 1098 389 1178 ιδδοδ.11εει.)
873 1092 1021 1173 ριρέρεσθαι
1034 1116 1084 1173 περ
1084 1092 1136 1151 l
1113 1117 1142 1152 το
1162 1099 1214 1172 πῦρ
1227 1091 1403 1151 κατὰκύκλου
1416 1092 1525 1161 λοξουδ
1527 1096 1646 1172 μοιοτρύ·

88 1187 180 1247 7,Τὸ
204 1186 231 1243 δὲ
251 1186 403 1262 ἡγεμονικὸν
433 1184 585 1263 (Φιλόλαος
609 1184 720 1266 ἔφησεν)
744 1189 825 1251 ἐν
791 1210 828 1267 τῳ
872 1204 926 1245 πως
939 1180 1006 1260 ἡλίῳ
1019 1118 1183 1258 καλρσιληνῃ.
1207 1181 1250 1240 Cf.
1272 1180 1374 1241 Galen.
1394 1180 1473 1255 XXI,
1494 1183 1522 1243 5.
1538 1184 1644 1245 Euseb.

46 1275 209 1351 μεσαιτάτῳ
222 1271 301 1381 πρρί,
321 1272 385 1353 ὅπερ
404 1272 509 1349 τρόπιος
528 1272 601 1345 δίκην
616 1273 829 1353 προύπτόόλλετο
872 1266 932 1339 XV,
949 1269 998 1329 58.
1012 1267 1181 1327 Aristoteles
1195 1268 1230 1325 de
1241 1268 1323 1326 Coelo
1333 1267 1373 1338 Π
1390 1270 1463 1347 τδρ
1482 1274 1551 1345 293,
1566 1272 1643 1333 aed.

45 1364 95 1430 τῆς
109 1367 158 1419 τοῦ
174 1360 269 1426 παντὸς
288 1357 459 1440 [walpodo
477 1358 632 1438 δημιουργὸς
646 1359 712 1428 θεός.
872 1311 992 1414 Beren
1011 1354 1149 1423 τίναντίως
1168 1360 1192 1415 ol
1212 1356 1272 1436 περλ
1286 1355 1419 1431 Ἰταλίαν,
1443 1357 1598 1435 καλούμενοι
1619 1361 1646 1418 δὲ

90 1448 215 1521 (Joann.
249 1446 332 1507 Stob.
358 1448 458 1523 Eolog.
484 1447 537 1509 lib.
563 1452 666 1527 lcap.
687 1448 781 1520 XXII,
808 1450 826 1505 6
874 1446 932 1502 Πυθ
919 1448 1048 1521 αγορειοι
1059 1442 1216 1520 λεγουσιν
1204 1466 1247 1503 cru
1237 1442 1369 1521 μὲνρ
1320 1467 1369 1555 γαρ
1385 1468 1430 1503 του
1447 1444 1528 1520 μέσου
1542 1454 1622 1525 πῦρε
1611 1438 1647 1505 εί-

47 1558 79 1615 p.
105 1539 166 1604 452
180 1536 229 1596 cd.
245 1538 351 1614 Eser.)
872 1531 915 1588 ναί
929 1553 1004 1609 φασι,
1019 1530 1066 1601 τὴν
1087 1530 1162 1589 li*
1129 1556 1197 1677 γηνέ
1195 1530 1279 1590 ἔν’
1244 1555 1295 1591 των
1319 1532 1421 1612 ἄστρων
1441 1526 1532 1606 ουσαν,
1555 1537 1645 1617 κύκλῳ

87 1646 114 1683 s.
136 1624 269 1689 Φιλόλαος
282 1613 411 1695 διττὴνεῖ
387 1645 452 1681 ενοιι
466 1619 513 1693 τὴν
534 1622 647 1702 ρθοράν,
662 1620 720 1681 τοτὲ
742 1621 789 1694 μὲν
803 1619 829 1688 ἐξ
873 1617 1016 1696 φερομένην
1035 1618 1096 1697 accpi
1115 1620 1145 1678 τδ
1163 1618 1241 1696 μέσον
1256 1643 1373 1679 νυκτατε
1386 1622 1432 1679 κοιλ
1443 1622 1542 1702 ίμεραν
1556 1634 1646 1683 ποιεῖν

48 1714 163 1792 οὐρανοῦ
176 1711 258 1788 πυρὸς
260 1710 392 1819 ρυίγτος,
413 1709 471 1768 τοτὲ
494 1712 517 1768 δ’
531 1710 558 1777 ἐξ
572 1708 829 1815 θδατοςσρληνιοκου
873 1720 901 1764 et
915 1706 1026 1782 ahquot
1037 1705 1193 1765 versibus
1184 1710 1363 1785 interjectis
1355 1710 1438 1767 ·οἰλλ’
1453 1708 1508 1767 ὅσοι
1520 1709 1567 1786 μὲν
1580 1716 1633 1787 μηδ
1620 1714 1657 1771 δὲ’

48 1803 213 1875 περιστροφῇ
232 1802 277 1855 τοῦ
298 1797 372 1874 ἀέρος
393 1797 572 1875 ἀποχυθέντος·
586 1795 631 1855 καί
652 1795 750 1855 τούτων
764 1785 830 1854 εἶναι
873 1795 916 1850 επι
927 1815 974 1850 του
996 1791 1075 1868 μέσου
1089 1792 1189 1853 κεῖσθαί
1203 1804 1287 1872 ρασιν
1295 1794 1393 1866 αὐτήν,
1409 1804 1535 1857 κινεῖσθαι
1549 1798 1628 1859 δὲ’
1597 1821 1648 1857 κυ-

49 1885 97 1951 τάς
112 1880 406 1962 ἀναθυμιέσειςτροράς
420 1904 465 1941 του
479 1882 589 1958 κόσμου
873 1881 928 1958 κλῳ
944 1902 977 1937 πε
979 1874 1096 1959 ρίτθ’
1063 1902 1153 1955 μεσον·
1167 1882 1195 1941 ού
1209 1880 1286 1957 μόνον
1301 1882 1329 1941 δδ
1343 1882 1455 1955 ταύτην,
1467 1884 1535 1943 ἀλλὰ
1546 1885 1591 1943 καί
1600 1886 1647 1957 viv

92 1973 284 2049 (Plutarchus
292 1973 329 2030 de
338 1972 419 2031 Plac.
434 1972 506 2049 phil.
519 1971 568 2030 hb.
580 1970 608 2029 ll
626 1991 689 2051 cap.
703 1972 732 2034 5.
742 1971 827 2029 Coni
875 1902 1029 2045 ἀντίχθονα,
1042 1966 1160 2046 καθάπερ
1175 1967 1280 2043 εἴπομεν
1296 1968 1447 2049 πρότερον.)

49 2061 134 2120 Stob.
167 2061 267 2135 Eclog.
290 2059 344 2119 lib.
365 2059 379 2116 l
403 2078 469 2137 cap.
494 2079 543 2129 αι,
571 2080 589 2117 a
613 2076 680 2137 pag.
706 2060 763 2125 διδ
781 2058 827 2117 εδ.
914 2074 950 2115 ro.
965 1991 1478 2135 ΦιλολαοςθΠυθαγόρειοςθαλοειδῆ
1455 2082 1498 2117 τον
1513 2058 1648 2133 ἡλιον,δε-

53 2150 152 2220 licer.;
171 2145 412 2223 iremlib.1cap.
438 2166 487 2218 oa,
502 2147 519 2201 6
535 2165 601 2223 pag.
619 2146 687 2213 (ηδτ.
702 2146 746 2203 ld
764 2148 831 2205 aui-
875 2141 985 2221 χύμενον
998 2141 1046 2219 μὲν
1058 2148 1103 2203 τοῦ
1118 2146 1144 2203 ἐν
1157 2147 1195 2223 τῷ
1209 2143 1302 2223 κόσμῳ
1315 2145 1394 2223 πυρδς
1412 2145 1460 2217 τὴν
1484 2148 1648 2225 ἀνταύγειαν,

53 2239 160 2294 malem
173 2236 274 2294 mundi
289 2247 421 2293 naturam
441 2246 569 2311 spectant
582 2253 647 2309 quae
661 2236 831 2296 Aristoteles
875 2233 1014 2300 διηθοῦντα
1028 2228 1056 2291 δὲ
1076 2231 1139 2304 πρὸς
1161 2226 1231 2309 ἡμᾶς
1244 2232 1274 2291 τό
1297 2255 1325 2291 τε
1346 2236 1399 2311 ρῶς
1423 2236 1468 2293 καί
1482 2234 1529 2306 τὴν
1557 2236 1648 2308 ἀλίαν,

52 2325 147 2402 Phys.
169 2323 221 2394 IV,
238 2326 256 2380 6
278 2341 344 2400 pag.
368 2323 437 2392 213,
454 2329 504 2392 alr,
525 2319 544 2378 b
564 2322 609 2381 ed.
627 2322 747 2380 Bekker.
769 2323 831 2399 Ργ-
875 2314 943 2375 ὥστε
956 2316 1052 2393 τρόπον
1065 2318 1123 2377 τινά
1139 2318 1238 2385 διττοὺς
1259 2320 1347 2391 ἡλίους
1370 2323 1518 2401 γίγνεσθαι,
1536 2323 1566 2381 τό
1579 2346 1608 2382 τι
1622 2327 1648 2382 ἓν

53 2411 202 2487 thagoreis
215 2409 318 2470 tribuit
327 2408 443 2467 decreta
457 2408 503 2465 his
514 2406 612 2465 verbis
628 2429 635 2465 a
650 2396 716 2466 εἶναι
729 2407 753 2466 δ’
767 2408 830 2487 ἔρα.
875 2408 912 2484 τῷ
927 2406 1028 2485 οὐρανῷ
1041 2407 1158 2486 πυρῶδες
1171 2406 1260 2466 καὶτὸ
1275 2410 1320 2464 ἀπ’
1335 2410 1413 2467 αὐτοῦ
1433 2408 1563 2489 πυροειδὲς
1581 2410 1649 2468 κατὰ

53 2522 104 2557 σαν
116 2498 199 2559 καλοί
218 2496 390 2575 Πυθαγόρειοι
400 2492 486 2602 κενόν,
506 2494 551 2551 καλ
565 2493 704 2554 ἐπεισιέναι
716 2493 780 2553 αὐτὸ
792 2496 891 2573 τῷτ
875 2492 1065 2572 τδίσοπτροειδ
1067 2491 1101 2559 ές·
1123 2495 1145 2553 τί
1164 2494 1201 2570 μή
1215 2518 1253 2561 τις
1273 2494 1317 2553 καὶ
1332 2496 1418 2574 τρίτον
1438 2499 1514 2569 λέξει,
1534 2496 1582 2568 τὴν
1598 2498 1650 2555 ἀπὸ

54 2588 159 2693 οὗρανῳ
138 2588 260 2643 ’ἕκτου
242 2583 381 2663 ’ἀπείρου
395 2580 542 2658 πνεύματος
560 2584 594 2646 ὣς
615 2581 768 2640 ἀναπνέοντι
786 2582 832 2640 καὶ
875 2603 920 2637 του
948 2579 1072 2659 ίνόπτρου
1096 2604 1146 2639 κατ
1177 2582 1318 2641 ἀνάκλασιν
1345 2583 1560 2663 διασπειρομένην
1585 2584 1650 2663 πρὸς

54 2696 84 2730 το
98 2675 190 2745 κενόν,
214 2670 345 2750 θδιορίζει
364 2668 412 2737 τάς
430 2672 534 2749 φύσεις,
548 2672 584 2735 ὡς
603 2667 676 2735 ὄντος
695 2692 740 2726 του
755 2691 831 2730 κενου
875 2670 988 2744 ἡμᾶς’
960 2667 1052 2745 αυγὴν.

53 2782 193 2871 γωρισαου
175 2756 478 2836 τινοςτωνερεξης
437 2779 482 2816 και
491 2780 537 2829 της
548 2756 688 2835 διορίσεως·
707 2756 752 2814 καί
761 2759 830 2815 τουτ
917 2752 1068 2830 (Stobaeus
1085 2754 1183 2829 Eclog.
1201 2753 1254 2815 lib
1269 2756 1365 2834 lcap.
1381 2756 1481 2829 XXVI,
1512 2758 1607 2836 sp.
1593 2764 1649 2816 ooli

55 2874 91 2907 ειν
93 2874 121 2909 αι
145 2853 248 2928 πρῶτον
267 2850 294 2905 ἀν
308 2856 361 2913 τοῖς
375 2848 501 2925 ἀριθμοῖς·
515 2845 609 2922 τδγδρ
626 2867 700 2903 κενον
715 2844 831 2923 διορίζειν
875 2841 920 2899 ed.
935 2841 1020 2899 Hecu
1032 2842 1115 2901 Cous.
1128 2842 1298 2901 Plutarchus
1312 2844 1349 2902 de
1365 2845 1444 2903 Plac.
1459 2846 1536 2905 Phil.
1549 2847 1601 2907 lib.
1618 2846 1646 2904 Π

53 2941 103 3008 τὴν
124 2936 202 3017 φύσιν
222 2939 319 2996 αὐτῶν.
344 2934 451 2994 Eadem
471 2932 556 2991 habet
578 2931 709 2990 Stobaeus
731 2930 830 3007 Eclog.
877 2954 940 3012 cap
959 2954 1007 2993 oo.
1024 2934 1126 2994 Galen.
1142 2931 1214 3007 XIV,
1229 2956 1254 2996 1.
1266 2935 1369 2998 Euseb.
1380 2936 1441 3011 XV,
1456 2940 1504 3000 ιθ.
1527 2914 1649 3002 Michael

55 3026 110 3086 lib.
126 3026 139 3083 1
143 3046 218 3102 „19
243 3044 304 3102 rp.
322 3022 452 3081 ssohaec
470 3022 601 3079 addens:
629 3018 749 3077 ίνδὲτῶ
771 3019 831 3129 περὶ
876 3024 959 3098 Glyc.
975 3025 1081 3083 huual.
1097 3025 1119 3093 1,
1140 3043 1170 3100 p.
1187 3044 1233 3082 oo.
1248 3024 1339 3083 Paulo
1354 3027 1438 3085 ahter
1450 3029 1576 3088 Achilles
1590 3029 1649 3087 Ta

55 3121 101 3183 τῆς
114 3113 272 3192 Πυθαγόρου
286 3111 437 3192 φιλοσοφίας
452 3110 547 3189 πρώτῳ
562 3133 655 3189 γραρει
669 3132 713 3166 τον
725 3109 831 3189 οὐρανὸν
877 3113 935 3168 tius
948 3112 981 3169 in
993 3119 1074 3170 Arsi.
1091 3110 1226 3185 Prolegg.
1244 3131 1301 3186 19·
1295 3155 1302 3168 .
1316 3112 1448 3181 Φιλολαος
1463 3115 1490 3173 δὲ
1504 3116 1562 3193 (τδν
1577 3117 1650 3189 ἥλιόν

56 3195 123 3260 εἶναι
137 3202 199 3274 ἕνα,
219 3201 403 3276 ἐπεισάγεσθαι
417 3198 439 3255 δ’
461 3199 491 3255 ἐκ
509 3202 555 3256 τοῦ
577 3196 683 3276 ἀπείρου
697 3196 791 3276 χρόνον
804 3220 832 3255 τε
877 3196 958 3277 ρησι)
979 3196 1009 3254 τδ
1031 3197 1147 3275 πυρῶδες
1171 3195 1216 3255 καὶ
1238 3196 1341 3273 διαυγὲς
1366 3199 1534 3274 λαμύοίνοντα
1554 3201 1650 3261 ἀνωθεν

56 3291 102 3347 καὶ
117 3289 200 3358 πνοὴν
212 3286 297 3348 καὶτὸ
307 3285 391 3359 κενόν,
405 3286 420 3345 θ
433 3284 536 3363 διορίζει
554 3287 669 3342 ἑκάστων
684 3285 731 3350 τὰς
745 3283 832 3364 χώρας
877 3284 988 3342 ἀπὸτοῦ
1003 3283 1115 3364 αἰθερίου
1130 3283 1209 3363 πυρὸς
1220 3285 1283 3363 πρὸς
1294 3290 1364 3363 ἡμᾶς
1378 3287 1490 3363 πέμπειν
1506 3287 1553 3358 τὴν
1568 3289 1650 3366 αθγὴν

57 3377 127 3451 ἀεί.)
877 3372 920 3430 διό
933 3395 1010 3431 τινων
1024 3371 1198 3451 ἀραιωμάτων
1208 3417 1219 3448 ,
1231 3370 1298 3430 ὥστε
1311 3377 1370 3432 κατ’
1383 3375 1459 3432 αὐτὸν
1472 3375 1574 3452 τρισσὸν
1586 3367 1651 3434 εἶναι

95 3487 119 3538 υ,
138 3461 273 3531 Φιλόλαος
285 3466 300 3520 θ
313 3460 484 3540 Πυθαγόρειος
493 3460 522 3519 τὸ
536 3460 582 3536 μὲν
592 3467 643 3539 πῦρ
657 3459 744 3535 μέσον·
757 3465 832 3518 τοῦτο
877 3460 921 3519 τὸν
935 3459 1024 3532 ἥλιον,
1041 3460 1071 3519 τὸ
1085 3460 1132 3536 μὲν
1152 3460 1205 3518 ἀπὸ
1222 3465 1268 3520 τοῦ
1284 3461 1396 3540 αἰθερίου
1411 3461 1505 3540 πυρός,
1522 3463 1550 3521 τὸ
1563 3461 1591 3520 δὲ
1604 3466 1649 3522 ἀπ’

55 3554 107 3628 γὰρ
124 3541 195 3608 εἶναι
216 3556 261 3608 τοῦ
280 3548 376 3615 παντὸς
394 3548 490 3607 ἑστίαν·
511 3547 633 3626 δευτέραν
649 3546 678 3604 δὲ
694 3547 741 3619 τὴν
757 3546 832 3604 ἀντί·
877 3547 974 3606 ἐκείνω
986 3546 1153 3624 πεμπόμενον
1176 3545 1220 3607 ἐπί
1231 3548 1274 3606 τὸν
1288 3549 1403 3618 ύελοειδὴ
1423 3550 1466 3605 ὑπ’
1484 3537 1562 3608 αὐτοῦ
1577 3550 1650 3627 λεγό-

55 3644 150 3716 χθονα·
159 3636 249 3714 τρίτην
259 3636 286 3695 δὲ
300 3637 333 3708 ἡν
346 3640 464 3712 οἰκοῦμεν
478 3639 526 3711 γῆν
540 3634 567 3703 ἐξ
580 3633 695 3700 ἐναντίας
709 3633 829 3709 κειμένην
876 3657 953 3710 μενον
967 3633 1052 3706 ἥλιον,
1071 3635 1100 3692 τὸ
1114 3635 1140 3694 sl
1158 3634 1210 3692 ἀπὸ
1228 3638 1275 3692 τοῦ
1288 3633 1403 3694 τοιούτου
1416 3633 1490 3706 ἡλίου
1504 3633 1568 3714 πρὸς
1581 3640 1650 3712 ἡμᾶς

55 3751 84 3784 τε
98 3749 147 3784 και
163 3723 368 3806 περιριρομίνην
390 3727 422 3800 τῇ
448 3721 587 3800 ἀντίγγθονιΙ
612 3723 675 3802 παρ’
698 3720 774 3780 θκαὶ
795 3719 832 3795 μὴ
878 3722 1072 3798 πεμπόμενον.)

54 3818 168 3893 όρασθαι
182 3812 281 3871 lul*
246 3835 298 3869 των
313 3813 340 3868 ἀν
352 3809 464 3889 τῇδε
425 3833 484 3876 τους
498 3813 524 3867 ἐν
539 3808 635 3886 ἐκείνῃ.
923 3831 955 3869 ιι.
971 3809 1062 3888 Περιδ
1049 3807 1264 3888 δίὲμρόσεως’
1235 3814 1315 3915 αρτῆς
1324 3811 1375 3867 τῶν
1392 3809 1634 3890 Πυθαγορείων
1585 3835 1636 3871 τινε
1640 3837 1651 3878 ς

96 3900 301 3977 (Plutarchus
313 3899 349 3957 dc
371 3899 447 3958 Plac.
464 3898 539 3975 phil.
558 3896 612 3956 lib.
636 3895 678 3954 ΠΙ
694 3915 756 3973 cap.
784 3917 829 3953 ιι.
880 3896 940 3974 μέν,
956 3888 991 3955 ὧν
1008 3899 1063 3956 ἐστι
1075 3895 1221 3968 Φιλόλαος
1234 3919 1264 3954 το
1251 3895 1415 3976 γαιορανὲς
1429 3899 1507 3967 αθτης
1519 3888 1595 3972 εἶναι
1609 3899 1651 3958 διθι

56 4094 185 4145 mutabilis
198 4106 278 4143 rorum
289 4097 355 4142 ortus
366 4091 461 4155 regnet,
479 4092 577 4140 αεΙυιιι.
591 4091 737 4140 Postremo
730 4104 755 4139 ιιι
768 4090 835 4138 statis
879 4093 975 4142 tertium
988 4093 1036 4143 εί·
1029 4106 1054 4142 ιιι
1072 4107 1118 4154 uua
1127 4107 1172 4143 uos
1181 4093 1289 4156 degimus
1301 4095 1379 4156 terroe,
1391 4094 1444 4144 sitas
1460 4107 1491 4144 cx
1511 4094 1611 4144 εάνειεο
1627 4102 1651 4146 ει

54 4182 155 4252 quidem
171 4181 245 4230 robus
257 4179 394 4229 coeicstihus
403 4179 490 4227 versari
508 4179 611 4226 ailirmat
624 4176 834 4238 upieouammo
878 4180 996 4229 contrario
1015 4179 1307 4240 motrrcircumcurrcut13
1326 4181 1390 4230 uodo
1405 4180 1447 4230 liat
1464 4180 1547 4243 utqui
1567 4181 1592 4229 iu
1604 4193 1651 4230 uua

54 4272 79 4318 iu
93 4271 170 4318 rohos
182 4267 267 4317 ordios
280 4266 416 4316 carentibus
430 4267 561 4328 virtutem,
572 4266 600 4314 ut
612 4265 677 4314 iila·
688 4264 833 4326 perlectam,
878 4271 935 4318 sunt
947 4271 1021 4328 terra,
1034 4267 1064 4317 ab
1075 4269 1113 4328 iis,
1136 4268 1177 4330 qui
1190 4267 1315 4318 constituti
1334 4268 1357 4317 iu
1366 4267 1440 4318 altera
1454 4270 1522 4327 suut,
1536 4282 1583 4317 ooo
1597 4281 1645 4318 cer·

55 4358 88 4406 ita
101 4359 165 4407 hauc
174 4357 347 4419 Imperfectum.
879 4360 977 4404 uantur.
1185 4387 1187 4394 ,
1513 4367 1516 4374 ·

86 4451 110 4496 7.
130 4445 295 4507 Priocipotom
313 4447 393 4494 autom
412 4443 548 4503 (Philolaus
565 4455 618 4491 οεεε
636 4441 717 4502 rihit)
737 4440 763 4488 ic
781 4439 835 4500 igne
912 4446 949 4491 ιο.
968 4441 1089 4491 Philolaus
1108 4441 1268 4503 Pytlragorcua
1286 4440 1367 4490 ritreae
1385 4444 1476 4490 naturas
1493 4441 1567 4490 solem
1581 4441 1651 4502 lecil,
1738 4487 1741 4494 ,

56 4525 249 4594 contraiiqoem
266 4535 382 4593 tauquam
399 4531 503 4580 carinam
525 4542 605 4579 rerum
621 4530 757 4592 procreator
777 4526 837 4575 deos
879 4531 921 4593 qui
939 4532 967 4579 ut
980 4529 1096 4580 mirodoui
1111 4530 1171 4591 iguis
1189 4529 1266 4578 radios
1278 4529 1408 4591 acciperet,
1426 4530 1462 4591 ,ilo
1477 4533 1556 4578 Ιυιιιιιι
1578 4529 1649 4578 simui

56 4621 166 4672 universi
180 4619 283 4682 spiam
293 4618 430 4682 pmposuit.
879 4631 934 4666 cum
949 4617 1026 4666 calore
1044 4617 1073 4665 ad
1091 4630 1135 4666 uos
1155 4615 1330 4666 transfunderet
1349 4634 1355 4664 z
1373 4615 1409 4665 sic
1429 4622 1458 4664 ut
1479 4615 1528 4664 duo
1544 4615 1650 4678 quodam

87 4719 112 4760 s.
130 4707 254 4757 Philolaus
264 4705 384 4768 duplicem
398 4716 451 4753 casa
463 4703 546 4752 muudi
558 4703 679 4752 interitum
698 4703 747 4766 ait,
760 4718 836 4754 uuum
879 4711 950 4769 pacto
970 4705 1018 4754 siut
1038 4705 1119 4766 soles,
1128 4716 1214 4766 nempe
1234 4703 1338 4753 coelcstis
1354 4703 1413 4764 ignis
1425 4706 1450 4753 ct
1464 4705 1506 4765 qui
1524 4703 1579 4752 iudo
1593 4709 1648 4753 lau·

57 4797 111 4858 iguo
120 4793 218 4844 coeiitos
229 4793 355 4850 defluente,
369 4793 472 4842 alteram
482 4792 558 4841 iuuari
568 4804 631 4854 oqua
642 4803 685 4854 per
695 4793 834 4842 couversio-
879 4806 952 4855 quam
965 4792 990 4842 io
999 4791 1122 4854 speculum
1135 4790 1324 4852 transfunditur,
1338 4787 1383 4840 uisi
1397 4789 1530 4852 quisstiam
1549 4790 1646 4840 tortium

57 4897 113 4932 υιαι
128 4881 196 4931 acris
210 4881 287 4931 ciiuaa
299 4900 306 4930 ι
319 4883 393 4942 atquc
406 4880 491 4930 horum
501 4880 726 4930 exhalatioocsessc
736 4879 836 4930 alimco·
880 4882 938 4931 vuit
948 4879 1043 4940 αδδιτο,
1058 4879 1149 4930 radium
1159 4892 1173 4927 a
1182 4879 1278 4941 speculo
1292 4877 1322 4928 ad
1339 4891 1384 4927 ιιοε
1395 4881 1516 4927 retortum.

57 4973 110 5018 turo
122 4967 220 5019 muudi.
403 4982 408 4995 ¹
913 4974 950 5018 li.
966 4968 1060 5018 Pacicur
1076 4980 1133 5016 νειο
1146 4966 1197 5026 cius
1206 4953 1407 5028 Pythagoreorum
1419 4964 1470 5024 alii,
1483 4970 1509 5012 ul
1519 4965 1651 5029 Philolaus,

87 5067 112 5110 9.
130 5057 255 5109 Philolaus
274 5058 436 5120 Pythagoram
452 5057 616 5119 iguimsrlioru
632 5059 737 5120 assignat
748 5058 837 5119 locum,
881 5054 1058 5106 ίεττειίοιιυοιιι
1069 5067 1122 5103 asso
1133 5053 1262 5113 dixerunt,
1280 5054 1391 5117 quoniam
1410 5052 1482 5111 iuna,
1497 5052 1652 5114 quemadmo-

58 5145 124 5206 quod
143 5145 180 5194 sil
191 5143 260 5207 quasi
278 5145 346 5195 locus
367 5143 472 5194 υιιὶτοιεί
492 5144 644 5195 :secuudum
662 5144 811 5196 antichthoui
829 5159 836 5193 ι
881 5145 939 5193 (ium
954 5146 1018 5192 terra
1031 5143 1093 5203 iruc,
1113 5140 1267 5199 circumcirca
1284 5141 1403 5192 habilstur
1415 5139 1544 5202 majoricus
1557 5151 1585 5188 ac
1597 5139 1651 5202 pul·

1525 5226 1545 5272 i.
1565 5263 1567 5268 .
