3959 5925
220 357 274 409 ree

215 491 282 542 cem,
308 475 499 535 arithmeticam,
518 474 700 537 geometricam,
725 474 801 538 tecta,
822 489 901 538 onore
923 478 995 528 modo

215 568 301 617 nature
322 564 374 626 ejus
395 561 502 613 numeris
522 561 635 624 sonisque
660 561 800 624 conveniet,
825 563 883 612 satie
903 563 996 613 dictum

214 657 260 705 est.

245 743 295 791 tv.
307 741 377 790 itone
397 736 601 800 quemadmodum
612 736 700 786 enimn
711 737 786 788 sectio
801 737 901 788 sectioni
913 741 992 790 cente·

213 829 287 878 stium
306 825 472 876 membrorum
491 823 663 886 interiorique
690 824 818 876 coureuiet
838 825 995 890 circulorum,

213 929 316 980 quorum
323 913 430 964 motibus
439 913 660 963 concurratauimu
668 914 803 976 conversio,
813 926 995 979 prosequemur.

212 1003 373 1059 Ατίίθοίοίίίετ
386 1003 476 1067 quippe
492 1002 550 1052 satis
562 1003 620 1065 egit,
637 1004 666 1052 ut
685 1003 797 1053 ostendat
808 1003 914 1054 enimam
932 1006 993 1069 peri,

213 1108 261 1158 qna
270 1092 389 1153 ccelesiis,
402 1091 493 1140 ratione
502 1090 646 1152 institutam,
658 1089 728 1140 teciie
741 1093 911 1154 cognationem
926 1106 995 1144 suum

212 1193 383 1245 recognoscere
402 1199 409 1229 ι
429 1179 469 1230 rei
488 1178 546 1241 quie
562 1178 651 1242 dogma
664 1180 717 1240 eius
731 1179 870 1242 hujusmodi
883 1182 929 1244 cst,
940 1183 996 1231 nui·

213 1270 276 1322 reret
294 1271 376 1319 motus
393 1266 487 1317 initium
503 1279 575 1330 penes
593 1267 617 1316 io
638 1279 704 1330 esse,
715 1267 781 1330 quod
799 1281 829 1318 eu
843 1269 922 1330 σαίρω
941 1281 996 1317 mo·

211 1362 296 1420 retum
308 1369 355 1407 uec
366 1357 405 1406 est
412 1356 556 1420 quicquam,
566 1355 612 1404 uisi
626 1356 714 1418 anime,
725 1356 791 1419 quod
802 1369 833 1406 ex
841 1357 994 1407 remoretur.

212 1445 281 1498 Unde
293 1445 447 1510 perspicuum
462 1445 513 1506 est,
526 1442 626 1493 eundem
641 1456 694 1493 esse
707 1443 789 1492 muudi
803 1457 901 1507 quoque
913 1447 995 1496 motus

211 1535 341 1596 originem,
361 1534 386 1583 et
400 1543 509 1581 murem.
541 1532 626 1580 Fertur
640 1542 713 1593 porro
729 1532 834 1581 muudus
852 1533 877 1582 in
899 1546 995 1596 gyrum.

213 1625 281 1674 Prius
291 1621 363 1684 igitur
371 1620 460 1671 animm
471 1621 553 1670 motus
563 1620 615 1683 gyri
626 1619 712 1670 circuit
722 1620 878 1683 aufractibus,
886 1627 913 1670 ut
923 1635 995 1672 omne

212 1710 316 1761 catastis
329 1709 431 1759 mureti
442 1721 585 1772 corporeum
602 1707 686 1757 iisdem
700 1708 786 1757 orbitis
802 1709 994 1762 circumferetur.

212 1799 282 1858 Quod
304 1802 385 1848 eutem
406 1810 438 1847 er
455 1798 533 1859 seipsa
547 1798 673 1846 mercetur
689 1795 784 1858 anime,
804 1796 923 1860 declaret,
938 1811 995 1848 cum

212 1885 374 1937 diitereutiam
394 1883 485 1933 tacteus
503 1882 658 1945 opinionum,
673 1883 698 1932 et
716 1882 838 1943 scienfin,
851 1883 910 1933 dicit
922 1883 996 1933 haec:

245 1974 298 2025 Ἀτε
310 1971 352 2021 οὖν
363 1972 390 2020 ἐκ
401 1976 442 2031 τῆς
454 1971 539 2020 ταύτοῦ
554 1971 595 2019 καὶ
608 1976 649 2030 τῆς
661 1971 757 2034 θατέρου
770 1971 861 2034 φύσεως
875 1972 903 2020 tu
915 1988 942 2021 τε
953 1973 995 2021 οὐ·

213 2079 265 2119 atu<
279 2066 349 2125 τριῶν
362 2059 451 2110 τούτων
463 2060 624 2124 συγκραθεῖσα
634 2065 721 2123 μοιρῶν
736 2061 777 2108 καί
792 2060 837 2108 ἀνὰ
851 2058 919 2120 λόγον
931 2075 996 2124 μερι-

212 2153 296 2201 σθεῖσα
305 2150 347 2200 καί
357 2151 503 2209 ξυνδεθεῖσα,
513 2148 573 2207 αὐτή
590 2165 616 2197 τε
630 2148 820 2210 ἀνακυκλουμίνη
839 2149 896 2211 πρὸς
914 2149 996 2211 αὑτήν,

755 345 956 408 curceium
977 347 1294 409 COMMENTARIUS

1646 245 1654 280 t

1041 478 1118 530 atiud
1132 483 1226 540 mouet,
1237 477 1350 528 aliunde
1364 481 1471 542 sumpta
1487 480 1586 530 uirtute
1599 481 1702 541 mutus,
1715 491 1829 542 pausam

1042 565 1162 616 mouendi
1179 569 1297 630 patiens,
1311 579 1424 630 pausam
1444 579 1547 631 queque
1569 569 1629 617 uitet
1645 571 1768 630 patietur
1782 581 1828 618 ue·

1041 667 1108 704 cesse
1124 658 1172 704 est.
1206 655 1296 704 sotum
1316 667 1374 717 erpa
1391 652 1461 718 puori
1477 657 1591 718 teipsum
1606 656 1700 714 utcuet,
1710 659 1742 706 ut
1758 657 1828 720 puori

1043 755 1180 807 nunquam
1193 745 1294 792 motum
1309 753 1388 792 suum
1405 740 1518 802 deserat,
1531 751 1670 803 uunquam
1682 751 1785 790 meiere
1800 753 1828 790 se

1041 828 1147 880 desinit.
1176 832 1244 888 Quin
1262 831 1351 879 ceteris
1371 831 1467 888 etiam,
1484 839 1543 892 qux
1557 829 1659 876 neotum
1674 839 1709 876 ex
1725 830 1828 878 natura

1040 929 1091 968 sua
1103 929 1154 967 non
1171 906 1281 978 habent,
1293 915 1358 978 sous
1374 919 1401 966 et
1414 917 1523 965 initium
1532 917 1620 964 motus
1635 914 1681 976 nr.
1713 915 1828 967 Initium

1039 1009 1194 1068 perreriae
1215 1007 1287 1065 ortu,
1308 1003 1423 1068 quando,
1448 1004 1679 1067 quxptpnuntur,
1698 1015 1731 1052 ex
1749 1005 1825 1054 initio

1040 1097 1175 1157 creantur,
1197 1095 1284 1157 ipsum
1295 1104 1376 1156 porro
1391 1103 1424 1142 ex
1446 1091 1521 1142 auito
1541 1093 1629 1142 initio.
1663 1093 1730 1141 Nom
1745 1094 1770 1141 st
1792 1105 1826 1141 ex

1040 1185 1139 1249 atiquo,
1152 1187 1261 1235 initium
1274 1197 1326 1234 uon
1341 1185 1393 1234 erit
1402 1184 1519 1245 tritium,
1533 1179 1755 1246 qucuducuncta,
1770 1196 1828 1246 pue

1040 1275 1194 1336 eicerentur,
1207 1285 1241 1324 ex
1257 1275 1337 1322 tuitio
1350 1274 1406 1321 sint
1421 1273 1522 1336 oportet
1535 1271 1579 1320 :et
1588 1271 1653 1334 puta
1668 1273 1741 1321 caret
1755 1283 1829 1334 pcne-

1041 1363 1153 1425 ratteue,
1174 1363 1246 1411 caret
1265 1363 1348 1411 etiam
1364 1362 1458 1410 morte.
1493 1361 1600 1422 Quippe,
1617 1360 1696 1409 initio
1714 1361 1825 1422 sepulto,

1041 1451 1232 1512 περιαίρεσιν
1255 1461 1288 1498 ex
1306 1449 1397 1513 atiquo
1419 1446 1601 1511 reparabitur,
1623 1450 1827 1512 necquicquam

1041 1550 1074 1588 ex
1091 1550 1129 1588 co.
1161 1537 1295 1586 Nimirum
1319 1539 1389 1587 enim
1408 1549 1443 1586 ex
1462 1537 1539 1585 initio
1559 1537 1672 1598 cuncta,
1694 1547 1753 1600 pure
1766 1539 1829 1587 sunt

1040 1628 1217 1688 reiteratione,
1230 1626 1386 1676 subsistunt.
1419 1627 1461 1675 Sic
1476 1625 1538 1686 'erpo
1554 1627 1638 1674 motus
1654 1624 1761 1687 quidem
1776 1627 1827 1674 iui-

1041 1718 1123 1774 tium,
1142 1713 1211 1778 quad
1233 1717 1326 1764 intimo
1349 1716 1374 1763 et
1394 1715 1510 1775 pennino
1536 1715 1610 1762 motu
1631 1714 1764 1778 mouetur,-
1780 1711 1828 1761 troc

1041 1817 1120 1868 porra
1132 1816 1215 1868 neque
1232 1807 1417 1868 normaeque
1429 1804 1519 1864 emori,
1532 1802 1581 1864 jar
1598 1805 1645 1852 est.
1679 1805 1733 1853 Aut
1753 1813 1827 1851 omne

1041 1893 1134 1942 cretum
1147 1903 1298 1955 omnemque
1309 1879 1459 1954 perituram
1474 1889 1662 1948 labefactatam
1675 1893 1828 1952 consistere,

1041 1993 1088 2030 nac
1101 1981 1190 2031 ultum
1205 1978 1348 2030 remedium
1362 1978 1420 2036 sore
1437 1991 1489 2044 quo
1507 1977 1626 2040 demum,
1646 1989 1705 2041 quae
1730 1981 1828 2028 muneri

1041 2069 1241 2118 conservationis
1252 2079 1343 2117 rerum
1352 2068 1442 2128 extpct
1454 2078 1545 2121 causa,
1556 2068 1720 2115 recreentur.
1742 2067 1828 2122 oreore

1041 2155 1146 2202 ostensa
1174 2153 1375 2203 immortalitate
1401 2152 1472 2214 ejus,
1494 2149 1564 2215 puori
1588 2164 1621 2200 ex
1642 2163 1670 2200 se
1697 2155 1826 2207 mouetur.

213 2240 268 2289 ὅταν
282 2238 365 2288 οὐσίαν
382 2239 516 2296 σκεδαστὴν
537 2237 631 2301 ίχοντὸς
651 2253 711 2293 τινος
727 2237 856 2300 ἐφάπτηται
877 2238 918 2286 καί
940 2238 997 2286 ὅταν
1041 2243 1137 2291 unimx
1152 2243 1297 2304 mentisque
1311 2240 1501 2290 immortalitas
1523 2239 1642 2289 revetata
1657 2241 1705 2288 cst.
1723 2239 1829 2289 Etenim

213 2328 347 2391 ἁμιριστον,
360 2326 421 2388 λέγει
440 2326 565 2389 κινουμένη
579 2323 707 2383 διαστάσης
723 2327 821 2384 ταναῆς,
836 2325 883 2389 ὅτῳ
895 2325 917 2374 τ’
930 2325 958 2374 o'n
974 2342 997 2374 τι
1030 2325 1118 2379 'omne
1130 2340 1231 2392 corpus,
1242 2327 1428 2393 quampridem
1439 2327 1518 2378 iratet
1528 2329 1602 2377 inira
1617 2338 1646 2377 se
1661 2329 1779 2378 reatuum
1791 2327 1830 2377 ui·

212 2417 296 2466 ταΰτὺν
307 2414 324 2476 i
337 2416 377 2464 καὶ
388 2415 443 2464 ὅτου
455 2415 484 2463 ἂν
496 2415 581 2477 {stitis
593 2413 650 2477 “titt
663 2414 690 2473 ὅ,
701 2430 724 2462 τί
738 2429 763 2462 τί
779 2411 881 2476 essim
894 2415 934 2462 καὶ
947 2414 997 2476 ὄπα
1041 2431 1142 2482 aorem,
1152 2431 1212 2468 cum
1224 2420 1364 2468 unimacst
1375 2434 1383 2467 .·
1396 2416 1467 2482 quod
1478 2429 1538 2467 uero
1548 2419 1636 2478 exmu,
1647 2419 1703 2467 stne
1713 2419 1827 2467 anima:

212 2506 253 2558 rai
273 2505 338 2560 ὅπως
357 2503 397 2552 καί
418 2501 489 2551 ὁπότε
504 2500 695 2562 hipaniarum&
710 2501 740 2550 τὰ
757 2501 884 2564 γιγνόμενά
901 2517 927 2550 τε
940 2502 997 2564 πρὸς
1042 2505 1347 2571 siquidemtxcanimee
1362 2509 1463 2556 natura
1477 2508 1522 2556 sit.
1558 2504 1632 2564 Quod
1650 2517 1710 2555 curu
1730 2507 1827 2565 itusit,

212 2595 312 2643 tuerer
324 2593 414 2641 ἕκαστα
434 2589 494 2639 εἶναι
507 2590 547 2637 καὶ
559 2589 659 2651 πάσχειν
669 2590 710 2637 ναὶ
731 2589 787 2651 mis
800 2589 831 2637 rai
850 2589 912 2638 κατὰ
925 2589 998 2638 ταύτὰ
1043 2596 1167 2658 σρρσνοί,
1182 2597 1300 2644 animam
1315 2594 1401 2644 solam
1411 2606 1474 2654 esse,
1489 2605 1546 2656 qux
1562 2605 1596 2641 ex
1615 2595 1708 2656 seipsa
1723 2603 1827 2642 mama·
1880 2613 1884 2621 .

212 2681 298 2745 ίχοντο
317 2679 362 2728 tei.
395 2677 472 2740 Λόγος
490 2677 515 2726 ti
536 2678 550 2725 ὀ
569 2677 631 2726 κατὰ
645 2677 727 2726 τούτθν
749 2677 835 2735 ἀληθὴς
849 2676 997 2740 γιγνόμενος,
1043 2682 1098 2741 tur,
1117 2685 1308 2744 proptereaque
1326 2683 1440 2744 positam
1461 2683 1538 2730 extra
1557 2682 1632 2730 ortus
1653 2681 1829 2742 interitusque

212 2767 264 2834 περί
277 2785 303 2821 τι
314 2767 408 2831 θάτερον
424 2767 458 2815 ὢν
471 2765 512 2814 καί
525 2766 577 2828 περὶ
588 2765 616 2815 τθ
631 2764 725 2825 retati,
736 2764 760 2813 ἐν
770 2770 806 2828 τῷ
819 2766 949 2828 κινουμένῳ
959 2765 997 2828 ὑφ’
1043 2771 1233 2819 necessitatem.

212 2859 286 2908 αὑτοῦ
305 2855 428 2921 empturum
448 2853 504 2903 ἄνευ
515 2853 617 2916 φθόγγου
629 2853 670 2902 uei
682 2853 756 2915 ἠχῆς,
768 2852 824 2901 ὅταν
838 2853 879 2914 μὲν
899 2855 951 2916 περὶ
970 2853 998 2904 τὸ
1076 2860 1150 2908 cvii.
1163 2857 1256 2916 Ταύτην
1265 2856 1306 2905 οὖν
1314 2855 1356 2915 την
1368 2857 1479 2914 ξύστασιν
1491 2859 1570 2908 πᾶσαν
1579 2856 1661 2914 διπλῆν
1679 2854 1739 2904 κατὰ
1753 2859 1828 2918 μῆκος

212 2944 323 3002 αίοθητὸν
337 2941 444 3003 γίγνηται
458 2941 499 2990 καί
516 2941 586 2989 troii
608 2939 706 3003 θατέρου
720 2939 805 2997 κύκλος
825 2939 891 3003 ὀρθὸς
911 2942 944 2989 ὧν
965 2942 998 2999 τίς
1043 2933 1144 3010 σχίσας,
1158 2946 1231 3009 μέσην
1247 2943 1303 3009 πρὸς
1320 2945 1393 3006 μέσην
1412 2945 1521 3007 ἑκατέραν
1538 2943 1647 3004 ἀλλήλαις
1664 2943 1713 2993 eim
1725 2959 1741 3008 χ
1752 2959 1826 3008 προο-

213 3036 291 3082 πᾶσαν
305 3030 378 3079 αὐτοῦ
394 3031 437 3087 τὴν
457 3029 536 3092 ψυχὴν
561 3027 773 3091 δίαγγῑῖθη,δόξαῑ
794 3030 834 3077 καὶ
854 3028 945 3086 πίστεις
958 3028 996 3091 γί-
1043 3034 1120 3083 θαλὼν
1134 3036 1282 3097 κατέκαμψιν
1297 3034 1329 3089 είς
1338 3032 1433 3095 κύκλον,
1450 3032 1550 3096 ξυνάψας
1569 3032 1650 3090 αὐταῖς
1662 3048 1689 3081 τε
1702 3032 1742 3080 καὶ
1757 3031 1825 3089 titr-

213 3138 307 3184 γντνται
322 3121 414 3183 βέὸαιοι
425 3122 466 3168 καί
486 3120 591 3177 ἀληθεῖς·
603 3119 658 3168 ὅταν
671 3118 697 3168 et
712 3118 742 3167 αὗ
759 3120 851 3183 sceptri
865 3120 998 3182 λογιστικὸν
1043 3124 1094 3177 λαις
1110 3124 1133 3171 ἐν
1146 3128 1181 3185 τῷ
1198 3120 1337 3183 καταντικρὺ
1356 3127 1398 3179 τῆς
1413 3121 1560 3185 προσθολῆς,
1572 3122 1612 3169 καὶ
1624 3126 1653 3183 τῇ
1675 3121 1736 3169 κατὰ
1756 3119 1828 3169 ταῦτὰ

213 3210 281 3274 finci
293 3210 307 3259 θ
317 3213 360 3257 τοῦ
372 3208 457 3256 ταύτοῦ
474 3206 559 3263 κύκλος
570 3207 680 3271 εὔτροχος
693 3208 727 3256 ὢν
746 3207 806 3256 αὐτὰ
825 3208 932 3269 μηνύσῃ,
945 3212 998 3265 νοῦς
1043 3212 1084 3261 καὶ
1101 3212 1124 3259 ἐν
1143 3210 1221 3272 ταύτῷ
1238 3208 1393 3271 περιαγομένῃ
1411 3208 1501 3265 κινήσει
1519 3208 1583 3272 πέριξ
1601 3206 1671 3264 αι’ντίις
1688 3208 1770 3268 ἔλαθε,
1788 3209 1828 3256 καὶ

214 3298 331 3359 ἐπιστήμη
351 3314 377 3345 τε
394 3296 418 3351 ἐξ
435 3294 538 3351 ἀνάγκης
551 3294 705 3345 ἀποτελεῖται.
738 3296 820 3344 Τούτω
834 3294 860 3343 δὲ
878 3295 935 3358 ἐνῷ
950 3301 998 3345 τῶν
1042 3300 1082 3349 τθν
1095 3299 1135 3361 μὲν
1147 3298 1199 3358 ἔξω,
1214 3297 1255 3346 τὸν
1265 3296 1285 3345 θ’
1298 3296 1360 3351 ἐντὸς
1370 3296 1472 3344 ἐποιεῖτο
1482 3300 1529 3344 τῶν
1539 3295 1642 3343 κύκλων,
1674 3295 1774 3356 Τὴνμὲν
1789 3294 1830 3343 οὗν

215 3386 288 3436 θντονν
302 3384 458 3447 ἐγγίγνεσθον,
470 3382 499 3431 ἄν
508 3383 566 3432 aaut
577 3400 612 3438 τις
623 3382 680 3432 cirri
693 3383 749 3432 ctio
762 3384 823 3441 πλὴν
836 3384 914 3447 ψυχὴν
931 3383 997 3446 etun,
1043 3385 1088 3441 ἔξω
1101 3385 1173 3449 φορὰν
1182 3385 1324 3447 ἐπερήμισιν
1336 3384 1395 3433 εἶναι
1404 3388 1445 3442 τῆς
1454 3383 1540 3432 ταύτοῦ
1555 3382 1659 3443 φύσεως,
1671 3382 1713 3440 τήν
1728 3384 1748 3430 δ’
1766 3384 1831 3442 ἐντὸς

214 3478 261 3525 πᾶν
275 3473 361 3537 μᾶλλον
374 3473 389 3531 ἡ
403 3470 499 3528 τάληθὲς
512 3470 566 3534 ἐρεῖ.
1043 3480 1083 3533 τῆς
1093 3474 1199 3537 θατέρου.
1232 3474 1281 3532 Τὴν
1294 3474 1335 3537 μὲν
1344 3474 1373 3532 δὴ
1383 3472 1470 3522 ταύτοῦ
1480 3472 1540 3522 κατὰ
1556 3470 1655 3535 πλευρὰν
1668 3472 1706 3521 ἐπὶ
1715 3472 1779 3529 δεξιὰ
1790 3490 1830 3523 πε·

248 3565 281 3614 Ut
291 3564 374 3624 sptem
384 3572 417 3609 ex
426 3558 540 3620 eiusdem
550 3562 576 3610 et
586 3558 682 3609 divort
695 3562 798 3611 notura
814 3573 873 3611 cum
884 3561 999 3611 mentia
1043 3564 1151 3627 ριήγαγε·
1165 3564 1208 3623 τήν
1220 3563 1245 3612 θὲ
1255 3562 1351 3625 θατέρου
1364 3562 1425 3610 κατὰ
1434 3560 1554 3625 διάμετρον
1567 3560 1603 3609 ἐπ’
1613 3559 1730 3625 ἀριστερά.
1738 3560 1830 3623 Κράτος

215 3652 309 3702 mixtis
318 3653 513 3712 coopmentato,
525 3649 641 3712 inetipetc
651 3651 736 3711 motu,
747 3652 775 3700 et
785 3649 935 3701 eiticutoto
948 3653 999 3701 air-
1043 3649 1064 3699 δ’
1081 3650 1154 3699 ἔδωκε
1173 3656 1203 3713 τῇ
1221 3650 1308 3699 ταύτοῦ
1327 3650 1369 3697 καὶ
1390 3648 1473 3712 ὁμοίου
1488 3650 1613 3711 περιφορᾷ,
1626 3646 1680 3709 μίαν
1698 3647 1742 3709 γὰρ
1760 3646 1831 3705 αὐτὴν

215 3740 339 3799 exitione,
355 3740 516 3801 inscipscm
534 3740 676 3795 reuertens,
689 3750 748 3789 cum
759 3739 879 3802 otiqtram
891 3738 931 3788 cet
944 3738 999 3788 ‹iis-
1044 3738 1160 3801 ᾰοχιοτον
1175 3738 1263 3788 eicere.
1295 3736 1450 3797 Tiri’ierie
1462 3736 1547 3800 σχίσας
1559 3737 1646 3797 ίξοχῇ.
1659 3734 1718 3783 tart
1731 3734 1829 3791 κύκλους

215 3826 352 3890 stpatttem
364 3826 541 3877 substanttam
551 3826 706 3887 offenderit,
719 3826 760 3877 vet
771 3826 999 3889 trainiacense-
1044 3826 1140 3884 tirtccuc
1158 3827 1220 3877 κατὰ
1239 3828 1280 3887 τὴν
1292 3830 1334 3876 τοῦ
1350 3824 1474 3876 διπλασίου
1494 3825 1535 3873 καί
1553 3822 1690 3888 τριπλασίου
1708 3821 1830 3872 διάστασιν

216 3914 265 3965 este
274 3916 440 3975 remanat,
454 3914 519 3979 quid
532 3914 696 3976 ciceronem
709 3914 915 3982 institutumque,
930 3917 1000 3980 quid
1045 3915 1147 3975 ἑκάστην
1165 3916 1244 3965 οὐσῶν
1258 3914 1374 3979 ἑκατέρων
1387 3918 1456 3978 τριῶν
1470 3912 1532 3963 κατὰ
1546 3910 1657 3961 τάναντία
1673 3910 1714 3973 μὲν
1726 3909 1829 3969 ἀλλήλας

215 4004 280 4052 item
308 4000 419 4051 diversae
453 4000 664 4066 dissolubtttsquc
690 4006 794 4053 naturai
822 4016 833 4051 .·
855 4016 999 4067 cautasque
1044 4004 1184 4068 προσέταξεν
1199 4004 1259 4053 ἱέναι
1274 4002 1327 4059 τοὺς
1342 4001 1534 4065 amiternensi
1549 4001 1575 4050 δὲ
1591 4003 1649 4065 τρεῖς
1669 3998 1711 4062 μὲν
1727 3997 1848 4063 epotum

217 4092 349 4153 munium,
363 4103 422 4154 qux
434 4092 605 4153 proueniunt,
619 4090 698 4152 uidet,
716 4096 787 4142 etex
804 4093 838 4141 iis
854 4104 912 4155 pue
923 4070 999 4142 ucci-
1044 4092 1098 4147 τοὺς
1111 4092 1257 4154 θι“τίτταρας
1268 4091 1373 4149 ἀλλήλοις
1383 4090 1424 4139 καί
1434 4095 1481 4146 τοῖς
1491 4089 1564 4154 τρισίν
1574 4086 1689 4151 ἀνομοίως
1698 4086 1722 4135 ἐν
1732 4086 1795 4149 λόγῳ
1803 4078 1847 4135 at*

217 4179 299 4243 ciunt,
310 4192 370 4244 quc
381 4182 436 4232 rint
447 4178 543 4233 tecture
559 4180 679 4241 metitur,
689 4183 825 4245 metuisque
841 4182 899 4242 ejus
916 4184 999 4232 rotta-
1045 4180 1190 4242 φερομένους.

217 4269 388 4330 ααθίίίι,είππ
402 4280 470 4329 cece,
485 4271 540 4317 siue
550 4280 623 4328 euno,
632 4280 692 4318 cum
700 4268 767 4333 putet
776 4270 871 4320 sensile
879 4272 999 4332 spectat:
1076 4264 1152 4316 Hanc
1176 4268 1268 4329 icitur,
1278 4267 1374 4329 inquit,
1388 4266 1600 4316 constitutionem
1612 4267 1684 4315 Deus
1703 4267 1827 4327 romeon

216 4356 385 4421 decimusque
394 4354 492 4407 diversi
504 4357 605 4419 permis
615 4358 672 4407 siue
683 4370 772 4407 errore
782 4356 876 4419 fertur
885 4356 999 4408 veridico
1043 4358 1134 4405 seriem
1142 4357 1170 4403 tu
1182 4354 1288 4417 tanqum
1307 4352 1396 4410 scidit,
1415 4357 1441 4405 et
1455 4366 1488 4404 cx
1497 4366 1554 4404 unc
1566 4352 1634 4404 etuas
1643 4352 1723 4415 jecit,
1735 4364 1828 4415 eosque

216 4457 304 4506 sensu,
315 4448 340 4494 et
352 4446 424 4495 recta
433 4430 587 4507 nuntiante,
597 4448 699 4495 cuncte
705 4447 802 4496 animer
813 4448 889 4496 rectae
903 4447 998 4508 opinto-
1044 4446 1157 4496 urediam
1162 4444 1262 4506 nudie,
1271 4447 1297 4494 in
1305 4446 1414 4508 spectem
1424 4446 1451 4496 X
1456 4445 1554 4495 titterx
1561 4443 1827 4507 tirxcxxocrctceit,

217 4534 311 4593 nes,et
325 4531 413 4594 dipux
427 4532 587 4583 credutitote
597 4536 756 4585 crementur.
790 4537 873 4583 Porro
888 4536 998 4584 cumin·
1044 4536 1212 4597 curuauttpue
1226 4535 1254 4584 in
1272 4534 1356 4595 orites,
1367 4530 1455 4597 quoad
1467 4534 1568 4585 coirent
1585 4534 1657 4583 inter
1673 4542 1702 4581 se
1717 4531 1828 4593 capite:

217 4620 357 4672 diuiduum
368 4634 449 4684 penus
463 4634 615 4686 semperque
626 4620 696 4672 idem
715 4624 877 4685 conspexerit
896 4635 926 4671 ea
941 4636 1000 4686 qux
1043 4623 1180 4687 ortamque
1198 4622 1255 4673 oriri
1273 4624 1310 4673 sic
1326 4624 1493 4684 inser·uit,ui
1509 4620 1580 4671 atter
1599 4631 1691 4671 corum
1708 4618 1826 4677 aduerso,

217 4714 288 4772 eunt,
309 4713 382 4761 motu
395 4713 489 4762 intimo
505 4710 620 4772 iiteiiter
638 4714 792 4774 nuntiante,
810 4712 960 4764 intellectus
974 4714 1001 4762 et
1044 4710 1115 4761 atter
1143 4710 1248 4774 otiique
1278 4710 1395 4760 circuitu
1423 4711 1589 4759 rotarentur.
1628 4710 1664 4759 ri
1689 4706 1827 4756 exterioris

216 4800 532 4852 scieuttaccnratcscunt.
567 4804 629 4859 Qua
643 4799 752 4865 quidem
763 4802 851 4850 omnio
868 4800 1000 4850 inanima
1043 4798 1150 4863 quictem
1169 4797 1265 4848 circuti
1284 4796 1521 4857 mutumeumiem,
1543 4794 1614 4861 queri
1634 4796 1694 4845 erut
1712 4790 1827 4853 ejusdem

216 4886 284 4950 iteri,
296 4886 430 4953 eidemque
437 4890 569 4952 tustontri,
578 4890 671 4954 putam
682 4892 730 4940 cst.
1044 4888 1151 4942 nature
1165 4889 1390 4949 consaupuineus,
1406 4882 1616 4949 connomina'mt5
1630 4883 1765 4934 interioris
1779 4893 1826 4930 ou·

248 4976 311 5027 LVI.
328 4978 381 5027 iloc
390 4976 455 5027 idem
463 4976 586 5041 eliquanto
594 4976 700 5051 apertius
714 4976 833 5041 significat
846 4976 871 5026 iu
882 4974 999 5038 Pirama,
1045 4978 1110 5035 tem,
1135 4973 1276 5025 diuersum.
1308 4976 1344 5025 ui
1367 4976 1525 5024 exteriorem
1554 4972 1661 5038 quietem
1685 4970 1825 5029 circutum,

219 5060 301 5113 dicem
316 5064 350 5115 ite
373 5083 379 5114 ι
402 5067 491 5117 omnir
512 5069 603 5118 animo
624 5066 782 5118 immortotis
802 5080 814 5115 .·
834 5066 912 5129 puio,
932 5062 1001 5128 qued
1037 5078 1120 5131 *quem
1129 5066 1242 5141 eundem
1257 5066 1469 5127 copnominotum
1483 5076 1537 5115 esse
1551 5062 1707 5126 diximusne
1724 5062 1827 5123 repionc

219 5156 458 5213 rememoretur,
482 5166 583 5218 semper
594 5158 622 5206 in
642 5157 699 5206 uita
717 5158 767 5207 est.
801 5156 834 5217 At
849 5165 909 5205 nero
928 5148 1001 5218 quod
1045 5152 1157 5206 dextero
1173 5166 1222 5218 per
1238 5155 1375 5225 sinistrum
1392 5152 1465 5202 totus
1481 5162 1563 5229 usque
1579 5148 1616 5201 oei
1634 5148 1771 5199 dexterum
1788 5146 1827 5195 tn·
