3959 5925
766 414 816 471 DE
838 412 1033 470 EVEMERO.

109 550 193 611 πολλά
207 553 253 618 τῆς
272 552 403 627 ἱστορικῆς
417 550 569 626 ἀναγραφῆς
590 545 665 621 ἀξια,
688 550 838 604 κατοικοῦσι
859 546 881 602 δ’

110 638 190 709 αὐτὴν
207 636 357 717 αὐτόχθονες
370 636 417 711 μὲν
432 639 456 695 οἱ
473 636 604 711 Παγχαῖοι
624 632 774 711 λεγόμενοι,
787 634 882 705 ἐπήλυ-

110 729 150 792 δες
165 727 187 783 δ’
201 725 352 783 Ὠκεανῖται
367 726 412 783 καί
422 722 497 785 Ἰνδοί
517 724 562 780 καλ
581 723 682 781 Σκύθαι
700 721 746 779 καί
766 725 880 800 Κρῆτες.

112 814 192 880 Πόλις
213 812 234 870 δ’
249 813 318 871 ἔστιν
339 812 470 887 ἀξιόλογος
490 812 516 869 ἐν
532 813 615 886 αὑτῇ,
636 808 882 888 προσαγορευομένη

110 904 156 977 μὲν
172 901 300 978 Πανάρα,
314 897 465 978 εὐδαιμονία
478 898 504 956 δὲ
517 896 686 977 διαφέρουσα.
699 900 735 957 οί
747 897 774 956 δὲ
787 897 883 968 ταύτην

109 992 236 1053 οἰκοῦντες
248 990 388 1045 καλοῦνται
399 984 447 1062 μὲν
460 985 545 1043 ἱκέται
555 990 600 1043 τοῦ
608 985 668 1051 Διὸς
676 993 721 1045 τοῦ
731 986 883 1066 Τριφυλίου,

110 1076 182 1181 μόνοι
194 1074 216 1133 δ’
228 1075 279 1133 είσῖ
288 1078 337 1132 τῶν
351 1077 399 1142 τῆν
414 1074 559 1152 Παγχαίαν
574 1072 662 1151 χώραν
678 1072 817 1131 οἰκούντων
834 1076 883 1131 αὑ-

109 1164 216 1240 τόνομοι
235 1162 280 1220 3333
301 1161 485 1221 ἀόασίλευται.
514 1158 658 1239 Αρχοντας
690 1160 717 1218 δὲ
744 1166 884 1219 καθιστᾶσι

111 1276 162 1309 κατ
163 1252 301 1309 ’ἐνιαυτόν
313 1255 390 1331 τρεῖς·
383 1243 473 1309 ·οὑτοι
487 1248 515 1308 δέ
527 1249 679 1309 θανάτου
650 1272 696 1359 μεγ
709 1251 756 1307 οὐκ
770 1249 820 1309 3333
837 1252 884 1309 κύ·

112 1363 178 1417 ριοι,
190 1339 223 1396 τδ
235 1339 261 1397 δ
276 1338 406 1399 λοιπά’
369 1362 456 1397 παντα
471 1338 638 1414 διακρίνουσι·
651 1338 696 1395 καὶ
709 1340 781 1396 αὐτοι
772 1329 883 1395 330-

111 1450 150 1484 303
170 1427 202 1485 τδ
225 1426 335 1504 μέγιστα
355 1429 398 1485 ἐπὶ
412 1450 470 1493 τους
481 1426 558 1502 ἱερεις
574 1424 756 1504 ἀναφέρουσιν
773 1424 838 1484 Απο
857 1426 884 1483 3

110 1514 207 1584 ταύτης
217 1518 263 1585 τῆς
275 1513 373 1580 πόλεως
388 1513 481 1593 ἀντέχει
496 1512 615 1578 σταδίους
628 1515 663 1578 ὡς
677 1511 801 1582 ἱξῆκοντα
816 1513 884 1591 ἱερὸν

112 1604 172 1669 Διὸς
183 1602 344 1680 Τριφυλίου,
358 1601 476 1678 κείμενον
489 1600 537 1676 μὲν
551 1604 577 1659 ἐν
597 1599 673 1679 χώρῳ
693 1600 809 1683 πεδιάδι,
826 1606 887 1659 θαυ-

116 1690 262 1767 μαζόμενον
285 1690 313 1748 δὲ
333 1690 448 1765 μάλιστα
467 1689 510 1747 διά
533 1712 563 1747 τε
578 1689 627 1758 τῆν
652 1687 815 1771 ἀρχαιότητα
842 1688 887 1747 καλ

113 1778 160 1849 τὴν
174 1776 345 1837 πολυτέλειαν
365 1782 411 1846 τῆς
433 1780 597 1847 κατασκευῆς
612 1776 658 1833 καί
673 1775 719 1846 τὴν
735 1781 786 1835 τῶν
800 1776 886 1835 τόπων

112 1862 230 1947 εὐφυίαν.
254 1866 293 1926 To
313 1864 361 1944 μὲν
378 1857 422 1925 οὑν
436 1865 496 1942 περὶ
516 1864 547 1922 33
558 1864 626 1943 ἱερὸν
641 1865 730 1923 πεδίον
748 1865 888 1943 συνηρεφές

112 1960 166 2014 ἐστι
180 1955 312 2022 παντοίοις
326 1955 471 2032 δένδρεσιν,
483 1956 513 2013 ού
530 1956 609 2026 μόνον
621 1953 796 2032 καρποφόροις
815 1952 884 2013 ἀλλά

112 2043 158 2100 καῖ
179 2044 231 2108 τοῖς
245 2042 333 2110 ἀλλοις
352 2043 405 2108 τοῖς
425 2041 575 2118 δυναμένοις
596 2041 703 2119 τέρπειν
726 2040 772 2111 τὴν
788 2041 888 2118 ὅρασιν·

113 2130 279 2211 κυπαρίττων
291 2153 319 2188 τε
332 2129 383 2207 γάρ
397 2129 515 2197 ἐξαισίων
528 2137 581 2195 τοῖς
591 2128 712 2206 μεγέθεσι
725 2127 770 2185 καί
784 2127 889 2185 πλατά-

113 2244 165 2277 νων
180 2218 225 2277 καλ
240 2219 337 2298 δάφνης
351 2218 397 2275 καὶ
414 2217 540 2295 μυρσίνης
553 2216 715 2292 καταγέμει,
730 2218 890 2287 πληθύοντος

111 2312 159 2363 τοῦ
173 2305 252 2362 τόπου
270 2304 435 2376 ναματιαίων
457 2303 568 2363 ὑδάτων.
591 2302 709 2375 Πλησίον
724 2300 775 2380 γάρ
786 2308 831 2360 τοῦ
846 2326 888 2361 τε·

115 2395 207 2467 μένους
216 2395 246 2449 ἐκ
254 2395 300 2461 τῆς
309 2397 356 2470 γῆς
366 2390 485 2452 ἐκπίπτει
498 2392 644 2470 τηλικαύτη
654 2390 684 2449 33
694 2390 802 2466 μέγεθος
815 2389 888 2467 πηγὴ

109 2478 221 2588 γλυκέος
227 2478 402 2548 υοατος,ωστε
409 2501 526 2553 ποταμον
533 2477 647 2547 ἐξαυτῆς
657 2475 888 2554 γίνεσθαιπλωτόν·

110 2570 145 2624 ἐκ
160 2567 279 2625 τούτουδ
281 2567 334 2631 ἐἷς
347 2566 433 2652 πολλέι
448 2567 514 2646 μέρη
529 2571 576 2627 τοῦ
590 2566 682 2631 ὕδατος
694 2565 889 2644 διαιρουμένου,

113 2656 159 2713 καί
179 2655 274 2713 τούτων
291 2654 486 2735 ἀρδευομένων,
502 2677 570 2712 κατα
580 2676 667 2709 παντα
679 2651 723 2708 τδν
740 2656 785 2709 τοῦ
802 2652 850 2707 πεδ
854 2650 891 2707 ίου

113 2746 194 2811 τόπρν
204 2743 355 2817 συνάγκειαι
369 2744 441 2820 δένδρ
442 2766 478 2799 ων
489 2744 597 2840 ὑψηλῶν
608 2736 741 2839 πεφύκασι
758 2746 891 2836 συνεχεῖς,

116 2827 142 2879 ἐν
159 2814 199 2889 αἶς
211 2824 310 2891 πλῆθος
323 2767 448 2899 ἀνδρῶνῆ
437 2844 463 2878 εν
477 2830 530 2886 τοῖς
541 2843 587 2878 του
570 2819 690 2898 θέρους
700 2826 797 2897 καιροῖς
808 2821 895 2893 3'333335

116 2910 220 2989 τρὶόει,
237 2909 332 2988 ὀρνέων
346 2932 373 2967 τε
391 2910 460 2980 πλῆθ
448 2914 488 2975 θος
500 2910 674 2967 παντοδαπῶν
697 2906 890 2984 ἐννοσσεύεται,

116 2999 174 3064 ταῖς
187 2999 277 3075 χρόαις
293 2998 403 3077 διάφορα
418 2996 462 3053 καλ
477 3000 533 3061 ταῖς
550 2995 688 3072 μελῳδίαις
704 2994 823 3071 μεγάλην
838 3019 893 3052 πα-

120 3086 248 3165 ρεχόμενα
259 3085 366 3193 τέρψιν,
377 3085 485 3154 κηπεῖαί
497 3106 523 3140 τε
534 3084 702 3140 παντοδαπαὶ
714 3083 758 3139 καῖ
768 3085 893 3158 λειμῶνες

116 3174 211 3232 πολλοὶ
225 3173 270 3230 καῖ
282 3174 398 3251 διάφοροι
408 3176 465 3238 ταῖς
475 3170 619 3249 χλόαιςκαῖ
631 3178 683 3235 τοῖς
695 3168 843 3241 ἀνθεσιν,“
825 3193 892 3227 ιιιστε

119 3269 151 3341 τῇ
178 3260 331 3339 θεοπρεπεία
354 3266 401 3329 τῆς
420 3257 610 3338 προσόψεως
594 3257 663 3322 αξιον
688 3261 739 3314 τῶν
761 3258 893 3335 ἐγχωρίων

117 3356 183 3409 θεῶν
204 3349 349 3428 φαίνεσθαι.
379 3351 429 3406 ’Πν
449 3346 476 3405 δὲ
496 3345 541 3404 καί
566 3349 618 3402 τῶν
642 3345 763 3424 φοινίκων
782 3345 893 3451 στελέχη

119 3438 224 3513 μεγάλα
249 3436 294 3492 καί
320 3435 476 3513 καρποφόρα
504 3431 694 3511 διαφερόντως,
725 3431 770 3489 καλ
799 3435 893 3510 καρύαι

119 3525 216 3582 πολλαί
232 3522 381 3602 ἀκροδρύων
404 3522 595 3601 δαψιλεστάτην
616 3528 669 3586 τοῖς
683 3519 816 3598 ἐγχωρίοις
830 3457 894 3578 ἀπό·

119 3614 213 3668 λαυσιν
236 3609 423 3688 παρεχόμεναι.
438 3609 527 3687 Χωρῖς
548 3609 575 3664 33
589 3606 685 3665 τούτοιν
700 3611 817 3683 ὑπῆρχον
840 3608 894 3683 άμ-

119 3696 194 3754 πελοί
208 3719 236 3752 τε
251 3696 349 3752 πολλαλ
365 3697 410 3751 καλ
424 3693 604 3764 παντοδαπαί,
626 3692 653 3749 οἳ
671 3694 734 3771 πρός
750 3693 811 3772 ὑψος
829 3699 894 3766 ἀνη-

119 3787 215 3862 γμέναι
225 3787 269 3842 καῖ
277 3785 499 3860 διαπεπλεγμέναι
506 3785 630 3849 ποικίλοις
640 3786 728 3851 ηδεῖαν
738 3783 786 3853 τῆν
799 3787 895 3859 πρόσο·

118 3882 163 3956 ψιν
175 3873 278 3934 ἐποίουν
293 3873 337 3931 καῖ
352 3872 399 3941 τῆν
415 3874 557 3930 ἀπόλαυσιν
572 3874 618 3939 τῆς
636 3869 705 3947 ῶρας
724 3873 894 3945 ἑτοιμοτάτην

118 3964 285 4040 παρείχοντο.
320 3959 354 4018 ‘0
370 3959 397 4018 δέ
412 3959 471 4025 ναὸς
489 3962 605 4036 ὑπῆρχεν
622 3957 751 4035 ἀξιόλογος
774 3961 803 4016 ἐκ
824 3961 895 4018 λίθου

119 4053 230 4119 λευκοῦ,
244 4049 273 4105 33
288 4052 369 4118 μῆκος
385 4047 453 4124 ἔχων
474 4046 542 4102 δυοῖν
557 4046 694 4124 πλέθρων,
710 4042 740 4103 έὺ
756 4046 782 4105 δέ
797 4048 895 4114 πλάτος

118 4139 246 4214 ἀνάλογον
267 4141 304 4214 τῷ
326 4135 413 4212 μήκει·
436 4134 506 4192 κίοσι
529 4134 555 4191 δέ
572 4136 694 4211 μεγάλοις
711 4135 757 4193 καί
782 4136 895 4213 παχέσιν

47 4275 58 4290 ,
119 4226 262 4301 ὑπήρειστο
290 4226 335 4282 καλ
352 4226 475 4327 γλυφαῖς
500 4224 660 4302 φιλοτέχνοις
694 4224 893 4299 διειλημμένοις.

119 4309 273 4386 Αγάλματά
293 4335 320 4369 τε
334 4315 385 4367 τῶν
398 4313 461 4366 θεῶν
476 4309 686 4385 ἀξιολογώτατα,
697 4334 728 4387 τη
742 4311 822 4388 τέχνη
839 4312 896 4368 διά-

119 4423 168 4480 φορ
156 4400 249 4477 ρακαὶ
272 4408 326 4464 τοῖς
349 4401 440 4477 βάρεσι
464 4398 659 4472 θαυμαζόμενα.
683 4397 827 4457 Κύκλοιδέ
851 4404 897 4456 τοῦ

118 4510 183 4543 ναου
168 4488 273 4549 τὰς’
251 4488 332 4552 οικίας
343 4491 412 4588 εἰχον
426 4491 449 4545 οἱ
460 4485 660 4592 θεραπεύοντες
655 4485 713 4550 τοὺς
727 4459 821 4551 θεοῖς’
814 4495 957 4564 ιερεῖς,τ

118 4576 188 4631 δι”
174 4599 209 4630 ων
224 4573 329 4630 ἅπαντα
343 4573 377 4629 333
391 4574 495 4652 περί
472 4594 502 4630 το
517 4570 624 4643 τέμενος
646 4572 774 4631 διοικεῖτο.
794 4570 857 4629 ’ἀπὸ
870 4575 896 4630 33

117 4667 165 4718 τοῦ
180 4670 241 4720 ναοῦ
254 4661 346 4740 δρόμος
358 4659 568 4729 κατεσκεύαστο,
585 4660 615 4715 33
632 4659 678 4730 μὲν
693 4663 775 4731 μῆκος
786 4660 896 4717 σταδίοιν

117 4748 269 4825 τεττάρων,
284 4749 314 4806 τό
329 4748 355 4803 33
371 4747 468 4811 πλάτος
480 4748 603 4823 πλέθρου.
620 4748 699 4823 Παρὰ
712 4745 739 4802 δέ
753 4746 800 4814 τῆν
818 4748 898 4803 πλευ·

118 4836 168 4913 ρδιν
180 4835 305 4912 ἑκατέραν
320 4840 365 4891 τοῦ
378 4833 474 4911 δρόμου
488 4836 602 4913 χαλκεῖα
620 4833 723 4908 μεγάλα
738 4841 838 4905 κεῖται,
851 4834 898 4900 τδις

119 4925 211 5004 βάσεις
222 4925 315 5002 ἔχοντα
329 4922 514 4999 τετραγώνους·
526 4922 566 4980 ἐπ’
582 4922 686 5000 ἐσχάτῳ
703 4921 730 4979 33
739 4929 784 4980 τοῦ
801 4923 897 5000 δρόμου

117 5012 257 5084 τάςπηγδις
264 5013 318 5090 ἔχει
328 5010 431 5088 λάόρως
438 5008 595 5086 ἐκχεομένας
606 5009 810 5085 δπροειρημένος
818 5032 899 5066 ποτα-

119 5101 179 5179 μός.
192 5099 273 5158 Ἔστι
281 5099 308 5155 δὲ
318 5098 347 5154 τὸ
355 5097 493 5177 φερόμενον
504 5100 587 5173 ῥεῦμα
595 5100 627 5174 τῇ
640 5096 776 5167 λευκότητι
784 5096 828 5154 καί
838 5101 897 5174 γλυ-

117 5187 352 5267 κύτητιδιαρέρον,
362 5187 459 5264 πρόςτε
469 5184 515 5255 τὴν
526 5189 570 5243 τοῦ
579 5183 698 5257 σώματος
707 5184 803 5260 ὑγίειαν
813 5185 896 5244 πολλά

1645 418 1703 467 335

928 542 1141 619 συμόαλλόμενον
1164 542 1216 607 τοῖς
1238 539 1388 620 χρωμένοις·
1410 540 1563 615 ὀνομάζεται
1579 538 1605 597 33
1621 543 1634 597 3
1648 564 1699 601 πο-

928 633 1011 710 ταμὸς
1024 624 1097 699 οὗτος
1111 630 1186 703 ἡλίου
1199 629 1277 707 ὕδωρ.
1300 630 1423 707 Περιέχει
1435 629 1462 687 δέ
1476 627 1523 700 τὴν
1539 628 1626 707 πηγῆν
1642 630 1705 702 ὑλην

929 721 1023 799 κρηπίς
1037 721 1124 791 λιθίνη
1144 718 1305 794 πολυτελής,
1324 717 1486 777 διατείνουσα
1502 716 1564 799 παρ’
1580 718 1705 796 ἑκατέραν

929 809 1044 889 πλευρὰν
1062 808 1181 874 σταδίους
1197 806 1330 888 τέτταρας·
1344 808 1406 888 ἄχρι
1418 808 1444 867 33
1457 812 1502 878 τῆς
1517 808 1630 886 ἐσχάτης
1642 831 1707 887 κρη·

929 899 1002 964 πῖδος
1014 902 1028 955 3
1039 896 1116 963 τόπος
1130 900 1176 954 οὐκ
1188 895 1243 953 ἐστι
1255 896 1365 973 βάσιμος
1382 894 1511 974 ἀνθρώπῳ
1527 895 1595 965 πλὴν
1607 898 1659 953 τῶν
1671 899 1707 955 ἱε-

931 986 1006 1065 ρέων.
1017 985 1057 1047 Τδ
1070 986 1091 1042 δ’
1102 984 1271 1061 ὑποκείμενον
1283 983 1370 1041 πεδίον
1380 983 1424 1041 ἐπῖ
1433 984 1552 1049 σταδίους
1564 982 1708 1049 διακοσίους

929 1074 1119 1153 καθιερωμένον
1132 1074 1187 1131 ἐστὶ
1200 1076 1253 1140 τοῖς
1266 1077 1350 1142 θεοῖς,
1363 1070 1407 1128 καί
1423 1070 1470 1136 τάς
1481 1070 1507 1138 ἐξ
1519 1076 1596 1130 αὐτοῦ
1608 1072 1708 1149 προσό-

930 1164 987 1227 δους
998 1164 1034 1227 εἰς
1043 1160 1088 1226 τδς
1099 1159 1373 1226 θυσίαςάναλίσκουσι.
1386 1158 1462 1219 ἱὶἱετά
1476 1159 1503 1217 δὲ
1515 1160 1544 1217 33
1554 1158 1710 1237 προειρημέ-

930 1272 973 1306 νον
989 1249 1076 1307 πεδίον
1089 1248 1145 1327 ύρος
1161 1247 1229 1305 ἐστίν
1242 1246 1356 1326 ὑψηλόν,
1370 1246 1560 1327 καθιερωμένον
1575 1247 1621 1321 μὲν
1634 1254 1709 1316 θεοῖς,

930 1336 1118 1411 ὀνομαζόμενον
1129 1333 1157 1393 δέ
1170 1337 1289 1414 Οὐρανοῦ
1305 1334 1391 1412 δίφρος
1402 1336 1446 1392 καὶ
1457 1335 1597 1414 Τριφύλιος
1609 1332 1710 1410 Ὀλυμ-

930 1446 987 1491 πος.
999 1422 1270 1501 λὶἱυθολογοῦσιγάρτδ
1281 1422 1392 1479 παλαιὸν
1405 1423 1522 1502 Ούρανδν
1537 1423 1708 1501 βασιλεύοντα

932 1515 978 1580 τῆς
988 1509 1139 1585 οἰκουμένης
1148 1513 1284 1589 προσηνῶς
1293 1508 1461 1588 ἐνδιατρίόειν
1470 1511 1494 1567 ἐν
1501 1510 1567 1587 τῷδε
1581 1512 1618 1585 τῷ
1629 1508 1710 1587 τόπῳ,

931 1598 976 1657 καὶ
986 1598 1038 1655 ἀπὸ
1049 1602 1093 1655 τοῦ
1107 1595 1288 1675 ίὶψουςέρορᾶν
1301 1596 1378 1653 τόντε
1389 1594 1495 1675 οὐρανόν
1509 1596 1592 1654 καῖ’τά
1598 1598 1656 1653 κατ’
1664 1598 1711 1654 αὖ·

931 1684 977 1743 τὸν
991 1686 1091 1763 ἄστρα,
1108 1682 1214 1761 ὕστερον
1229 1684 1256 1741 δὲ
1271 1682 1413 1761 Τριφύλιον
1427 1680 1566 1757 Ὄλυμπον
1582 1683 1711 1751 κληθῆναι
1729 1697 1734 1707 ·

934 1770 976 1828 διά
997 1770 1027 1827 33
1052 1772 1110 1835 τοὺς
1131 1774 1317 1833 κατοικοῦντας
1335 1772 1364 1826 ἐκ
1378 1774 1457 1846 τριῶν
1474 1772 1553 1827 ἐθνῶν
1575 1766 1712 1847 ὑπάρχειν·

934 1858 1106 1933 ὀνομάζεσθαι
1117 1854 1167 1934 γάρ
1179 1854 1236 1921 τοθς
1250 1854 1297 1932 μέν
1312 1857 1483 1934 Παγχαίους,
1498 1856 1556 1923 τοὺς
1570 1856 1597 1914 δὲ
1611 1858 1713 1917 Ὠκεα-

933 1946 1021 2018 νίτας,
1047 1944 1106 2010 τοὺς
1135 1944 1162 2001 33
1191 1944 1296 2021 Δῴους,
1318 1944 1360 2011 οθς
1384 1944 1490 2025 ὕστερον
1507 1946 1557 2003 ὑπὸ
1572 1944 1712 2021 Ἄμμωνος

934 2034 1104 2105 ἐκόληθῆναι·
1124 2031 1168 2089 τόν
1183 2031 1235 2111 γάρ
1247 2030 1377 2107 Ἄμμωνά
1398 2056 1462 2112 φασι
1478 2031 1514 2109 μὴ
1531 2032 1608 2108 μόνον
1626 2058 1711 2113 φυγα-

935 2122 1026 2179 δεῦσαι
1045 2125 1123 2179 τοῦτο
1146 2120 1176 2179 33
1190 2118 1274 2187 ἔθνος,
1297 2120 1365 2177 ἀλλὰ
1390 2121 1435 2179 καί
1458 2118 1504 2187 τάς
1520 2120 1606 2186 πόλεις
1626 2126 1711 2180 αὐτῶν

936 2199 1016 2287 ἀρδην
1039 2210 1154 2279 ἀνελεῖν,
1179 2206 1224 2265 καλ
1249 2207 1420 2286 κατασκάψαι
1445 2208 1493 2279 τῆν
1512 2230 1541 2265 τε
1565 2208 1643 2288 Δῴαν
1666 2213 1713 2269 καὶ

935 2294 1129 2373 Ἀστερουσίαν.
1154 2294 1256 2355 Θυσίαν
1271 2317 1299 2351 τε
1320 2298 1379 2351 κατ’
1405 2294 1522 2354 ἐνιαυτὸν
1538 2297 1662 2376 ἐντούτῳ
1677 2322 1715 2377 τῳ

936 2382 989 2460 ὄρει
1004 2388 1086 2441 ποιεῖν
1095 2382 1154 2449 τοὺς
1166 2387 1242 2459 ἱερεῖς
1258 2380 1325 2455 μετδι
1336 2385 1434 2453 πολλῆς
1448 2388 1494 2454 τῆς
1506 2384 1618 2460 ἁγνείας.
1638 2387 1715 2445 Μετὰ

938 2472 965 2529 33
977 2471 1007 2529 33
1024 2473 1081 2549 ὄρος
1096 2477 1173 2529 τοῦτο
1185 2471 1230 2527 καῖ
1245 2468 1313 2527 3333
1329 2470 1377 2541 τῆν
1391 2470 1473 2549 ἀλλην
1489 2473 1648 2549 Παγχαιῖτιν
1660 2472 1714 2551 χῶ-

938 2582 985 2638 ραν
1010 2559 1135 2635 ὑπάρχειν
1151 2556 1214 2635 φασῖ
1232 2557 1304 2634 ζῴων
1317 2559 1493 2615 παντοδαπῶν
1511 2560 1617 2627 πλῆθος·
1644 2559 1714 2638 ἔχειν

937 2647 988 2723 γὰρ
1003 2647 1084 2715 αὐτὴν
1096 2645 1237 2724 ἐλέφαντάς
1249 2668 1278 2703 τε
1292 2644 1402 2711 πολλοὺς
1414 2645 1458 2702 καί
1470 2644 1575 2711 λέοντας
1590 2646 1634 2703 καλ
1649 2670 1715 2725 παρ-

938 2732 1025 2799 δάλεις
1044 2732 1090 2791 καί
1111 2733 1238 2809 δορκάδας
1253 2732 1297 2789 καὶ
1318 2730 1386 2789 ἀλλα
1401 2734 1484 2789 πλείω
1506 2732 1583 2809 θηρία
1601 2733 1713 2813 διάφορα

938 2830 995 2887 ταῖς
1009 2844 1038 2879 τε
1052 2819 1193 2898 προσόψεσι
1212 2820 1258 2876 νῖαὶ
1281 2828 1339 2885 ταῖς
1363 2821 1455 2884 ἀλκαῖς
1469 2820 1618 2893 θαυμαστά.
1636 2819 1716 2899 Ἔχει

939 2908 997 2980 δέἡ
1009 2914 1087 2978 νῆσος
1099 2906 1165 2979 αθτη
1176 2906 1220 2965 καῖ
1234 2907 1319 2973 πόλεις
1331 2914 1398 2984 τρεῖς
1412 2906 1570 2985 ἀξιολόγους,
1583 2906 1715 2986 Ὑρακίαν

939 2998 1098 3058 καλΔαλίδα
1113 2997 1157 3054 καὶ
1182 2996 1246 3055 ἐΩκ
1237 2997 1337 3058 ανίδα.
1350 2995 1408 3066 Τὴν
1424 2997 1473 3054 33
1440 2995 1523 3075 .χώρ
1510 3019 1556 3073 αρν
1572 2987 1715 3067 δληνείναι

938 3085 1191 3176 καρποφόρον,καὶ
1212 3082 1375 3158 μάλιστα
1350 3107 1424 3141 οινων
1447 3085 1658 3142 παντοδαπῶν
1645 3107 1715 3162 εχειν

938 3177 1046 3243 πλῆθος.
1063 3164 1179 3232 Εἷναι“λ
1154 3193 1180 3228 οε
1194 3169 1251 3238 τοὺς
1265 3173 1380 3251 ἀνδρας
1372 3169 1544 3246 πολεμικούς,
1557 3195 1602 3231 και
1593 3173 1715 3248 ἅρμασι

938 3266 1010 3339 χρῆσ
996 3267 1056 3319 σθοιι
1079 3283 1129 3317 κατ
1116 3258 1148 3316 δι
1171 3259 1218 3325 τάς
1244 3261 1331 3336 μάχας
1359 3263 1503 3344 ἀρχαϊκῶς.
1533 3259 1634 3326 Τηνδ
1653 3259 1716 3330 δ’λην

941 3351 1074 3408 πολιτείαν
1091 3349 1179 3427 έχουσι
1192 3354 1321 3425 τριμερῆ,
1337 3349 1382 3406 καί
1395 3350 1496 3426 πρῶτον
1509 3349 1622 3425 ὑπάρχει
1638 3354 1716 3426 μέρος

939 3441 1001 3517 παρ’
1016 3437 1102 3503 αὑτοῖς
1115 3437 1144 3493 33
1159 3440 1209 3492 τῶν
1224 3436 1328 3510 ἱερέων,
1344 3435 1541 3547 προσκειμένων
1558 3438 1646 3502 αὐτοῖς
1663 3440 1715 3494 τῶν

938 3549 1078 3630 τεχνιτονν,
1104 3522 1210 3600 δευτέρα
1195 3524 1260 3579 αὲδ
1277 3524 1349 3600 μερὶς
1372 3523 1511 3599 ὑπάρχει.
1499 3525 1550 3577 τῶν
1573 3544 1714 3602 γεοιργινν,

938 3615 1013 3691 τρίτη
1025 3611 1116 3668 δέ”τονν
1129 3633 1295 3668 σταατιιντινν
1298 3609 1527 3700 ,προστιθεμένων
1540 3611 1592 3664 τῶν
1603 3631 1715 3683 νομέων.

940 3705 974 3762 Οἱ
991 3723 1037 3757 ικεν
1052 3691 1171 3756 ουνὶ
1150 3721 1184 3761 ις
1198 3720 1298 3752 τωνα
1290 3720 1383 3754 αντονν
1397 3719 1463 3766 νσαν
1478 3719 1614 3770 τγευονες,
1629 3719 1675 3762 τας
1689 3721 1717 3756 τε

940 3813 992 3844 τιινν
1006 3785 1207 3866 ἀμυισῦητῆσε
1195 3809 1230 3840 ιιν
1242 3785 1338 3859 κρίσεις
1351 3781 1501 3858 ποιούμενοι
1513 3783 1556 3840 καῖ
1567 3787 1618 3840 τῶν
1631 3785 1717 3842 άλλονν

941 3878 992 3931 τῶν
1007 3853 1120 3948 δημοσία
1135 3869 1321 3948 πραττομένων
1337 3869 1432 3947 κύριοι·
1456 3874 1479 3928 οἱ
1504 3870 1529 3926 δέ
1545 3869 1654 3947 γεωργοί
1669 3871 1718 3943 τὴν

940 3967 988 4038 γῆν
1006 3959 1171 4038 ἐργαζόμενοι
1189 3958 1244 4024 τοὺς
1258 3957 1372 4034 καρποὺς
1385 3957 1555 4035 ἀναφέρουσιν
1570 3961 1605 4024 είς
1620 3961 1649 4016 33
1662 3982 1717 4017 κοι-

942 4052 1001 4126 νόν,
1018 4048 1062 4107 καί
1077 4048 1145 4113 ὅστις
1161 4046 1191 4104 διν
1210 4048 1295 4104 αὐτῶν
1314 4049 1376 4125 δοκῆ
1391 4048 1520 4105 κάλλιστα
1538 4049 1717 4124 γεγεωργηκέ-

942 4161 1000 4206 ναι,
1023 4135 1155 4213 λαμύάνει
1176 4135 1254 4211 γέρας
1276 4133 1404 4211 ἐξαίρετον
1424 4137 1449 4191 ἐν
1471 4139 1504 4210 τῇ
1527 4136 1650 4213 διαιρέσει
1667 4141 1718 4195 τῶν

942 4227 1070 4300 καρπῶν,
1087 4221 1180 4301 κριθεὶς
1192 4222 1241 4280 ὑπὸ
1255 4225 1306 4278 τῶν
1322 4221 1412 4298 ἱερέων
1427 4225 1441 4279 ὃ
1458 4226 1560 4300 πρῶτος
1574 4224 1619 4279 καί
1634 4227 1647 4280 3
1663 4227 1719 4284 δεύ-

942 4335 1015 4389 τερος
1039 4311 1083 4370 καί
1108 4309 1231 4368 οἱλοιποὶ
1256 4309 1334 4387 μέχρι
1360 4310 1440 4380 δέκα,
1469 4315 1618 4388 προτροπῆς
1642 4310 1718 4369 ἕνεκα

941 4407 993 4459 τῶν
1008 4400 1104 4458 ἄλλων.
1121 4399 1321 4474 Παραπλησίως
1334 4395 1360 4453 33
1375 4397 1475 4463 τούτοις
1486 4396 1528 4454 καλ
1546 4399 1568 4453 οἱ
1586 4407 1673 4472 νομεῖς
1687 4401 1719 4458 τά

958 4488 1062 4566 είερεῖα
1077 4486 1122 4543 καλ
1137 4478 1220 4542 τάλλα
1235 4483 1424 4561 παραδιδόασιν
1439 4487 1474 4551 εἰς
1491 4484 1520 4541 33
1532 4484 1669 4561 δημόσιον,
1686 4490 1719 4548 τά

944 4576 1109 4653 μὲνάριθμῷ
1131 4573 1163 4630 τδι
1180 4571 1206 4629 33
1224 4576 1350 4650 σταθμῷ,
1375 4572 1441 4647 μετά
1459 4571 1545 4644 πάσης
1569 4573 1717 4649 ἀκριόείας.

946 4661 1065 4722 Καθόλου
1081 4660 1131 4739 γάρ
1154 4659 1226 4718 οὐδέν
1242 4660 1339 4728 ἔξεστιν
1359 4661 1412 4739 ἷδία
1429 4660 1575 4731 κτήσασθαι
1591 4661 1660 4732 πλὴν
1682 4667 1720 4720 οἱ·

943 4749 1001 4813 κίας
1027 4748 1071 4805 καλ
1093 4748 1195 4818 κῆπου,
1220 4750 1307 4806 πάντα
1337 4747 1363 4805 δέ
1389 4749 1421 4806 τδι
1445 4750 1595 4825 γεννήματα
1610 4751 1655 4806 καί
1674 4751 1719 4817 τάς

942 4836 1083 4915 προσόδους
1106 4837 1130 4892 οἱ
1151 4837 1227 4912 ἱερεῖς
1251 4830 1503 4911 παραλάμόάνοντες
1525 4837 1554 4892 33
1576 4835 1717 4899 ἐπιόάλλον

943 4923 1046 5001 ἑκάστῳ
1073 4921 1178 4986 δικαίως
1201 4923 1376 4996 ἀπονέμουσι,
1398 4924 1450 4990 τοῖς
1466 4921 1493 4980 33
1515 4925 1612 4999 ἱερεῦσι
1629 4923 1719 4999 μόνοις

944 5011 1043 5069 δίδοται
1066 5009 1212 5068 διπλάσιον.
1231 5013 1354 5084 Χρῶνται
1379 5010 1402 5066 δ’
1416 5013 1506 5079 ἐσθῆσι
1523 5009 1570 5086 μέν
1585 5011 1719 5083 μαλακαῖς

945 5097 987 5156 διλι
1002 5098 1031 5156 33
1047 5101 1111 5174 παρ’
1125 5099 1211 5162 αὐτοῖς
1222 5097 1341 5175 πρόόατα
1356 5097 1480 5176 ὑπάρχειν
1496 5095 1652 5176 διαφέροντα
1666 5102 1729 5158 τῶν.

945 5187 1030 5244 ἄλλων
1048 5185 1094 5258 τῆν
1111 5185 1293 5262 μαλακότητα·
1315 5192 1420 5248 νοσοῦσι
1437 5189 1463 5243 δέ
1485 5185 1532 5244 καὶ
1543 5185 1641 5261 κόσμον
1655 5211 1721 5266 χρυ.

1593 5293 1627 5336 28·
