3959 5925
721 410 893 472 maloram
914 409 1170 470 aasumensi.
1423 476 1428 490 ,
1692 414 1748 467 asa

140 545 334 629 μεγαλοψυχίᾳ.
377 543 485 615 Ἐπειδὴ
500 534 544 603 οὖν
559 542 712 603 τὰτοιαῦτα
725 540 924 621 προδεδοίνειστο
967 548 1108 617 γανακτεῐ,
1123 540 1211 599 ἄκουε.
1251 537 1362 604 Ἔοικας
1375 535 1407 609 δὴ
1422 539 1457 604 ὡς
1472 539 1573 609 ἀληθῶς
1587 536 1621 597 sir
1638 536 1685 613 μὲν
1701 535 1750 597 ὅσοι

139 641 177 718 τῷ
192 639 254 715 θεῷ,
270 642 328 700 ταῖς
341 636 388 704 τῆς
403 630 536 699 εὐσιόείας
550 631 656 698 εἰκότως
673 634 688 689 δ
704 630 789 696 Λυδὸς
811 634 922 708 ἐπιθαρ·
967 628 1080 707 ψοίμμου
1095 627 1155 696 ἄξιοί
1174 630 1243 687 ἐστιν
1268 624 1375 697 εἰδέναι,
1396 624 1475 684 καλὸν
1498 625 1525 683 δὲ
1541 624 1623 702 μηδὲν
1645 623 1750 685 εἰδίναι.

140 732 192 785 σῶν
207 720 411 803 μεγαλουργίοις
423 728 583 802 στρατεῦσαι
596 721 638 778 ἐπί
653 719 760 799 Πέρσας
773 720 924 791 διανοεῖται,
968 716 1008 775 Τὸ
1022 722 1084 795 γοῦν
1098 715 1184 793 ὀσμὴν
1200 718 1224 782 ἐς
1235 716 1330 795 φρένας
1345 713 1392 780 σὰς
1404 716 1486 773 ἐλθεῖν
1505 713 1682 793 κραταιρίνοιο
1701 734 1752 791 χε-

141 812 254 885 αὐξῆσοιι
274 812 323 883 τὴν
346 808 432 891 ἀρχὴν
453 813 489 878 εἰς
503 810 572 888 μίγα
591 813 687 887 τῇτοῦ
709 812 767 866 θεοῦ
782 806 923 885 συμμαχίᾳ
968 804 1055 876 λώνης
1078 804 1226 885 ἑψομένης,
1263 802 1375 883 ψοίμμου
1398 800 1468 869 ἄξιον
1491 802 1649 880 ἐπιστήμηο
1675 804 1752 860 ἐστίν·

139 900 365 983 προμηθούμενος.
419 899 456 961 Τί
474 890 519 958 oda
545 896 720 973 όθαυμοίσιος
741 894 923 976 χρησμῳδός;
969 896 1016 951 οὐκ
1041 892 1134 965 ἀληθὲς
1160 890 1207 971 μίν
1230 890 1258 951 δν
1282 891 1336 951 οὐδ’
1356 889 1434 965 αὐτό,
1458 890 1528 950 ἄλλοι
1550 889 1702 970 προσεοικός
1723 914 1753 967 γε

139 989 227 1058 Αὐτὸς
242 984 341 1056 ’ἐκεῖνος
362 991 418 1047 όὲν
433 988 559 1068 Δελφοῖς,
575 990 589 1044 ὁ
604 985 717 1057 Πύθιος,
732 988 746 1042 ὁ
763 983 862 1063 φίλιος,
880 981 924 1040 τὸν
969 980 1040 1057 ὅμως
1054 984 1092 1061 τῷ
1105 982 1213 1048 ἀλαζόνι
1229 979 1274 1038 καί
1290 980 1408 1051 ἀναιδεῖ,
1424 979 1469 1037 καὶ
1481 981 1524 1037 ἐπί
1539 983 1594 1046 τοῖς
1609 986 1694 1045 κενοῖς
1712 980 1754 1035 εἰ-

138 1080 246 1152 ἰκέτην,
259 1078 302 1137 τὸν
313 1078 426 1154 εὔσεόῆ,
441 1076 486 1137 τὸν
502 1077 657 1157 πρόσφυγα,
671 1076 721 1154 οὐχ
730 1073 800 1141 ὅπως
812 1078 860 1145 τῆς
874 1074 925 1130 ἀλ·
972 1068 1075 1145 δήμασι
1088 1068 1136 1139 τὴν
1161 1067 1240 1149 όφρθν
1257 1067 1405 1149 ἐπαίροντι,
1427 1067 1474 1126 καί
1494 1068 1524 1127 τὸ
1547 1067 1642 1127 Λύδιον
1659 1067 1755 1146 ἀνδρό-

139 1166 243 1245 λοτρίας
254 1173 344 1244 τυχεῖν
360 1166 460 1245 ἀρχῆς,
482 1164 551 1223 ἀλλὰ
569 1163 675 1236 καὶτῆς
692 1161 789 1227 οἰκείας
804 1164 925 1224 ἐκπεσεῖν
970 1158 1049 1216 ποδον
1063 1156 1108 1216 τὸν
1133 1158 1246 1235 Κροῖσον
1267 1155 1382 1217 πείθοντι
1402 1156 1440 1233 μὴ
1461 1164 1637 1239 καταφρονεῖν
1662 1157 1753 1217 αὐτοῦ.
1789 1186 1790 1189 “

138 1254 350 1335 παρασκευάζει,
377 1251 434 1312 οὔτι
450 1251 534 1325 ἑκών,
559 1251 648 1331 ἔμοιγε
673 1253 763 1327 δοκεῖ,
781 1252 873 1332 αἰγνοίορ
897 1250 924 1310 δὲ
969 1244 1091 1322 ‘otim'
1105 1246 1192 1322 ὄδῖγθν
1213 1245 1256 1304 &ti
1270 1250 1304 1323 τῇ
1320 1245 1399 1326 πείρᾳ
1414 1246 1529 1322 ἤμελλεν
1555 1248 1657 1324 ίρωτθν
1673 1268 1712 1317 σε,
1730 1248 1753 1303 εἰ

141 1346 241 1419 μᾶλλον
256 1347 302 1401 τοῦ
323 1340 534 1417 ἀποθησομένου·
552 1340 606 1419 (μὴ
628 1337 679 1420 γὰρ
696 1340 725 1398 τὸ
741 1341 837 1415 μελλον
852 1338 926 1407 εἰδὼς
970 1332 1108 1415 στρατεθοι
1123 1334 1166 1392 ἐπὶ
1184 1332 1303 1415 Πέρσας,
1318 1333 1366 1393 καλ
1379 1333 1531 1410 σόμὸουλον
1544 1338 1677 1393 ποιεῖσθαι
1690 1332 1755 1413 ὑπὲρ

140 1434 154 1487 ό
168 1429 240 1502 θεός,
256 1428 312 1489 ἐπεὶ
329 1427 367 1505 μὴ
386 1428 442 1496 θεὸς
462 1420 494 1500 ἦν
511 1428 580 1505 μηδέ
593 1451 632 1495 τις
646 1426 783 1508 ἀνθρώπου
798 1426 925 1508 κρείττων
970 1428 1017 1496 τῆς
1037 1424 1116 1482 αὐτοῦ
1132 1422 1228 1501 μανίας
1242 1424 1288 1482 καί
1302 1422 1463 1490 πλεονεξίας.
1516 1412 1556 1509 ᾯ
1572 1426 1619 1481 οὐκ
1636 1420 1757 1495 ὤκνησας

141 1516 265 1597 δύναμις,
280 1517 325 1576 int
348 1517 445 1597 θάτερα
458 1519 615 1597 σοφιστικῶς
635 1514 678 1575 τὸν
696 1514 819 1595 χρησμὸν
839 1515 925 1596 ἡρμό·
971 1514 1067 1589 εἰπεῖν,
1083 1511 1122 1571 ότι

141 1606 230 1685 οοοοί
244 1606 290 1665 κοο
305 1605 447 1685 μοοοοοολο
462 1603 564 1687 θθοοοι
635 1617 641 1632 “
1051 1645 1133 1709 Ἅλυν
1147 1648 1241 1717 διαόδις
1253 1649 1373 1729 μεγάλην
1383 1648 1467 1730 ἀρχὴν
1480 1647 1634 1711 aasabim·

181 1749 294 1827 Κροῖσος
305 1744 386 1805 Ἅλυν
399 1742 492 1811 διαόδις
508 1744 626 1822 μεγοίλην
641 1741 712 1823 ἀρχὴ

835 1741 844 1765 Ι

714 1742 906 1819 νκωλυωο
973 1790 1079 1851 Ἐκεῖνο
1094 1790 1183 1867 μέντοι
1204 1781 1247 1864 τό,
1260 1790 1300 1848 ὅτι
1315 1814 1359 1850 σοι·
1366 1792 1439 1850 οὐδὲν
1462 1790 1566 1867 ἔμελεν,
1583 1790 1607 1849 εἰ
1623 1814 1647 1849 τι
1661 1790 1757 1848 ἄτοπον

140 1874 186 1945 τὴν
204 1880 233 1935 ἐκ
251 1875 533 1954 προγόνων“διαδοχῆς
556 1876 591 1941 εἷς
606 1873 651 1932 τὸν
672 1873 767 1945 εθσεόῆ
781 1875 926 1932 κατελθοῦ-
972 1879 1092 1938 πείσεται
1106 1882 1150 1936 ὑπ’
1167 1877 1316 1957 ἀμριὸολου
1330 1885 1452 1959 χρησμοῦ
1474 1878 1593 1957 ε’ποιρθείς
1607 1876 1656 1937 ’ἐπ’
1678 1881 1757 1937 ἄλλο·

90 2008 95 2020 ι
141 1988 190 2021 σαν
204 1968 251 2035 τῆς
263 1964 360 2029 Λυδίας
374 1963 481 2043 ἀρχήν,
496 1963 615 2040 pertoldi
629 1954 713 2022 οὖσαν
728 1962 774 2021 καί
788 1960 926 2041 πολυχρθ-
972 1968 1047 2047 τρίαν
1063 1966 1165 2046 ἀρχήν,
1179 1969 1232 2025 οὐδ’
1246 1970 1268 2025 εἰ
1283 1967 1373 2047 πικροί
1387 1990 1453 2033 τινες
1462 1966 1593 2045 ἄνθρωποι
1606 1964 1651 2023 καλ
1663 1966 1760 2038 κακοή·

141 2074 211 2125 νιον,
245 2050 433 2131 καταστρέφει,
462 2055 509 2122 τῆς
538 2051 605 2129 ἄγαν
628 2053 689 2128 περί
712 2050 789 2109 αὐτόν
813 2052 927 2122 σπουδῆς
974 2059 1038 2127 θεις,
1065 2056 1122 2114 δέον
1138 2055 1253 2112 ἐπαινεῖν
1269 2077 1298 2112 σε
1314 2055 1612 2135 ἐπίτῷὲκτραχηλίοαι
1628 2052 1760 2132 μαινόμε-

140 2145 231 2198 τοῦτον
250 2140 362 2205 ἀποδοὺς
373 2144 411 2219 τῷ
426 2142 538 2219 θεοφιλεῖ
549 2138 592 2196 τὸν
607 2139 718 2217 καρπόν.
973 2166 1017 2202 νον
1033 2145 1180 2223 ἄνθρωπον,
1196 2143 1241 2201 καὶ
1261 2144 1484 2219 προσεγκαλοῖεν,
1499 2146 1533 2208 ὡς
1551 2144 1608 2201 οὐδὲ
1621 2143 1759 2224 ἰσόρροπον

183 2228 342 2308 (Eusebius
355 2230 485 2307 Praepar.
498 2228 610 2304 Ιίνιιις.
628 2228 682 2287 lib.
701 2228 723 2284 V
739 2248 802 2306 cap.
827 2250 929 2305 19·2o,
974 2232 1062 2312 φωνὴν
1079 2232 1171 2312 ἀφέντι
1180 2230 1202 2307 ο,
1220 2231 1253 2289 ἵν’
1267 2230 1402 2303 ὀκνήσειεν
1424 2231 1469 2290 καὶ
1489 2230 1661 2310 βουλεύσαιτο
1675 2235 1758 2290 irtu-

140 2338 208 2397 pag.
227 2340 286 2376 aro
304 2326 329 2377 Α
344 2300 479 2395 seqfed.
495 2316 592 2393 Vigor.
612 2318 694 2395 [voi.
713 2317 772 2395 lp.
791 2318 847 2386 445
863 2337 926 2395 seq.
975 2318 1027 2386 δός·
1052 2319 1120 2377 ἀλλὰ
1142 2317 1424 2379 sessiacensis
1441 2318 1538 2400 τρόπον
1565 2320 1620 2378 ἐστὶ
1645 2324 1762 2379 νοεῖσθαι

142 2406 186 2464 ed.
199 2403 311 2487 Gaisf.]
329 2406 442 2484 Scripsi
459 2412 489 2463 ιο
503 2404 663 2471 ἓπιπεισθείς
678 2426 744 2465 cunr
762 2406 883 2465 Davisio
893 2406 930 2464 ad
976 2407 1040 2485 πρθς
1055 2412 1106 2466 τῶν
1122 2407 1276 2482 Ἑλλήνων,
1294 2412 1323 2467 οὐ
1337 2409 1367 2467 τὸ
1381 2416 1392 2445 ο
1410 2413 1456 2479 τῆς
1477 2407 1574 2474 οἰκείας
1589 2410 1673 2486 ἀρχῆς
1684 2410 1762 2467 ἔκπε-

142 2494 268 2553 Maxim.
287 2493 359 2572 Tyr.
380 2493 495 2569 XXXV,
512 2516 546 2567 73
570 2494 658 2553 codd.
675 2492 724 2571 ἔφη
739 2493 863 2558 πεισθεὶς.
891 2528 931 2539 -
977 2499 1043 2565 σεῖν,
1058 2495 1125 2552 ἀλλὰ
1141 2494 1195 2554 τοο
1219 2496 1268 2567 τὴν
1293 2496 1433 2574 ἀλλοτρίαν
1448 2495 1683 2577 περιποιήσασθαι.
1726 2494 1761 2558 Ὁ

143 2579 328 2655 οίνεποίησας,
339 2582 573 2657 uthabetVigeri
586 2600 704 2657 marg03
717 2580 803 2637 codd.
814 2582 930 2655 ἐμποιή-
978 2581 1025 2659 μὲν
1040 2582 1091 2661 γὰρ
1106 2583 1238 2659 ἡμίμηδος
1251 2584 1267 2654 ἢ
1284 2584 1434 2663 ἡμιπίρσης
1452 2587 1553 2661 Κῦρος,
1566 2581 1583 2653 ἢ
1606 2586 1619 2639 ό
1632 2582 1762 2662 μητρόθεν

144 2670 361 2741 cde-⁰12&
371 2671 471 2752 μέσον,
486 2670 559 2729 libri
580 2670 670 2746 μέσον.
690 2667 928 2728 -οΝαυποίκτου
977 2668 1024 2746 μὲν
1042 2672 1239 2747 ἐκτυραννικοῦ
1262 2670 1390 2749 πατρόθεν
1413 2670 1440 2729 δὲ
1467 2670 1494 2738 ἐξ
1518 2671 1649 2729 ἰδιωτικοῦ
1672 2671 1762 2748 γένους

143 2756 633 2835 καίῬυπαίηςςοοιίιί.Ναυα’τουκαί
643 2756 930 2837 Τυπαίου.-οΚαρ-
977 2758 1084 2833 ἡμίονος
1108 2756 1144 2816 (δν
1161 2760 1187 2815 ἐν
1211 2762 1250 2838 τῷ
1276 2760 1429 2838 αἰνίγματι,
1451 2758 1630 2839 παρεμφαίνει
1652 2757 1699 2834 μὲν
1714 2760 1762 2832 τὴν

144 2852 319 2931 νείῳ;οοιίιί,
336 2851 455 2930 Καρνίῳ.
470 2843 931 2926 -οέξειίρητο;1ἰίιι·ἰἐξεύροιτο.)
978 2845 1089 2924 ἔκτυφον
1116 2851 1226 2921 μοῦσαι,
1249 2846 1318 2905 ἀλλὰ
1345 2846 1390 2903 καί
1412 2848 1459 2919 την
1480 2846 1593 2921 ἅμαντιν
1615 2846 1764 2924 μαντικήν,

184 2961 207 3001 a.
224 2940 290 3002 Ἐπί
304 2939 403 3006 τούτοις
419 2944 432 2998 ὁ
447 2935 610 3017 συγγραφεὺς
624 2927 665 2994 οἶα
688 2937 736 2994 οὐκ
753 2936 854 3013 ἀλόγως
870 2935 932 3012 διοι-
977 2932 1051 3013 είπερ
1066 2934 1112 2993 οὐκ
1123 2932 1175 3013 ᾔδη
1191 2932 1228 3011 μὴ
1244 2934 1273 2993 οὐ
1284 2932 1429 3004 συνήσοντα
1443 2939 1488 2992 τοῦ
1502 2932 1657 3013 αἰνίγματος
1671 2937 1685 2992 l
1700 2956 1766 3010 μαν-

146 3134 302 3198 anteposuit,
316 3133 400 3195 sieque
419 3131 562 3193 paulopost
582 3129 660 3178 aureis
673 3142 728 3178 oum
747 3128 853 3191 pateris,
876 3125 952 3178 turu'.
1010 3126 1074 3177 ald
1094 3129 1174 3176 autem
1187 3140 1260 3188 quam
1275 3139 1338 3189 aegre
1353 3127 1439 3177 merito
1456 3129 1538 3177 tulerit
1554 3129 1667 3190 scriptor,
1686 3127 1766 3177 audi:

146 3224 275 3285 lateribus,
290 3235 335 3272 nec
346 3234 397 3271 non
414 3220 509 3269 intinila
523 3218 678 3267 donariorum
698 3217 852 3268 multitudine
870 3218 933 3267 tem·
978 3214 1083 3274 Videris,
1097 3215 1174 3276 inquit
1189 3213 1243 3275 ille,
1255 3227 1279 3264 re
1290 3227 1347 3264 vera
1358 3227 1511 3277 quaeeunque
1529 3229 1609 3265 arenae
1625 3217 1700 3266 instar
1721 3217 1765 3265 ba-

148 3314 214 3375 plum
228 3312 281 3374 ejus
301 3309 441 3370 exornavit,
461 3310 489 3358 ut
513 3307 581 3357 brevi
604 3313 711 3369 tempore
733 3305 845 3355 omnium
868 3304 934 3354 orbis
980 3303 1038 3354 beni
1050 3305 1130 3353 omnia
1144 3304 1290 3367 perspicere,
1308 3306 1333 3354 at
1352 3303 1408 3353 boni
1423 3301 1483 3353 nihil
1500 3318 1578 3354 nosse.
1620 3305 1715 3366 Quippe
1731 3305 1768 3354 ni·

147 3409 219 3451 terrae
234 3401 345 3450 tenorum
365 3398 511 3447 ditissimum
534 3396 655 3456 effecerit,
678 3409 708 3445 ne
728 3395 825 3444 omissis
836 3395 934 3456 quidem
980 3393 1064 3443 dorem
1079 3392 1182 3442 darrioris
1195 3397 1321 3468 coctaeque
1335 3392 1462 3442 testudinis
1475 3392 1602 3442 adsensus
1616 3397 1671 3441 tuos
1683 3405 1766 3454 perre-

147 3490 178 3537 iis
188 3489 282 3551 (usque
294 3501 324 3538 eo
339 3485 524 3548 magnificentiae
540 3497 680 3546 progressus
691 3485 742 3545 est)
754 3496 810 3546 quae
823 3482 855 3532 ad
866 3482 937 3531 ascri·
981 3479 1042 3538 nire,
1054 3479 1140 3528 notitia
1148 3482 1184 3528 est
1197 3492 1245 3528 non
1256 3479 1330 3541 pluris
1346 3493 1417 3542 quam
1430 3491 1509 3528 arenae
1519 3480 1595 3541 pretio
1607 3479 1749 3528 aestimanda
1761 3499 1768 3529 ι

150 3577 203 3625 troia
222 3576 267 3625 rite
291 3574 447 3636 perpetranda
468 3572 616 3622 suitrcerent.
648 3574 695 3620 Tot
712 3571 787 3631 igilur
814 3571 937 3632 tantisque
982 3570 1007 3617 et
1023 3579 1169 3629 quamquam
1182 3579 1212 3615 ne
1226 3579 1282 3615 vera
1293 3565 1390 3628 quidem
1400 3564 1440 3614 illa
1453 3566 1606 3627 luit,tamen
1621 3571 1672 3613 lum
1687 3579 1768 3628 super·

150 3664 270 3713 sumtibus
283 3662 390 3710 duminis
402 3663 425 3709 in
438 3662 537 3722 gratiam
548 3665 604 3708 ante
618 3659 699 3718 tactis,
713 3659 795 3720 Lydus
807 3659 938 3722 imperator
983 3654 1014 3702 bo
1030 3653 1175 3716 congruebat
1192 3655 1216 3702 et
1226 3653 1377 3715 impudenti,
1403 3659 1454 3701 lum
1469 3653 1501 3702 ob
1517 3653 1588 3702 islam
1605 3653 1713 3702 inanium
1731 3668 1770 3704 re·

154 3751 219 3799 liuud
231 3749 353 3798 immerito
368 3755 418 3796 tarn
431 3748 531 3810 egregiis
541 3747 636 3808 pietatis
649 3760 700 3796 suae
714 3746 880 3796 monumentis
891 3746 938 3794 tre·
983 3756 1037 3791 rum
1047 3741 1205 3803 cognitionem
1217 3739 1371 3802 supercilium
1387 3737 1500 3789 alienanti
1511 3747 1534 3790 el
1545 3743 1655 3790 cresum
1669 3741 1770 3804 Lydium

152 3842 207 3894 tus,
227 3835 405 3897 expeditionem
422 3833 538 3882 adversus
554 3837 638 3881 Persas
656 3832 778 3894 suscipere
793 3831 900 3892 molitur,
911 3843 939 3878 ea
984 3829 1042 3878 illud
1052 3829 1206 3891 mancipium,
1219 3827 1430 3889 nesedespicerel,
1441 3829 1558 3878 monenti.
1568 3831 1592 3878 Is
1601 3831 1699 3880 enimin
1709 3831 1772 3880 Ιιυνσ

152 3929 244 3985 mente,
255 3926 282 3973 ut
290 3922 417 3984 imperium
427 3934 498 3970 suum
512 3920 618 3968 numinis
629 3919 719 3968 auxilio
728 3919 862 3980 ampliaret.
875 3919 938 3976 Quid
986 3917 1086 3965 modum
1096 3915 1219 3977 explorata
1229 3915 1330 3964 sortium
1344 3920 1440 3964 tuarum
1449 3916 1548 3966 veritate
1563 3917 1633 3980 paulo
1644 3920 1698 3978 post
1707 3931 1737 3968 ex
1748 3920 1773 3968 te

153 4013 224 4074 igitur
238 4011 355 4062 mirabilis
364 4011 404 4060 ille
416 4011 501 4059 rates?
516 4008 561 4058 Ille
572 4009 624 4070 ipse
640 4009 682 4070 qui
692 4008 792 4070 Delphis
805 4008 939 4068 colebatur,
985 4005 1134 4067 quaesiturus
1148 4005 1215 4063 erat,
1230 4015 1290 4052 num
1304 4004 1420 4053 aduersus
1434 4007 1516 4053 l’ersas
1532 4005 1710 4067 expeditionem
1722 4008 1787 4056 sus·¹

154 4100 257 4162 Pythius
277 4099 345 4159 deus,
359 4097 470 4147 amicitiae
487 4109 594 4159 praeses,
609 4095 744 4158 supplicem
757 4108 845 4156 suurn,
860 4095 941 4143 laomi-
985 4093 1084 4155 ciperet,
1094 4093 1166 4154 teque
1177 4091 1237 4141 adeo
1249 4091 1273 4140 in
1281 4092 1370 4141 luroris
1379 4092 1564 4154 cupiditatisque
1575 4108 1626 4143 suaa
1639 4107 1773 4144 causaeon·

156 4189 247 4237 minem
259 4187 399 4248 religiosum
409 4223 416 4246 ,
428 4199 550 4247 suumque
569 4185 697 4245 clientem,
715 4197 764 4232 non
777 4183 849 4231 modo
862 4183 941 4231 alieno
987 4179 1103 4229 siliarium
1118 4179 1277 4229 adhibiturus.
1288 4179 1333 4229 cui
1345 4182 1371 4229 tu
1382 4193 1430 4228 non
1444 4184 1558 4244 gravatus
1568 4195 1594 4230 es
1612 4182 1771 4243 respondere:

154 4276 256 4339 imperio
272 4290 325 4340 non
339 4279 424 4336 auget,
445 4275 488 4323 sed
509 4287 554 4323 suo
575 4273 648 4322 etiam
665 4273 733 4321 exuit
750 4275 823 4334 atque
839 4272 941 4330 evertit;

156 4379 203 4412 non
216 4365 340 4426 consulto,
355 4365 383 4411 ut
396 4376 450 4412 mea
464 4362 509 4411 tert
518 4361 616 4423 opinio,
629 4359 671 4409 sed
687 4361 767 4423 potius
782 4374 863 4409 rerum
878 4360 943 4408 tulu-

155 4467 236 4502 rarum
258 4453 390 4513 ignorantia
411 4466 418 4494 :
442 4451 534 4514 (neque
553 4450 617 4499 enim
636 4449 752 4511 praescius
772 4449 846 4498 taturi
869 4448 941 4508 deus,
988 4449 1052 4499 illud
1068 4450 1165 4513 quidem
1183 4450 1261 4511 bene,
1283 4451 1347 4513 quod
1371 4451 1427 4500 talia
1443 4465 1490 4500 non
1506 4452 1620 4513 curabas,
1640 4452 1691 4500 sire
1712 4453 1775 4501 malo

156 4542 239 4602 utpote
251 4541 292 4602 qui
303 4553 334 4590 ne
353 4539 414 4589 deus
433 4539 532 4601 quidem
552 4538 615 4587 esset
629 4549 707 4599 neque
721 4537 767 4586 alla
786 4538 824 4585 vis
840 4537 889 4585 nlla
902 4536 944 4584 bo
988 4542 1139 4602 premeretur
1155 4538 1192 4587 vir
1205 4539 1235 4588 ad
1251 4539 1416 4590 invadendum
1431 4538 1536 4588 alienum
1555 4539 1684 4602 imperium
1696 4541 1775 4588 ambi·

1019 4307 1114 4355 Croesus
1128 4306 1206 4368 Halyn
1220 4319 1336 4369 superans
1348 4319 1458 4367 magnam
1470 4309 1590 4380 pervertet
1602 4321 1675 4369 opum
1691 4309 1749 4357 uim.

157 4626 222 4675 mine
240 4629 326 4688 maior,
343 4638 486 4688 responsum
503 4637 612 4686 unquam
630 4637 702 4672 suum
718 4623 894 4673 ueteratoriein
905 4623 943 4673 di·
989 4643 1036 4692 gno
1060 4629 1178 4692 impulsus
1198 4631 1310 4692 oraculo;
1333 4629 1386 4680 eive
1407 4629 1487 4679 acerbi
1509 4629 1607 4692 quidam
1623 4629 1732 4679 immines
1752 4635 1778 4680 el
1857 4641 1860 4648 ¹

159 4728 239 4764 versas
252 4718 332 4777 partes
346 4714 486 4763 detorsisset
500 4713 525 4774 :)
545 4725 643 4774 unoque
656 4712 703 4760 boc
715 4711 765 4761 iere
777 4711 913 4774 versiculo,
966 4736 970 4746 ·
990 4717 1119 4777 malitiosi,
1138 4731 1213 4780 quum
1238 4718 1280 4767 tibi
1297 4718 1329 4767 ob
1344 4718 1463 4768 furiosum
1481 4717 1604 4767 bominem
1621 4718 1721 4767 consilio
1735 4722 1777 4768 tuo

990 4805 1138 4869 praeeipitem
1160 4808 1241 4854 actum
1262 4806 1313 4855 lans
1333 4807 1364 4855 ab
1384 4806 1414 4856 iis
1429 4805 1619 4869 praedicalioque
1642 4805 1779 4868 deberetur,

993 4893 1038 4942 boc
1051 4893 1149 4955 insuper
1160 4891 1203 4942 tibi
1215 4892 1404 4955 exprobrarent,
1418 4893 1483 4955 quod
1497 4905 1528 4941 ne
1539 4891 1667 4954 ancipitem
1680 4893 1778 4954 quidem

159 4983 255 5042 tantum
272 4980 332 5030 illud
346 4974 446 5043 tamque
457 4979 602 5028 diuturnum
623 4979 705 5042 Lydiae
725 4992 840 5042 reguum,
855 4980 947 5043 quoda
993 4993 1077 5030 rocem
1093 4980 1268 5042 emisisses,ut
1284 4980 1365 5042 Lydus
1378 4981 1419 5031 ille
1438 4980 1561 5030 dubitaret
1574 4993 1604 5028 ac
1615 4980 1757 5033 deliberaret
1771 5002 1778 5032 ι

160 5069 292 5132 rnajoribus
308 5069 339 5117 nd
357 5068 497 5129 religiosum
509 5067 632 5116 bominem
651 5067 796 5116 hereditario
806 5067 861 5127 jnre
877 5067 948 5118 dere·
993 5070 1035 5120 sed
1049 5071 1119 5119 tuum
1132 5068 1191 5119 illud
1206 5071 1351 5132 καταλῦσαι,
1362 5069 1408 5118 Ιιοο
1419 5073 1455 5119 esi
1467 5071 1591 5129 euertere,
1603 5080 1653 5117 uno
1662 5068 1780 5119 duntaxat

161 5160 244 5220 uerat,
262 5155 371 5207 funditus
392 5155 493 5216 evertit,
514 5154 633 5217 eiusmodi
657 5155 736 5205 tructu
751 5155 812 5218 regis
825 5154 871 5207 deo
885 5157 947 5219 grati
994 5157 1067 5208 modo
1086 5172 1100 5207 a
1121 5156 1214 5208 Graecis
1230 5158 1377 5220 accipiatur,
1397 5171 1441 5208 nee
1462 5171 1537 5221 regno
1558 5171 1603 5207 suo
1616 5156 1719 5220 expelli,
1737 5158 1778 5208 sed

162 5243 279 5295 eximium
291 5257 345 5306 erga
357 5257 383 5294 se
395 5243 501 5294 studium
513 5241 674 5306 pietatemque
687 5256 855 5306 compensans.
995 5247 1100 5297 alienum
1115 5249 1218 5296 tractum
1229 5246 1338 5310 subigere
1350 5246 1476 5309 significet.
1509 5249 1570 5295 liam
1586 5248 1664 5309 cyrus
1675 5245 1715 5296 ille
1730 5247 1782 5308 qui·

190 4826 290 4899 criasus
302 4848 381 4910 llalpn
397 4857 512 4909 superans
524 4858 636 4908 magram
653 4847 773 4908 pervertet
782 4859 858 4909 opum
873 4846 931 4909 rim,
