3959 5925
750 426 753 433 '
815 438 1053 501 receperim
1075 439 1210 499 venun.
1767 450 1795 497 u

216 571 267 626 τῶν
282 566 398 647 πράξεων
419 567 519 647 ἔχοντες
532 568 579 676 τὴν
595 572 610 626 ἀ
614 570 698 648 ρετήν.
754 570 857 638 Πάσσις
876 576 937 648 γοῦν
951 572 985 638 ὡς
1031 570 1077 640 τλν
1092 570 1122 629 88
1122 594 1202 649 ρεσιν.
1244 570 1283 630 'ft
1294 569 1321 629 δὲ
1333 571 1434 652 αἱρετὸν
1449 572 1494 629 καί
1507 570 1602 645 ἀγαθὸν
1612 568 1706 629 ταυτὸν
1719 569 1818 640 ἐδόκει

217 658 283 717 ἔοικε
298 680 356 724 ταις
368 660 470 735 αρετιιις
489 680 571 717 κοινον
584 656 710 737 θπαργειν
730 659 760 719 τό
774 682 801 716 τε
815 657 924 737 κρίνειν,
940 661 985 717 καὶ
1031 667 1083 724 τοῖς
1097 659 1215 738 ἀρχαίοις
1232 658 1271 694 ²⁴⁰
1286 649 1360 717 ε.ἶναι
1400 659 1512 766 '187787
1528 658 1622 735 ἀγαθὸν
1638 656 1802 767 ὑπογράφον-

216 744 408 823 προαιρεῖσθαι,
422 746 466 802 καὶ
473 744 635 889 πράττεινᾍί
657 745 727 805 Ουτε
738 747 788 824 78
801 744 850 825 ἀκρ
852 769 915 817 ιτον,
931 746 983 805 οὔτ
1031 770 1086 817 τις,
1100 747 1232 813 οὕτως’
1200 747 1402 827 αφωρῖχοντο’
1387 771 1438 825 αγα
1443 745 1485 804 θόν
1443 749 1572 805 ctum
1592 737 1622 803 o8
1645 747 1715 804 πάντ
1714 744 1805 822 ἐφίε-

217 828 434 910 απροαίρετον,
405 831 457 889 ουτ
468 832 623 910 ἀπρακτενε
620 823 675 889 ναι
686 830 775 911 τὴνα
777 834 850 905 ετήν,
837 770 928 893 p8888
937 836 984 905 τὴν
1032 857 1074 892 ται
1088 834 1123 869 ²⁴¹
1131 835 1250 897 ,Τῶνδ
1264 833 1402 913 ἀγαθῶν
1381 856 1467 910 ελεγον
1480 832 1555 891 el
1526 857 1573 910 μεν
1589 835 1622 891 δι’
1637 838 1705 908 ὕκας
1714 831 1805 909 αἱρετὰ

217 922 263 997 μὲν
278 944 398 1033 φρρνησιν
413 922 585 1002 ἐξάρχειν,
567 944 656 1001 ωσπερ
668 924 822 1001 ἡγεμονικὴν
837 915 931 997 οὖσαν,
942 927 986 984 καὶ
1033 922 1174 1002 ὑπάρχειν,
1192 923 1225 981 et
1237 922 1265 980 08
1279 919 1390 985 διδτουτ
1400 920 1521 992 πλησίον
1539 919 1670 981 τῶνδὲδό
1686 918 1806 995 ἡμάςτα

215 1013 267 1067 τῶν
288 1010 312 1066 δι
314 1008 431 1078 ’ἑαυτὴν
455 1013 554 1067 888'⁴
520 1033 571 1068 των
596 1009 638 1067 διά
657 1010 703 1075 τάς
724 1011 804 1079 ἄλλος
819 1012 857 1049 ²³⁰
879 1017 987 1092 αἱρετῶν
1033 1011 1080 1086 μίν
1094 1011 1181 1087 καλά,
1194 1010 1263 1069 τὰδ’
1282 1014 1421 1086 ἀναγκαῖα·
1440 1009 1559 1069 8888‘
1526 1032 1587 1085 μεν,
1600 1010 1688 1075 τάςτε
1699 1008 1805 1085 ἀρετάς,

216 1096 262 1154 καί
275 1100 407 1174 φευκτῶν,
423 1096 468 1153 καλ
481 1100 603 1183 πρακτῶν
619 1097 663 1167 καὶ
677 1100 705 1156 o8
724 1103 864 1173 πρακτῶν,
876 1101 969 1159 καὶ”
934 1124 986 1158 των
1033 1096 1134 1164 καιτθις
1146 1098 1274 1175 ἐνεργείας
1287 1098 1333 1163 τὰς
1347 1097 1392 1154 8rr’
1407 1098 1490 1155 αὐτῶν
1502 1096 1647 1175 ,φρόνηοίν
1661 1118 1708 1165 τε,
1721 1118 1765 1153 και
1776 1118 1807 1153 το

218 1158 316 1258 μᾶλίον
338 1183 382 1241 καλ
412 1175 500 1254 ἧττον·
522 1188 573 1241 τῶν
596 1185 618 1241 δ’
640 1183 726 1243 ἄλλων
751 1186 862 1259 θκάοτην
893 1188 987 1245 ἀποτί·
1033 1186 1151 1265 φρονεῖν,
1171 1185 1216 1243 καλ
1240 1186 1404 1253 δικαιοσύνην
1418 1187 1463 1243 888
1481 1140 1512 1241 τό
1527 1186 1741 1261 δικαιοπραγεῖν,
1762 1182 1807 1240 καὶ

218 1274 325 1347 μνεσθαι
340 1270 405 1346 μόνα
420 1270 453 1329 τδι
467 1273 525 1329 καθ’
539 1271 645 1341 δαυτήν.
709 1324 713 1333 ,
1032 1271 1141 1330 κατὰτὸ
1155 1271 1280 1351 ἀνάλογον
1301 1272 1397 1331 888m
1362 1296 1413 1329 των
1428 1272 1527 1331 ἀλλων.
1569 1270 1710 1349 Ἀναγκαῑα
1735 1268 1807 1327 88‘
1776 1292 1807 1328 το

257 1356 361 1436 Ἀρετὴν
383 1358 406 1415 δ’
427 1358 597 1432 ὀνομάζεσθαι
618 1358 664 1427 τὴν
689 1358 796 1437 ἀρίστην
820 1360 876 1419 διάθ
863 1366 949 1438 θ,εοιν
970 1359 987 1431 ἢ
1032 1383 1060 1418 τε
1070 1364 1115 1430 ζ’ν
1129 1359 1221 1418 καί
1195 1383 1228 1418 τα
1248 1360 1311 1436 πρὸς
1332 1365 1408 1419 τοῦτο
1429 1359 1608 1467 συντείνρντα,
1625 1358 1670 1416 καί
1691 1356 1789 1427 τὴν”
1754 1381 1806 1417 των

217 1448 275 1503 καθ’
299 1444 332 1515 ἣν
356 1444 480 1525 άρισταδ
466 1446 595 1504 ιακειται
607 1468 636 1503 το
650 1445 719 1524 ίχον.
760 1447 881 1505 Τοῦτοδ
896 1450 974 1506 ix*
941 1471 988 1518 της
1033 1470 1112 1518 ποιητ
1114 1451 1176 1506 ικῶν
1193 1446 1337 1527 ἔχοντα’
1301 1470 1359 1529 χωρ
1360 1471 1410 1518 αν,
1433 1439 1486 1505 οἷον
1508 1447 1538 1505 τό
1560 1469 1588 1504 τε
1611 1450 1688 1521 σῶμα
1707 1444 1752 1503 καὶ
1772 1446 1806 1504 et

216 1534 354 1608 ἐπαγωγῆς
376 1504 466 1603 δῆλον·
492 1532 656 1603 σκυτοτόμου
679 1531 768 1625 787²
752 1558 768 1591 α
771 1534 846 1611 ρετην
867 1533 988 1614 λίγτοθαι
1034 1535 1126 1611 τοίτφυ
1146 1534 1214 1616 μίρη
1227 1536 1274 1593 καλ
1292 1536 1338 1601 τδς
1361 1538 1445 1593 αθτῶν
1466 1534 1549 1601 καλθις
1563 1533 1678 1615 χρήσεις·
1692 1532 1790 1592 καλ
1754 1556 1807 1591 των

217 1622 276 1679 καθ’
290 1619 323 1689 ἢν
341 1620 508 1678 ἀποτελῶν
491 1643 594 1699 αριστον
610 1606 733 1695 ὑπόδημα
750 1622 874 1692 δύναται,
889 1624 935 1681 καλ
950 1624 988 1680 oi·
1033 1600 1109 1689 88888
1115 1622 1316 1702 λεγομένων,’
1291 1623 1433 1699 ευγίνιιαν,
1451 1623 1563 1681 πλοῦτον
1570 1622 1678 1695 ‚eatan
1692 1620 1748 1680 εἶ’
1716 1644 1807 1699 ρηνην,

217 1705 343 1783 κοδόμου,
360 1710 418 1766 καθ’
439 1706 502 1779 ἣν
486 1730 579 1785 αριστα
596 1708 725 1766 διάκειται
746 1709 808 1787 πρὸς
822 1709 987 1785 οἰκοδόμησιν
1034 1710 1304 1791 ίλευθερίαν,φιλίαν,
1318 1733 1415 1767 τουτων
1426 1708 1477 1789 γάρ
1490 1709 1599 1769 ἕκαστον
1609 1706 1808 1785 συμθαλλεσθαί

217 1764 299 1860 οἰκίάς
322 1797 414 1864 καλῆς.
463 1792 528 1855 Οτι
548 1787 644 1870 μὲν
616 1820 658 1855 ουν
679 1796 713 1854 et
727 1795 821 1877 8proro
840 1799 988 1869 διατεθῆναι
1033 1819 1104 1874 τιπρ
1105 1795 1234 1867 τὴν
1201 1819 1248 1867 της
1262 1799 1279 1855 ἀ
1281 1802 1374 1876 ρετῆς·
1367 1818 1471 1875 777827.

218 1882 289 1939 ἐστίν
311 1883 405 1960 ἀρετή,
430 1883 636 1995 θμολογφιίμενόν
658 1886 722 1941 ίστι.
780 1885 833 1945 Δύο
858 1883 916 1944 8⁸⁸
897 1909 985 1968 ωσπερ
1073 1883 1176 1955 ’θὴνδ
1199 1883 1364 1961 εὐδαιμονίαν
1379 1888 1409 1942 ἐκ
1430 1886 1482 1941 τῶν
1496 1886 1584 1943 καλῶν
1604 1884 1738 1959 γίγνεσθαι
1760 1880 1807 1940 καί

218 1968 346 2075 cip-784⁸
314 1994 363 2027 των
380 1973 412 2047 cip
414 1974 477 2029 τεῶν
491 1970 630 2050 ὑπάρχειν,
645 1972 690 2030 τὸν
706 1970 840 2059 λόγονκαὶ
855 1974 885 2034 τὸ
898 1974 950 2033 πάθ
952 1995 985 2041 ος·
1034 1971 1236 2117 προηγουμένων
1247 1970 1405 2049 πράξεων·
1390 1990 1415 2029 οι
1415 1969 1506 2031 δκαλ
1513 1970 1544 2028 δι
1557 1971 1624 2031 ὅλων
1637 1960 1701 2027 εἶναι
1711 1968 1808 2043 καλήν,

219 2064 301 2114 ταῦτα
321 2056 347 2137 88
368 1993 412 2115 888
436 2056 482 2134 μίν
500 2058 622 2129 ἀλλήλοις
642 2063 816 2205 ὁμονοητικῶς
830 2070 987 2141 συμφωνεῖν,
1034 2064 1082 2117 καθ
1083 2082 1150 2138 απερ
1162 2083 1208 2117 και
1198 2058 1270 2130 τὴν
1286 2061 1313 2117 ίν
1326 2066 1379 2124 τοῖς
1395 2058 1482 2123 αὐλοῖς
1495 2056 1551 2134 ἀνίρ
1538 2079 1624 2134 ργειαν
1642 2056 1674 2115 δι’
1686 2054 1781 2113 όλων’
1768 2078 1810 2113 εν-

220 2142 261 2201 tel
272 2142 298 2201 88
315 2148 505 2211 στασιαστικῶς
521 2146 666 2226 διαφωνεῖν·
680 2147 759 2217 τὴνδ
762 2147 967 2217 'delectu’
937 2173 987 2207 8u-
1034 2167 1133 2222 τεχνον.
1173 2148 1213 2205 οο
1227 2146 1278 2222 γάρ
1292 2144 1402 2211 ίκάιθα
1388 2148 1440 2211 ειν
1453 2142 1501 2214 τὴν
1516 2144 1717 2222 παραληψιν
1682 2166 1735 2200 των
1752 2144 1809 2201 θλι-

218 2233 267 2287 τῶν
285 2229 417 2308 γίγνεσθαι
431 2232 490 2290 82'8
474 2234 567 2301 ἡδονὰς
580 2257 626 2291 και
616 2233 732 2300 λύπας.
755 2238 780 2294 Γ
781 2236 812 2307 ἡν
823 2226 914 2312 μίν
884 2260 927 2295 ουν
942 2243 986 2296 τοῦ
1033 2232 1305 2314 κωντηςείλικρινείας
1314 2255 1360 2290 του
1344 2234 1450 2290 καλου
1459 2230 1506 2301 τλν
1515 2230 1718 2302 ευδαιμονιαν,
1704 2255 1739 2297 ως
1749 2228 1807 2289 ουδθ

216 2316 293 2395 λόγου
308 2318 381 2391 νίκην
398 2318 450 2377 ἀπὸ
466 2325 510 2377 τοῦ
531 2320 640 2397 κράτους
655 2322 820 2399 παρωνύμως
835 2324 986 2403 ἐγκράτειαν
1033 2320 1080 2391 τλν
1096 2322 1271 2398 τῆςείατρικῆς
1285 2319 1402 2397 ἔντεχνον
1416 2318 1449 2377 δι’
1460 2316 1530 2377 άλων
1543 2318 1672 2397 ἐνέργειαν
1690 2316 1738 2389 τὴν
1752 2320 1804 2374 τῶν

217 2406 365 2481 ἐπωνυμίαν
389 2410 475 2484 ἔχειν,
490 2407 537 2477 τὴν
555 2408 581 2466 88
599 2416 644 2467 τοῦ
656 2408 765 2485 ἀλόγου,
779 2410 820 2468 828
837 2412 866 2469 τὸ
879 2415 925 2482 τῆς
940 2415 988 2491 ,δρ-
1033 2408 1148 2485 ὀργάνων
1158 2414 1264 2487 χρῆσιν.
1274 2410 1368 2467 Πᾶσαι
1376 2407 1423 2482 μὲν
1435 2408 1485 2486 78p
1498 2406 1591 2486 πρᾶξιν
1603 2405 1731 2485 ἐνέργειαν
1742 2394 1809 2462 εἷναί

218 2498 268 2569 μῆς
283 2490 404 2565 ἀπειθές,
426 2498 565 2572 ἀκρασίαν·
591 2496 638 2567 τὴν
654 2498 677 2555 δ’
693 2498 788 2576 ἀμφοῖν
804 2496 928 2576 ἁρμονίαν
943 2498 988 2556 καθ
1033 2517 1091 2553 τινα
1104 2499 1200 2575 ψυχῆς.
1242 2494 1319 2553 Ἐπεί
1329 2493 1508 2573 δ’δπράττων
1524 2493 1670 2573 συγγρῆταί
1683 2515 1735 2550 τισι
1746 2490 1810 2570 πρὸς

218 2579 385 2659 συμφωνίαν,
400 2580 503 2660 ἀρετήν·
518 2587 562 2641 τοῦ
577 2582 741 2660 μὲνάγοντος
755 2582 893 2662 ἐφ’όδεῐ,
909 2584 986 2642 τοῦδ’
1034 2579 1082 2651 τὴν
1100 2581 1250 2653 τελειότητα
1270 2586 1317 2651 τῆς
1332 2580 1497 2661 προθέσεως,
1522 2581 1689 2657 με’ρηταῦτα
1711 2582 1741 2637 o8
1756 2581 1809 2658 χρὴ

217 2666 343 2740 ἑπομένου
357 2668 503 2737 πειθηνίως.
1034 2668 1190 2743 νομίζειν”
1158 2692 1204 2737 της
1225 2668 1368 2746 ίνεργείας,
1381 2668 1467 2725 καίτοι
1487 2689 1516 2743 γε
1531 2666 1649 2738 ἀπιζηῦ
1612 2688 1699 2737 ουσης
1714 2664 1807 2723 tenet-

256 2753 367 2861 Αίρττον
379 2753 406 2813 δὲ
429 2752 613 2832 λέγεσθαι,
589 2760 654 2814 τοδ
656 2756 722 2834 ρμὴν
738 2758 777 2836 ἐφ’
793 2758 986 2829 ἑαυτθκινοῦν,
1034 2759 1142 2867 ραςτῶν
1157 2754 1339 2834 είρημίνων
1314 2758 1473 2813 τοτοιοῦτυν
1489 2753 1528 2789 ²⁸²
1530 2754 1692 2831 ,οὐμήνῶς
1718 2755 1810 2835 μέρος,

217 2862 324 2919 φιυκτον
339 2840 383 2913 δι’,
399 2841 428 2899 τὸ
443 2843 486 2922 ἀφ’
508 2845 604 2912 αὑτοῦ,
618 2779 707 2901 δταρνθ
694 2844 794 2920 θλόγος
808 2836 986 2923 σθμψηφοςῇ.
1033 2846 1067 2909 ὡς
1083 2843 1111 2901 88
1127 2840 1167 2878 ²⁸³
1189 2842 1323 2915 ποιητικὸν
1346 2847 1393 2911 τῆς
1413 2843 1516 2921 τίχνης.
1557 2842 1600 2901 'fl
1608 2833 1707 2921 γὰρ
1687 2867 1724 2901 ων
1751 2843 1812 2901 ἄνευ

221 2928 347 3008 Καθάπερ
368 2929 454 3009 γθρ
431 2952 461 2988 το
481 2930 607 3034 βρυλητὸν
630 2927 739 2990 κατίι
712 2952 759 2999 την
775 2928 897 3009 βούλησιν
919 2930 987 3010 ἔχειν
1033 2930 1156 3010 πράττειν
1176 2932 1261 2989 ὁτιοῦν
1282 2927 1418 3040 ἀδύνατρν,
1435 2928 1552 3010 μίρη
1520 2951 1566 3000 της
1581 2927 1710 3006 ενεργείας
1722 2928 1807 3006 λεγειν

219 3039 266 3088 την
286 2952 435 3092 ίποίνυμίαν
457 3016 572 3094 ταύτην,
588 3015 668 3085 οὕτως
693 3015 737 3076 καί
760 3019 789 3075 τὸ
805 3019 904 3096 αἱρετὸν
919 3020 988 3077 κατὰ
1033 3021 1080 3077 οὐκ
1093 3018 1177 3098 ὀρθάν.
1240 3018 1279 3081 Τὸ
1296 3017 1384 3096 μὲν
1356 3041 1407 3098 γαρ
1422 3017 1498 3098 μέρος
1518 3017 1674 3076 ἐπινοεῖσθαι
1693 3016 1800 3076 κατά
1776 3039 1806 3076 το

218 3285 323 3334 facienda
338 3287 374 3336 vel
391 3287 533 3348 omittenda,
549 3290 574 3336 et
588 3299 642 3349 qnae
659 3287 736 3350 magio
748 3287 857 3338 minuere
867 3305 875 3350 ς
885 3287 905 3338 ἐ
917 3291 990 3338 cete·
1034 3290 1144 3352 ocriptori
1154 3289 1188 3338 ita
1198 3287 1490 3339 feredefinireoolebanl:
1503 3289 1594 3338 bonum
1605 3289 1716 3351 estquod
1728 3299 1812 3338 omnen

217 3372 249 3422 ris
262 3373 367 3435 singulae
378 3374 424 3422 ribi
437 3378 493 3436 apta
508 3376 604 3423 tantum
617 3388 714 3424 curere.
1034 3381 1158 3440 appetunt.
1190 3379 1312 3426 Bonorum
1331 3389 1390 3426 cero
1400 3376 1447 3425 alia
1464 3380 1563 3440 pmpter
1578 3389 1624 3426 noa
1635 3375 1750 3425 dixerunt
1760 3389 1812 3425 ecce

247 3462 367 3510 virtutem
385 3464 465 3511 autem
483 3458 601 3510 nominari
622 3462 737 3524 optimam
759 3463 924 3524 affectionem,
944 3476 992 3524 qua
1035 3462 1183 3525 expetenda,
1201 3462 1247 3512 alia
1262 3465 1357 3526 propter
1372 3463 1449 3524 alioe;
1463 3466 1632 3525 atqueeorum
1646 3461 1744 3524 quidem
1756 3475 1811 3522 qua·
1891 3475 1894 3478 ’

218 3547 282 3608 qnod
294 3547 427 3610 praeditum
437 3553 474 3597 eat
488 3539 615 3610 optime'se
630 3549 711 3599 habet.
735 3551 858 3612 Colligitur
868 3564 929 3600 cero
943 3551 990 3599 lroc
1036 3551 1130 3610 propter
1142 3561 1186 3596 nor
1200 3547 1334 3610 expetenda
1342 3551 1398 3597 oum
1408 3548 1521 3611 quaedam
1531 3550 1639 3608 fronerta,
1649 3548 1695 3596 alia
1704 3561 1811 3597 neceesa-

220 3645 259 3690 per
275 3632 436 3682 inductionem
447 3651 455 3694 ς
467 3635 585 3697 siqnidem
600 3638 624 3684 et
639 3637 727 3685 coloris
744 3637 821 3686 virtus
833 3637 931 3696 dicitur,
944 3649 993 3698 qua
1036 3633 1070 3682 ria
1084 3636 1214 3696 vocaruut;
1226 3634 1327 3683 honesta
1341 3634 1431 3683 scilicet
1441 3635 1543 3684 virtuter
1553 3647 1683 3695 earumque
1694 3635 1810 3683 exercita·

220 3717 249 3765 ad
265 3719 381 3780 optimum
395 3722 500 3770 calceum
518 3722 693 3771 conficiendum
712 3723 790 3782 valet,
813 3725 837 3773 el
857 3724 992 3783 architecti,
1036 3721 1128 3781 lionae,
1140 3726 1168 3770 ut
1182 3721 1329 3783 prudentiam
1341 3724 1367 3770 et
1379 3734 1479 3783 capere,
1490 3721 1607 3782 iustitiam
1622 3721 1719 3783 etjoote
1729 3734 1809 3784 agere,

219 3819 266 3866 qua
283 3807 408 3868 pulchrum
423 3808 551 3859 aedificium
563 3811 655 3871 optime
667 3815 789 3859 exstruere
803 3812 887 3871 potest.
914 3815 994 3874 Atque
1037 3787 1812 3870 parinirorariooetocererincoouroccaecariartrereotqoae

220 3893 333 3954 optimam
347 3895 442 3954 cuidem
456 3894 606 3944 affectionem
627 3897 740 3946 virtutem
757 3896 814 3956 dici,
832 3911 916 3946 omnen
932 3912 990 3946 con-
1036 3895 1066 3942 ad
1078 3897 1152 3942 vitam
1163 3895 1292 3956 pertinent,
1304 3908 1407 3956 quaeque
1420 3895 1575 3945 efficientium
1586 3897 1668 3945 focum
1681 3899 1770 3958 terrent,
1785 3901 1812 3945 ut

219 3979 314 4029 cedunt.
331 3983 383 4029 lino
395 3984 474 4030 autern
491 3981 604 4044 tauquam
618 3983 734 4046 principia
746 3984 862 4034 virtutum
876 3987 988 4034 statuun·
1036 3995 1123 4044 corpus
1131 3982 1230 4044 ejusque
1240 3987 1320 4046 partos
1331 3985 1471 4045 rectumque
1482 3996 1564 4032 earum
1576 3997 1647 4032 usum
1656 4001 1664 4045 ς
1672 3997 1702 4034 er
1714 3984 1762 4033 illia
1772 3982 1812 4032 de·

217 4069 267 4125 tur,
281 4067 341 4116 rufio
352 4071 376 4117 el
386 4067 497 4129 affectos,
509 4083 564 4131 quae
577 4083 641 4120 nunc
650 4071 797 4121 concordant
808 4074 833 4122 et
842 4074 993 4123 consentiunt
1036 4070 1108 4131 uiouo'
1119 4069 1190 4119 reboo
1200 4084 1256 4133 quie
1265 4073 1371 4120 externe
1386 4074 1512 4127 vocantur,
1525 4069 1689 4132 nobilitatem,
1704 4070 1811 4128 diritiao,

219 4153 279 4202 inter
294 4158 333 4212 te,
344 4167 409 4203 nunc
421 4155 558 4206 discordant
569 4172 596 4206 ac
610 4159 765 4230 dissentiunt;
780 4173 854 4222 quum
865 4160 991 4222 utriunque
1036 4157 1149 4217 gloriam,
1164 4170 1260 4221 paoem,
1276 4158 1408 4206 libertatem
1419 4193 1427 4218 ,
1439 4156 1584 4218 amicitiam,
1594 4156 1712 4218 siquidem
1726 4157 1812 4206 trorum

219 4243 372 4303 repugnantia
386 4255 401 4290 a
415 4243 577 4305 voluptatibus
586 4247 612 4294 et
624 4245 746 4296 doloribus
758 4247 857 4297 oriatur.
882 4248 990 4297 Rationis
1036 4245 1128 4305 singula
1137 4245 1245 4294 nonnihil
1255 4245 1286 4294 ad
1300 4245 1397 4293 virtutis
1407 4257 1477 4293 usum
1489 4245 1625 4294 conferunt·

220 4329 291 4388 igitur
308 4331 433 4378 uictoriam
448 4344 462 4379 a
483 4333 589 4381 tenendo
602 4332 678 4382 ducto
699 4335 797 4384 nomine
819 4335 991 4384 continentiam
1070 4333 1220 4383 Felicitatem
1231 4337 1314 4381 autem
1327 4346 1355 4380 er
1369 4332 1479 4381 honestis
1493 4335 1519 4382 el
1529 4332 1666 4395 praepositio
1676 4331 1813 4380 actionibus

219 4415 312 4472 uocari,
334 4417 437 4466 affectus
460 4419 554 4476 autem,
566 4419 769 4470 rationecarentis
781 4421 919 4480 uictoriam,
939 4435 994 4483 pro·
1036 4424 1155 4479 constare,
1176 4420 1236 4470 adeo
1250 4425 1279 4469 ut
1297 4420 1398 4469 omniuo
1418 4421 1449 4470 cit
1473 4420 1586 4480 honesta,
1607 4419 1812 4482 quemadmodum

220 4504 271 4560 pter
282 4503 436 4564 appetitionis
451 4505 641 4566 contumaciam,
653 4506 847 4557 incontinentiam
861 4508 991 4570 appellari;
1035 4509 1147 4558 tibiamm
1162 4522 1217 4558 οεειε
1230 4522 1329 4570 prorsus
1336 4514 1374 4559 eet
1387 4508 1542 4559 artificiorur.
1555 4513 1638 4570 Neque
1647 4509 1710 4559 enirn
1718 4522 1811 4557 aarum·

220 4581 345 4648 utriusque
360 4603 416 4638 vero
431 4595 578 4641 concentum
591 4597 616 4644 ct
629 4595 782 4644 concordiam
795 4597 909 4645 virtutem
924 4609 993 4657 ease,
1037 4599 1068 4645 tie
1085 4597 1191 4646 materiae
1213 4597 1302 4646 viribua
1325 4597 1440 4658 segregari
1471 4597 1607 4647 felicitatem
1627 4597 1658 4646 ab
1681 4597 1813 4646 honestatis

218 4675 292 4724 altera
308 4675 374 4726 duc'a
397 4683 476 4739 partes
493 4685 555 4730 recte
574 4683 671 4743 agente,
689 4681 765 4732 altero
788 4683 927 4733 obedienter
951 4698 990 4734 εε-
1036 4684 1184 4745 einceritate,
1197 4687 1224 4732 ut
1236 4696 1314 4746 neque
1330 4682 1442 4732 medendi
1454 4682 1555 4732 actionis
1565 4684 1665 4733 omniuo
1677 4683 1812 4732 artificiosae

218 4763 313 4823 tinente·
919 4785 925 4792 ·
1036 4771 1133 4834 gloriam
1145 4771 1356 4820 instrumentorum
1370 4782 1429 4819 uuus
1440 4770 1533 4819 minuit.
1603 4771 1699 4833 Quippe
1713 4783 1810 4820 ornnem

251 4853 415 4913 Expetendum
427 4859 507 4906 autem
521 4858 567 4907 dici
579 4859 644 4919 quod
656 4860 788 4921 appetitum
800 4859 993 4919 adseatlrnlrat7
1037 4859 1153 4906 actionem
1177 4858 1299 4919 quandam
1317 4871 1370 4908 ocae
1391 4858 1465 4907 animi
1482 4857 1634 4908 industriam.
1648 4861 1730 4916 Quom
1753 4871 1811 4906 uero

222 4938 374 5001 fugiendum,
391 4944 455 5003 quod
469 4957 483 4992 a
495 4957 520 4994 se
533 4945 646 5009 repellat,
660 4946 756 5009 quando
769 4947 902 4996 consentiat
922 4947 992 4996 ratio.
1037 4959 1106 5006 agene
1120 4945 1263 5006 quibusdam
1276 4948 1357 4994 ulatur
1367 4945 1398 4993 ad
1411 4946 1504 5008 incepta
1515 4945 1683 5009 exsequenda,
1699 4959 1747 4994 non
1758 4948 1810 4995 ota·

221 5027 430 5081 Quemadmodum
444 5029 506 5078 euim
525 5032 686 5092 appetendum
702 5031 733 5080 ab
750 5031 993 5094 appetitionenomen
1037 5034 1079 5081 tim
1100 5045 1128 5082 ea
1152 5036 1230 5094 partes
1255 5032 1383 5082 functionis
1402 5034 1533 5083 existimari
1549 5035 1674 5096 convenit,
1697 5034 1810 5097 quenula

221 5111 306 5173 traxit,
318 5113 351 5162 uic
362 5115 496 5176 eligendum
510 5118 540 5166 ab
552 5117 675 5168 electione.
704 5120 869 5180 Expetendum
888 5125 995 5183 porroet
1037 5124 1137 5182 utraque
1149 5133 1231 5168 earrrrn
1243 5132 1343 5182 quarum
1357 5120 1519 5170 mentiofacfa
1533 5122 1669 5172 eolarliom
1686 5123 1733 5171 tale
1752 5120 1809 5184 qnid

223 5199 312 5250 bonum
333 5201 396 5253 idom
411 5215 462 5254 esse
478 5205 597 5256 veteribus
614 5205 746 5256 virlebulur.
771 5210 830 5257 flam
844 5207 935 5258 bonurn
949 5207 993 5258 rte·
1035 5209 1153 5272 reqpirat,
1165 5221 1212 5258 non
1224 5211 1302 5259 termo
1314 5212 1342 5257 ut
1353 5213 1459 5272 partem,
1472 5209 1513 5260 ced
1524 5212 1656 5263 utcaocaru
1666 5189 1812 5264 emoteuteon
