3959 5925
704 374 892 438 chareus
912 381 1161 444 FRAGMENTA.

138 521 175 562 ιτ.
191 499 321 580 Κράτητα
340 501 368 560 δί
385 501 429 559 τδν
455 503 592 583 φιλόσοφον
617 507 654 572 εἰς
674 515 763 570 πᾶσαν
790 509 875 577 οἰκίαν

9 616 13 625 ·
98 589 212 648 εἰσιόντα
236 588 304 666 μετὰ
333 594 413 665 τιμῆς
438 591 484 650 καί
505 592 694 672 φιλοφροσύνης
715 596 874 677 δεχομένων,

97 679 302 758 θυρεπανοίκτην
319 679 439 738 ἐκάλουν.
863 691 867 698 ’

138 767 328 844 (Plutarchus
348 767 527 847 Symposiac.
541 769 593 828 lib.
608 771 636 828 lI
658 786 759 849 quaest.
780 774 794 832 l
815 796 876 855 cap.

95 857 188 913 6νοί.
212 854 253 912 lll
278 873 342 933 pag.
372 857 409 914 65
433 856 480 917 cd.
502 858 620 917 llutten.
649 859 729 918 Idem
756 875 877 923 testatur

96 947 243 1021 Diogenes
258 944 391 1004 Laertius
405 945 456 1003 lib.
468 944 516 1020 Vl,
530 945 587 1004 86:
601 949 719 1007 ἐκαλεῖτο
734 950 816 1008 δὲκαὶ
830 957 876 1010 θυ-

97 1033 269 1112 ρεπανοίκτης
283 1032 326 1090 διδ
337 1033 367 1091 τὸ
382 1035 419 1101 εἰς
430 1041 519 1092 πᾶσαν
532 1034 641 1093 εἰσιέναι
655 1035 738 1095 οἰκίαν
755 1039 800 1096 καί
814 1061 874 1097 νου-

1642 412 1697 462 ets

924 513 960 571 de
975 515 1134 574 Alexandri
1156 517 1254 594 lllagni
1270 521 1385 580 fortuna
1401 525 1444 581 rel
1460 526 1567 585 virtute
1581 545 1652 593 orat.
1671 531 1699 590 II

922 619 983 678 cap.
1000 604 1029 675 3,
1049 603 1106 663 νοί.
1127 603 1165 660 lx
1180 626 1209 682 p.
1237 605 1273 664 58
1288 609 1333 669 ed.
1354 609 1471 672 Hutten.
1492 612 1533 670 De
1550 615 1648 673 cadem
1668 636 1700 674 re

922 691 964 748 sic
979 691 1133 752 Athcnaeus
1156 694 1208 756 lib.
1226 695 1306 770 XIII,
1326 720 1354 776 p.
1374 701 1429 774 591
1449 701 1494 758 B:
1511 703 1589 774 αὐτῆς
1606 703 1633 762 δὲ
1653 709 1699 776 τῆς

922 778 1031 858 Φρύνης
1044 781 1068 838 οἰ
1089 783 1249 858 περικτίονες
1272 787 1411 866 ἀνδριάντα
1430 787 1585 858 ποιήσαντες
1608 791 1699 862 ἀνέθη·

922 891 970 924 καν
986 869 1013 924 ἐν
1028 872 1136 948 Δελφοῖς
1158 871 1268 952 χρύσεον
1284 875 1328 932 ἐπὶ
1345 877 1427 942 κίονος
1442 880 1609 937 Πεντελικοῦ·
1625 902 1698 938 κατε-

922 953 1036 1014 σκεύασε
1059 957 1081 1014 δ’
1099 958 1178 1016 αὐτὸν
1193 961 1364 1038 Πραξιτέλης.
1387 963 1437 1022 Ὃν
1465 965 1511 1022 καὶ
1541 967 1700 1042 θεασάμενος

925 1042 1032 1123 Κράτης
1055 1046 1186 1113 δκυνικδς
1209 1046 1258 1129 ἔφη
1275 1053 1322 1120 τῆς
1342 1054 1392 1108 τῶν
1418 1049 1552 1121 Ἑλλήνων
1571 1055 1700 1132 ἀκρασίας

7 2081 12 2094 Ι
96 2018 202 2080 παιδιᾶς
217 2014 338 2094 παρῄνει·
354 2013 401 2085 bil.
414 2013 465 2095 πρδ
485 2020 570 2096 φακῆς
581 2017 685 2076 λοπάδα
699 2018 782 2087 αὔξων
797 2020 838 2079 ἀεὶ
853 2023 877 2088 ἐς

95 1124 185 1179 tercii.
203 1121 287 1178 Cuni.
304 1122 406 1196 fragm.
424 1124 493 1200 17.)
923 1132 1057 1209 ἀνάθημα.
1084 1133 1212 1194 AElianus
1235 1135 1300 1198 Ver.
1321 1138 1387 1200 hist.
1416 1140 1467 1199 lib.
1493 1140 1533 1197 IX
1558 1161 1619 1219 cap.
1639 1143 1699 1200 32:

923 1219 1033 1300 Φρύνην
1047 1219 1094 1292 τὴν
1113 1223 1219 1306 ἑταίραν
1235 1227 1260 1282 έν
1276 1227 1385 1306 Δελφοῖς
1400 1226 1547 1300 ἀνέστησαν
1560 1231 1583 1286 ol
1595 1227 1702 1300 Ἕλλη-

922 1330 963 1373 νες
977 1308 1022 1366 ἐπὶ
1040 1308 1121 1376 κίονος
1136 1302 1165 1368 εδ
1179 1310 1251 1386 μάλα
1266 1316 1378 1391 ὑψηλοῦ.
1405 1317 1463 1375 Οὐκ
1485 1318 1541 1394 ἐρῶ.
1560 1318 1587 1374 δὲ
1614 1317 1703 1384 ἁπλῶς

923 1395 982 1464 τοὺς
996 1395 1145 1472 Ἕλληνας,
1174 1403 1208 1466 ὡς
1223 1399 1254 1459 ἀν
1271 1401 1308 1476 μὴ
1332 1402 1435 1473 δοκοίην
1462 1401 1494 1460 δι’
1520 1404 1604 1470 αἰτίας
1630 1404 1702 1482 άγειν

924 1485 1040 1559 πάντας,
1058 1485 1101 1554 circ
1116 1489 1183 1568 φιλῶ
1197 1487 1303 1547 πάντων
1319 1491 1445 1564 μάλιστα·
1462 1493 1520 1549 ἀλλ’
1535 1495 1558 1552 ol
1574 1495 1625 1550 τῶν
1641 1492 1702 1551 Ἑλ-

137 1575 309 1647 (dthenaeus
333 1575 384 1633 lib.
411 1574 460 1648 lv,
477 1597 509 1654 p.
528 1577 584 1636 158
605 1579 637 1638 B.
661 1576 766 1637 Eadem
788 1581 878 1639 rerba
923 1577 1010 1648 λήνων
1027 1578 1224 1658 ἀκρατέστεροι.
1241 1580 1281 1640 Τὸ
1295 1579 1322 1638 δὲ
1336 1581 1445 1658 ἄγαλμα
1462 1589 1576 1661 χρυσοῦν
1591 1575 1648 1661 ἠν.)

95 1663 226 1720 servavit
249 1661 423 1722 Plutarchus
451 1664 495 1722 Dc
520 1665 606 1725 sunit.
634 1666 731 1726 tuend.
762 1688 826 1745 cap.
847 1691 875 1740 7,
962 1686 1000 1726 tu.
1017 1665 1052 1727 Ἡ
1068 1667 1095 1726 δέ
1109 1667 1211 1746 μέτροις
1223 1667 1376 1749 ὡρισμένοις
1388 1671 1536 1750 κατέχουσα
1548 1672 1594 1739 τάς
1606 1674 1701 1745 ἡδονάς

95 1752 155 1811 νοί.
170 1749 224 1808 llll
238 1770 304 1828 pag.
323 1753 380 1808 380
394 1752 440 1812 ed.
459 1752 576 1814 Ilutten.
594 1775 601 1810 ι
618 1754 691 1829 ὁμὲν
706 1746 750 1813 οὗν
769 1756 877 1836 Κράτης
922 1753 1027 1822 εὐταξία
1042 1754 1119 1824 σώζει
1134 1755 1181 1831 μὲν
1203 1755 1302 1827 οἴκους,
1321 1754 1397 1824 σώζει
1411 1758 1438 1816 δὲ
1459 1761 1546 1826 πόλεις
1563 1761 1632 1819 κατὰ
1652 1762 1701 1833 τὴν

95 1837 139 1896 διὰ
153 1837 251 1918 τρυφὴν
266 1838 312 1896 καὶ
326 1839 496 1898 πολυτέλειαν
516 1841 631 1917 οἰόμενος
650 1844 700 1921 οὐχ
714 1842 811 1914 ἥκιστα
825 1843 871 1909 τὰς
923 1842 1061 1921 Κράτητος
1074 1841 1193 1921 γνώμην.

96 1926 200 1995 στάσεις
215 1927 260 1985 καὶ
272 1927 425 2007 τυραννίδας
435 1927 580 2008 ἐμφύεσθαι
592 1932 653 1996 ,ταῖς
666 1931 793 2005 πόλεσιν,
808 1935 875 2008 μετὰ
963 1932 1108 2008 (Stobaeus
1122 1933 1197 1993 Flor.
1212 1933 1247 2006 V,
1261 1935 1297 1992 63
1316 1935 1485 2016 ’ἰαμάλίχοω
1499 1939 1508 2014 l

961 2040 998 2080 to.
1022 2021 1129 2100 Κράτης
1140 2022 1173 2082 ed
1186 2026 1238 2080 τῶν
1253 2023 1383 2081 πλουσίων
1398 2023 1442 2082 καί
1457 2023 1563 2084 ἀσώτιον
1575 2025 1703 2104 χρήματα

96 2103 188 2162 στάσιν
205 2103 279 2180 ἄμμε
297 2101 392 2181 βάλῃς.
409 2103 550 2164 lentibus
570 2106 662 2164 lautas
679 2126 790 2181 omnes,
800 2110 877 2168 sedi·
921 2117 978 2176 ταῖς
993 2110 1035 2167 ἐπὶ
1045 2114 1096 2168 τῶν
1109 2114 1231 2190 κρημνῶν
1244 2120 1335 2177 συκαῖς
1350 2110 1463 2186 εἴκαζεν,
1472 2113 1515 2193 ἀφ’
1525 2105 1561 2171 dv
1572 2115 1704 2194 diriperetur

102 2195 213 2252 tionum
228 2194 392 2269 materiam,
402 2193 595 2271 praeferendas
609 2213 673 2253 esse
682 2195 781 2255 Crates
794 2217 877 2273 nega·
923 2196 1004 2273 μηδέν
1015 2197 1172 2274 λαράάνειν,
1181 2199 1296 2279 κόρακας
1307 2196 1334 2257 δὲ
1344 2200 1390 2258 καὶ
1401 2201 1524 2273 ῖκτίνους,
1532 2199 1621 2280 ὥσπερ
1632 2201 1705 2274 παοδιΙ

94 2282 168 2360 bat.)
923 2283 1022 2343 τούτων
1038 2285 1143 2365 ἑταίρας
1157 2287 1202 2345 καί
1215 2286 1341 2354 κολακας.

134 2388 171 2428 tu·
185 2368 217 2428 Ὁ
237 2367 344 2447 Κράτης
360 2368 530 2446 ἐδημοσίευσε
544 2369 592 2440 τὴν
608 2370 708 2429 οὐσίαν·
724 2360 781 2429 εἶτα
794 2373 831 2436 εἰς
846 2371 876 2429 τὸ
963 2372 1105 2452 (Stobaeus
1117 2376 1219 2437 Floril.
1234 2376 1295 2448 XV,
1313 2375 1372 2454 ιο.)

96 2466 173 2536 σῶμα
190 2460 312 2539 βλαύείς,
324 2461 468 2520 ’ἔσκωπτεν
489 2463 581 2521 ἑαυτὸν
608 2462 654 2533 τὴν
674 2462 816 2541 χωλότητα
830 2468 876 2521 τοῦ
961 2483 998 2524 47.
1021 2463 1113 2534 Ζήνων
1128 2462 1176 2538 μὲν
1190 2462 1239 2543 ἔφη
1256 2465 1385 2541 Κράτητα
1401 2464 1586 2541 ἀναγιιτύσκειν
1602 2467 1628 2524 ἕν
1643 2489 1707 2524 σκυ-

95 2549 205 2616 excito-rc
223 2549 316 2608 καὶτὸ
336 2551 430 2628 κυρτδν
450 2554 502 2608 τῶν
524 2550 614 2626 ὤμων·
637 2550 776 2629 ἐπορεύετο
788 2551 816 2608 δὲ
831 2551 874 2610 ἐπὶ
923 2549 985 2630 τείῳ
1008 2548 1156 2626 καθήμενον
1180 2550 1223 2610 τὸν
1248 2551 1438 2628 Ἀριστοτέλους
1463 2553 1662 2632 προτρεπτικόν,
1678 2553 1706 2612 δν

95 2637 140 2703 τὰς
154 2639 205 2694 τῶν
229 2637 311 2716 φίλοιν
325 2637 426 2711 ἑστίας,
442 2638 571 2709 ἄκλητος,
594 2638 776 2714 κεκλημένος,
802 2640 875 2697 διαλ·
922 2639 1019 2719 ἔγραψε
1033 2639 1097 2719 πρὸς
1117 2637 1261 2715 Θεμίσωνα
1274 2639 1318 2696 τόν
1336 2639 1461 2718 Κυπρίων
1477 2640 1602 2717 βασιλέα,
1620 2643 1702 2720 λέγων

95 2725 199 2784 iucem
215 2723 274 2791 τοὺς
294 2725 469 2791 οἰκειοτάτους
492 2727 627 2798 ἀλλήλοις,
651 2725 738 2785 εἴποτε
757 2724 874 2783 στασιά-
922 2727 961 2784 ότι
973 2726 1057 2784 οὐδενὶ
1069 2726 1152 2785 πλείω
1167 2725 1252 2802 ἀγαθά
1266 2726 1378 2805 ὑπάρχει
1391 2727 1454 2806 πρὸς
1468 2728 1498 2786 τί)
1513 2732 1700 2808 φιλοσοφῆσαι·

96 2816 186 2880 ζοντας
208 2813 334 2872 αἴσθοιτο.
352 2813 487 2888 Ἐπετίμα
500 2813 527 2871 δὲ
542 2817 571 2871 οὗ
587 2813 654 2889 μετὰ
669 2813 785 2894 πικρίας,
807 2813 876 2872 ἀλλὰ
919 2814 1031 2873 πλοῦτόν
1047 2837 1076 2872 τε
1101 2811 1153 2894 γάρ
1173 2817 1295 2873 πλεῖστον
1316 2814 1391 2873 αὐτὸν
1412 2815 1481 2894 ἔχειν
1497 2813 1565 2874 ώστε
1585 2814 1705 2882 δαπανᾶν

97 2901 164 2977 μετὰ
178 2902 293 2981 χάριτος·
307 2904 358 2981 οὐχ
371 2900 415 2959 ἵνα
430 2905 600 2982 συκοφαντεῖν
620 2904 685 2983 δοκῇ
697 2900 756 2969 τοὺς
770 2925 874 2982 σωφρο-
921 2904 957 2969 εἷς
965 2907 1060 2975 ταῦτα,
1071 2901 1108 2961 ἔτι
1120 2903 1146 2964 δὲ
1157 2901 1232 2972 δόξαν
1241 2901 1369 2982 ὑπάρχειν
1382 2905 1464 2983 αὐτῷ.
1475 2903 1707 2984 ’.Δναγινώσκοντος

97 2988 237 3055 καθέντας·
256 2992 366 3070 ώφελεῑν
383 2988 411 3048 δὲ
427 2990 522 3047 ἐθελων
546 2989 639 3056 αὐτούς
653 3014 681 3048 τε
698 2989 807 3055 ἐκείνους
827 2991 873 3049 καὶ
922 2989 949 3049 δὲ
968 2994 1062 3063 αὐτοῦ,
1079 2990 1124 3049 τὸν
1139 2990 1237 3050 σκυτέα
1259 2992 1308 3073 ἔφη
1331 2990 1470 3071 προσέχειν
1494 2990 1551 3067 ἅμα
1575 2991 1707 3067 βάπτοντα

93 3076 151 3144 τοὺς
167 3079 319 3144 ἀκούοντας.
920 3079 965 3137 καί
977 3078 1021 3136 τὸν
1037 3079 1164 3157 Κράτητα
1177 3081 1267 3138 εἰπεῖν·
1284 3079 1357 3156 Ἐγώ
1374 3069 1554 3157 μοι·δοκῶ,ώ
1576 3078 1704 3151 Φιλίσκε,

136 3166 291 3244 (Julianus
304 3168 382 3228 Orat.
399 3166 446 3237 Vl,
461 3187 527 3246 pag.
547 3166 635 3245 τοι.)
923 3165 1033 3248 γράψειν
1059 3166 1122 3247 πρὸς
1145 3166 1174 3225 σὲ
1194 3167 1392 3247 προτρεπτικόν·
1416 3167 1499 3226 πλείω
1518 3167 1569 3247 γάρ
1591 3171 1642 3247 ὁρῶ
1668 3190 1708 3225 σοι

132 3276 168 3315 ιι.
187 3256 295 3336 Κράτης
308 3255 369 3314 ἰδὼν
385 3260 487 3335 χρυσῆν
503 3254 591 3314 εἰκόνα
614 3255 724 3334 Φρύνης
739 3259 786 3327 τῆς
800 3255 873 3314 tmi-

95 3366 140 3420 ρας
153 3347 179 3403 ἐν
204 3345 315 3424 Δελφοῖς
342 3348 480 3414 ἑστῶσαν,
503 3341 645 3423 ἀνέκραγεν
661 3343 701 3402 ὅτι
724 3348 801 3402 τοῦτο
826 3348 873 3414 τῆς

93 3430 226 3502 Ἑλλήνων
241 3431 370 3512 ἀκρασίας
382 3434 509 3510 τρόπαιον
520 3433 639 3504 ἔστηκεν.

133 3518 281 3596 (Stobaens
296 3519 374 3581 hor.
396 3520 446 3592 Vl,
461 3522 499 3595 39
516 3520 638 3600 Κράτης,
650 3534 679 3578 et
699 3520 872 3579 Plutarchus

134 1281 170 1319 ιε.
186 1260 240 1320 Καί
261 1260 405 1340 Κράτηςδ
420 1265 434 1319 δ
451 1259 572 1332 Θηόαῖος
583 1254 664 1339 ἔλεγε·

214 1347 261 1420 Μὴ
276 1351 327 1427 πρὸ
341 1352 426 1429 φακῆς
439 1349 533 1407 λοπάδ’
552 1347 636 1417 αὔξων

174 1440 210 1502 εἷς
224 1435 316 1494 στάσιν
332 1437 404 1513 ἄμμε
422 1437 516 1516 βάλῃς.

923 3254 1076 3401 ύτχάρχοντα
1091 3254 1155 3334 πρὸς
1174 3254 1204 3315 τὸ
1222 3258 1395 3336 φιλοσοφῆσαι
1408 3247 1445 3314 dir
1460 3256 1571 3336 ἔγραψεν
1590 3256 1706 3335 Ἄριστο-

922 3366 949 3401 τε
968 3368 1010 3413 ης.

964 3432 1115 3509 ςειουεευε
1132 3431 1231 3489 nom.
1245 3430 1330 3503 xcv,
1346 3452 1380 3488 21
1404 3435 1432 3489 a
1449 3434 1500 3489 τε..
1513 3429 1629 3501 εφη...
1650 3404 1706 3488 ε..

921 3518 1003 3595 τομή.
1019 3520 1146 3597 llepusui
1158 3519 1268 3597 γράψειν
1281 3518 1345 3597 πρὸς
1360 3517 1388 3575 σὲ
1401 3539 1455 3595 pru
1472 3517 1704 3575 membranarum

89 3684 94 3693 ‘
127 3688 166 3733 lt.
184 3687 308 3734 cratetem
328 3687 410 3733 autem
432 3685 609 3748 philosophum,
625 3686 666 3747 qui
684 3699 767 3736 omncs
783 3686 875 3737 intrans
954 3689 995 3735 45.
1010 3684 1057 3735 Sed
1076 3684 1210 3733 moderatio
1222 3684 1271 3744 iiia,
1292 3697 1347 3745 qum
1359 3682 1431 3731 certis
1443 3682 1552 3731 terminis
1569 3683 1708 3744 voluptutcs

93 3772 180 3820 «lomus
192 3770 323 3820 honorifice
336 3773 363 3821 et
372 3774 482 3822 amanter
491 3771 663 3833 excipiebatur,
675 3773 794 3823 ostiorum
804 3786 875 3835 aper·
925 3771 1114 3831 circumscribit,
1134 3770 1233 3819 familias
1247 3770 1318 3819 slmut
1332 3773 1358 3818 et
1368 3769 1476 3818 civilatcs
1488 3770 1518 3819 de
1531 3768 1633 3819 Cratetis
1648 3782 1704 3817 sen·

94 3868 169 3910 torem
181 3859 309 3909 vocabant.
925 3861 1000 3909 tentio
1014 3860 1151 3908 conservat.

955 3946 1096 3995 lucratus
1115 3943 1216 3993 divitum
1235 3946 1261 3994 et
1280 3943 1434 4006 prodigorum
1452 3943 1575 3992 homiuum
1597 3945 1708 4006 pecunias

925 4032 1037 4092 ficubus,
1050 4046 1105 4094 quae
1126 4032 1152 4081 iu
1166 4032 1302 4095 praecipillis
1319 4034 1461 4093 naseuntur,
1481 4030 1636 4092 comparabat
1653 4049 1660 4079 ι
1677 4030 1707 4080 dc

925 4119 1013 4182 quibus
1028 4120 1138 4169 homiues
1155 4119 1212 4169 nibil
1230 4122 1344 4179 sumunt,
1356 4120 1398 4167 sed
1410 4119 1474 4167 corvi
1490 4122 1514 4166 et
1530 4117 1611 4179 milri,
1626 4131 1707 4180 quem·

884 4258 888 4267 ,
925 4208 1058 4258 admodum
1082 4220 1096 4256 a
1121 4207 1226 4269 prodigis
1254 4207 1392 4256 hominibus
1415 4206 1551 4256 meretrices
1570 4207 1595 4255 et
1614 4206 1708 4264 parasiti

125 3994 164 4038 ir.
176 3990 222 4037 Sed
234 3992 319 4039 crates
332 4002 430 4052 quoque
441 3989 571 4038 Thebanus
583 3989 678 4039 dicebat
692 4003 698 4033 ε

234 4080 270 4127 Ne
285 4081 340 4126 ante
353 4076 441 4125 lentem
453 4076 502 4125 ulla
512 4079 582 4126 aucta

155 4167 185 4213 ad
195 4166 340 4215 seditionem
354 4179 399 4213 nos
413 4165 508 4215 incites.

127 4303 163 4349 ib.
176 4302 259 4350 crates
270 4300 335 4348 bona
345 4306 390 4349 suu
401 4300 553 4362 publicabut3
564 4312 689 4362 quumque
699 4299 801 4350 distorto
812 4302 878 4349 esset
925 4296 1004 4345 multa
1015 4295 1148 4358 accipiunt.
1470 4337 1475 4349 ,

95 4400 207 4449 corpore,
218 4386 295 4435 cruris
308 4386 347 4435 sni
356 4386 559 4435 claudicationem
571 4388 596 4435 et
605 4385 705 4448 gibbum
718 4386 878 4434 humerorum
957 4388 998 4433 47.
1016 4386 1080 4433 Zeno
1094 4384 1129 4433 ait
1138 4386 1259 4434 cratetcm
1270 4383 1294 4432 in
1306 4383 1400 4431 sutrina
1417 4383 1541 4432 sedentem
1559 4381 1643 4442 legisse
1656 4381 1709 4429 hri-

95 4476 268 4537 cavitlabatur3
283 4474 314 4523 ad
334 4474 400 4524 cedes
422 4476 503 4523 autem
524 4475 659 4522 amicorum
678 4473 729 4522 sim
752 4472 880 4521 invocatus
926 4474 1022 4523 stoteIIs
1035 4474 1170 4523 orationem
1184 4472 1332 4534 suasoriam,
1345 4485 1417 4533 quam
1432 4470 1527 4533 scripsit
1539 4470 1568 4518 ad
1581 4469 1707 4519 Themho·

97 4577 140 4612 sen
157 4564 259 4612 vocatus
273 4562 416 4623 accedebat,
437 4562 638 4611 familiarissimos
653 4560 792 4622 ingratiam
805 4560 881 4609 redu·
926 4576 981 4614 nem
997 4564 1141 4625 cypriorum
1155 4576 1248 4625 regem,
1261 4561 1382 4611 neminem
1401 4559 1514 4609 omnibus
1535 4556 1646 4607 rebusad
1660 4556 1710 4619 pm.

96 4664 163 4711 cens,
176 4652 197 4700 si
210 4650 309 4713 quaudo
328 4651 383 4700 ilios
401 4649 519 4700 dissidere
536 4650 600 4700 iuter
612 4662 639 4699 se
656 4648 877 4698 animadvertisset.
927 4650 1104 4711 Iosophandum
1117 4648 1297 4699 instructiorem
1310 4661 1363 4698 esse
1375 4648 1467 4695 dicens.
1479 4649 1539 4695 Nam
1553 4644 1644 4693 divitiis
1655 4656 1710 4693 enm

100 4739 303 4802 Reprehendebat
318 4752 377 4788 vero
397 4752 446 4787 uon
467 4738 582 4801 praviter,
596 4737 637 4787 sed
652 4738 755 4787 venuste
769 4750 777 4779 ε
791 4748 840 4785 uon
852 4736 881 4785 ut
928 4738 1043 4798 allluere,
1056 4738 1089 4787 ita
1102 4740 1130 4787 ul
1142 4739 1237 4787 sumtus
1257 4735 1335 4786 Iacere
1354 4737 1379 4784 iu
1393 4734 1472 4784 studia
1492 4734 1584 4794 possit,
1596 4736 1711 4794 praeterea

97 4827 239 4877 calumniari
254 4829 392 4889 castigatos,
407 4827 449 4875 sed
461 4826 573 4888 prodesse
588 4826 650 4876 veile
664 4827 714 4875 tam
728 4825 796 4888 ipsis,
807 4838 881 4887 quam
927 4828 992 4889 geria
1006 4826 1098 4876 llorere.
1111 4828 1170 4874 Haee
1182 4838 1210 4874 eo
1221 4826 1327 4885 legente,
1338 4825 1444 4872 sutorem
1454 4821 1602 4870 auscultasso
1615 4820 1709 4869 interim

97 4916 199 4975 caeteris,
214 4915 256 4978 qui
267 4914 408 4975 audiebant,
419 4914 550 4965 rideretur.
597 4920 605 4933 ⁹
926 4917 1020 4966 calceos
1033 4914 1177 4963 sarcientem
1191 4926 1198 4961 ι
1214 4914 1267 4961 lum
1284 4914 1404 4961 Cratetem
1416 4909 1503 4958 dixisse
1517 4928 1523 4958 ι
1538 4910 1637 4957 certum
1653 4906 1710 4955 mihi

22 4982 26 4989 ¹
129 5008 168 5053 44.
183 5007 270 5054 crates
288 5004 443 5066 compleatur
459 5016 560 5053 aureum
578 5003 686 5065 Phrynes
702 5001 835 5053 meretricis
846 5002 881 5051 si·
927 4996 1417 5062 est,Philisce,suasoriamorutionemad
1432 4994 1711 5057 rescribere3quuniam

99 5092 233 5141 mulacrum
248 5091 313 5155 quod
334 5092 433 5155 Delprs
451 5092 597 5141 collocutum
617 5093 684 5161 erat,
704 5090 872 5141 exclamavit:
927 5096 951 5141 te
963 5090 1078 5140 omuibus
1099 5087 1214 5138 rebusad
1230 5085 1448 5150 philosophandum
1469 5082 1646 5133 lustrucIIorem
1659 5094 1712 5130 esse

102 5180 149 5230 hoc
167 5183 314 5232 Gracorum
330 5183 526 5232 incontinentia
539 5184 665 5245 tropeum
681 5183 815 5231 statutum
832 5182 879 5230 est.
900 5223 906 5238 ‚
929 5177 1014 5237 rideo,
1028 5188 1101 5237 quam
1113 5174 1251 5225 Aristoteles
1261 5171 1428 5223 Themisonem
1439 5170 1514 5220 luisse
1528 5168 1632 5232 scrtpsit

386 5294 396 5323 χ
1576 5261 1608 5299 22.
