3959 5925
217 432 271 487 tet
349 430 350 437 ’
832 417 1179 479 PYTHAGOREORUM

246 558 392 637 (Stobaeus
405 556 503 631 Eclog.
518 555 571 613 lib.
586 553 614 611 ll
625 572 686 631 cap.
702 575 731 627 7,
748 574 776 633 p.
790 554 826 611 32
841 572 922 629 seqq.
938 552 982 611 ed.
1030 552 1051 586 ⁴¹
1069 542 1122 610 olor
1133 550 1164 609 τὸ
1182 550 1222 618 τίς
1242 550 1337 629 ἀρίστη
1353 552 1506 629 rescripsi3
1522 548 1594 609 libri
1612 540 1664 609 οἷον
1678 551 1708 609 ἐκ
1722 551 1810 621 τοῦτίς

205 648 329 708 Heeren.
351 644 524 703 Universam
539 642 576 701 de
593 640 727 700 moribus
746 641 909 699 doctrinam
929 640 984 699 hoc
1028 638 1134 717 ἀρίστη.
1156 672 1198 686 -
1215 638 1240 674 ⁴²
1254 639 1390 719 ἑξαμέρεια
1406 650 1450 697 est
1472 637 1581 696 divisio
1600 638 1632 695 in
1645 657 1696 697 sex
1710 654 1812 717 partes

205 739 297 813 capite
317 733 519 810 complectitur
536 730 697 808 Didymus,
722 729 981 803 Academicorum,
1027 730 1090 788 sire
1101 729 1190 789 locos.
1200 729 1336 788 Continet
1345 726 1638 808 εοίοιόπροτρεππικὸς
1647 726 1723 805 λόγος
1734 728 1811 789 duos

203 823 460 900 Peripateticorum
486 830 514 877 ot
538 818 704 890 ,Stoicorum
734 816 832 874 habita
859 818 981 873 ratione.
1027 819 1123 889 locos,
1141 817 1186 876 τὸν
1198 820 1376 898 παρορμῶντα
1398 830 1426 875 et
1446 816 1490 875 τὸν
1505 814 1700 893 ἀπιλίγχοντα,
1717 836 1813 893 porro

202 912 298 981 Quum
312 920 406 966 autem
423 926 459 965 ex
478 910 587 964 caeteris
605 905 847 983 philosophorum
864 903 984 962 familiis
1027 904 1236 984 ὁθεραπευτικός
1250 904 1324 962 duos
1337 904 1424 976 item,
1441 902 1485 963 τὸν
1498 901 1693 984 ὑπεξαιρετικολ
1721 918 1750 963 et
1762 904 1808 963 cir

158 1018 161 1023 ·
202 997 360 1075 Epicureos
376 994 560 1071 potissimum
574 1005 603 1051 et
619 992 792 1069 Cyrenaicos
812 991 934 1049 multum
949 990 985 1049 de
1028 992 1167 1065 ἐνθετικόν,
1183 993 1335 1069 denique&
1351 992 1412 1073 περὶ
1422 990 1511 1059 τελους
1529 992 1614 1063 duos,
1624 989 1672 1047 τὸν
1685 992 1745 1071 περὶ
1763 994 1810 1051 εὖ·

204 1086 310 1146 talibus
335 1083 422 1143 rebus
446 1074 613 1160 quaesivisse
635 1093 762 1151 constet,
789 1082 985 1139 existimamus
1028 1080 1163 1156 δαιμονίας
1177 1094 1205 1139 et
1215 1079 1259 1138 τὸν
1275 1080 1335 1159 περὶ
1351 1079 1426 1158 βίων,
1435 1080 1493 1157 ·qui
1507 1082 1561 1143 etsi
1577 1077 1691 1138 duabus
1716 1083 1809 1158 parti·

202 1194 268 1233 eum
284 1173 320 1232 de
338 1173 398 1230 illis
410 1190 527 1248 quoque
546 1170 726 1247 disputasse,
743 1170 793 1227 sed
807 1188 908 1227 eorum
922 1168 984 1246 pla·
1026 1167 1083 1227 bus
1097 1168 1134 1226 de
1157 1170 1219 1227 vita
1246 1182 1307 1227 tum
1332 1170 1447 1247 privata
1461 1182 1522 1227 tum
1545 1167 1664 1247 publica
1684 1183 1812 1241 constat,

203 1263 258 1317 cita
267 1278 284 1316 a
293 1258 408 1316 Stobaeo
423 1258 455 1315 in
466 1256 600 1335 Septimii
611 1256 664 1314 lilii
679 1258 799 1332 gratiam
812 1255 864 1314 has
871 1256 983 1332 quales·
1030 1267 1125 1313 tamen
1139 1258 1349 1334 posteriorem,
1364 1258 1444 1334 quod
1457 1256 1599 1315 latissime
1611 1272 1718 1335 pateat,
1730 1278 1815 1335 sepa·

203 1365 317 1423 cunque
330 1359 460 1403 veterum
474 1345 613 1422 reliquias
628 1345 782 1419 colligente
794 1362 856 1402 esse
869 1356 986 1422 praeter·
1028 1344 1113 1401 ratim
1141 1344 1258 1402 tractari
1286 1343 1392 1402 debere
1413 1342 1573 1402 contendit.
1595 1378 1636 1389 -
1650 1344 1674 1381 ¹³
1698 1346 1810 1407 Eudori

204 1434 302 1493 missa.
325 1432 370 1491 Ad
390 1430 630 1490 Academicorum
651 1432 764 1490 decreta
786 1432 984 1507 cognoscenda
1029 1430 1237 1504 Alexandrini,
1251 1434 1303 1509 qui
1323 1445 1383 1490 tum
1397 1433 1587 1491 Academicus
1603 1433 1658 1491 tuit
1671 1447 1733 1493 tum
1748 1435 1810 1513 1³1-

204 1539 364 1597 eorumque
388 1538 530 1579 summam
552 1520 773 1597 proponendam
801 1520 864 1577 sinc
888 1519 984 1578 dubio
1028 1516 1211 1592 thagoricus.
1234 1537 1280 1577 res
1294 1531 1380 1595 atque
1395 1520 1426 1577 in
1438 1520 1550 1577 litteras
1563 1520 1668 1577 merita
1678 1522 1761 1597 attigi
1775 1522 1813 1581 in·

203 1608 345 1685 Didymus
368 1602 542 1685 Speusippi,
561 1604 732 1663 Xenocratis
755 1618 783 1664 et
804 1606 983 1683 reliquorum
1028 1603 1232 1663 dissertatione
1255 1604 1291 1662 de
1315 1603 1516 1681 Pythagoreis.
1538 1638 1578 1649 -
1605 1604 1630 1638 '⁸
1658 1605 1816 1684 Exposrns·

203 1699 311 1775 scripta
325 1696 397 1753 adiit
406 1715 470 1772 quae
481 1693 664 1771 jampridem
678 1694 895 1754 interciderunt.
912 1696 983 1755 Cum
1028 1694 1118 1751 variis
1131 1696 1178 1764 τῆς
1195 1693 1304 1773 θεωρίας
1315 1692 1391 1752 locis
1407 1694 1512 1750 transit
1527 1692 1564 1751 ad
1576 1711 1610 1751 ea
1625 1698 1720 1769 quast,
1735 1694 1807 1775 ὁρμή

202 1782 256 1843 hac
281 1803 351 1841 vero
374 1782 576 1861 disputationis
597 1794 679 1859 parte
697 1782 896 1840 contendenda
918 1797 984 1842 sunt
1028 1781 1091 1839 sive
1111 1783 1259 1859 ¹appetitus
1276 1771 1582 1859 complectitur.'—⁴⁵
1601 1782 1809 1861 ἀρρωστήματα,

203 1892 268 1949 quae
281 1870 384 1929 Cicero
399 1872 431 1928 in
447 1870 628 1929 Academicis
650 1868 982 1939 Quaestionibusiisdem
1028 1888 1093 1945 quae
1113 1868 1216 1928 Cicero
1235 1868 1322 1928 Tusc.
1345 1868 1395 1941 lv,
1424 1890 1459 1926 ro
1487 1881 1570 1934 vocat,
1592 1872 1813 1946 aegrotationes,

204 1960 240 2017 de
263 1958 350 2017 rebus
367 1958 493 2017 disserit.
519 1958 562 2015 De
583 1957 706 2034 singulis
722 1957 796 2016 locis
820 1978 911 2036 pauca
932 1980 984 2018 no·
1003 1935 1008 2016 l
1028 1958 1174 2034 pertinent
1187 1957 1223 2017 ad
1237 1958 1377 2016 vitiosum
1391 1957 1481 2039 animi
1491 1970 1594 2015 statum
1604 1976 1641 2014 ex
1655 1958 1810 2018 affectuum

204 2046 338 2105 tabimus.
365 2078 405 2090 -
425 2045 433 2079 ⁴
453 2044 482 2105 τὸ
504 2044 637 2125 ὀρεκτικὸν
660 2044 736 2126 μέρος
764 2048 820 2122 legi
849 2049 986 2108 convenit
1027 2046 1152 2124 imperio
1174 2058 1280 2104 ortum.
1296 2045 1368 2114 Quae
1387 2058 1548 2121 sequuntur
1568 2044 1734 2103 Stoicorum
1749 2048 1809 2104 do-

203 2154 267 2192 cum
292 2132 463 2191 melioribus
489 2132 573 2193 codd.
595 2153 649 2209 pro
673 2132 703 2189 τὸ
727 2132 861 2213 ὀρεκτικὸν
890 2134 982 2201 πάθος.
1028 2133 1150 2191 ctrinam
1165 2132 1307 2191 redolent.
1322 2131 1416 2189 Stoici
1429 2132 1508 2189 enim
1530 2131 1614 2189 multi
1628 2144 1711 2189 erant
1722 2133 1755 2190 in
1766 2134 1809 2191 af-

202 2220 273 2279 Nam
286 2239 371 2279 nemo
387 2233 431 2279 est
444 2221 495 2297 qui
510 2222 624 2296 ignoret
637 2220 787 2278 Platonem
805 2233 862 2279 tres
881 2223 984 2280 animae
1029 2219 1153 2278 lectuum
1177 2239 1243 2278 cum
1268 2217 1382 2277 morbis
1402 2219 1634 2299 comparatione,
1659 2232 1691 2277 ut
1709 2238 1746 2278 ex
1771 2221 1810 2279 iis

202 2322 298 2387 partes
322 2326 383 2367 esse
409 2309 556 2381 voluisse,
577 2328 664 2367 unam
687 2312 800 2367 ratione
815 2308 982 2386 praeditam,
1028 2327 1092 2384 quae
1105 2308 1182 2365 infra
1195 2307 1231 2364 de
1245 2326 1347 2365 eorum
1356 2306 1482 2364 decretis
1494 2306 1628 2364 dicentur
1641 2306 1762 2383 patebit.
1773 2342 1813 2352 —

202 2396 232 2453 τὸ
259 2394 360 2472 λογικὸν
385 2395 475 2474 μέρος,
499 2396 624 2454 acduas
645 2396 757 2454 ratione
778 2410 932 2473 vacantes,
953 2395 983 2455 τὸ
1029 2392 1054 2429 ⁴⁴³
1073 2397 1173 2471 Pergit
1194 2395 1320 2473 scriptor
1351 2394 1387 2452 ad
1410 2407 1497 2473 caput
1520 2395 1637 2452 tertium
1658 2394 1718 2472 περὶ
1737 2396 1810 2473 προί-

203 2480 406 2558 ἒπιθυμητικόν,
426 2494 454 2539 et
481 2480 510 2539 τὸ
537 2483 659 2558 θυμικόν,
684 2503 749 2560 quac
770 2483 818 2542 hic
835 2486 984 2543 communi
1027 2482 1099 2558 ξιως,
1121 2484 1205 2561 cujus
1219 2484 1351 2559 singulos
1368 2482 1448 2540 locos
1468 2496 1629 2542 enumerat.
1644 2512 1684 2525 -·
1696 2481 1721 2517 ⁴¹
1743 2485 1814 2542 Post

202 2570 320 2628 nomine
355 2573 400 2628 τοῦ
430 2570 563 2649 ὀρεκτικοῦ
604 2570 901 2649 comprehenduntur.
944 2606 984 2616 -
1027 2572 1199 2647 παθολογικός
1233 2570 1433 2629 desideramus
1469 2571 1645 2629 divisionem
1675 2571 1809 2635 locorum

202 2656 215 2692 ²
230 2658 391 2737 scripserat
411 2658 489 2715 Zeno
510 2671 580 2717 teste
590 2658 675 2734 Diog.
696 2658 792 2718 Laert.
809 2657 862 2719 lib.
880 2658 944 2731 vlt,
965 2669 980 2729 t
1017 2659 1088 2740 ’περὶ
1110 2663 1163 2717 τῶν
1183 2661 1273 2717 αἰτιῶν
1286 2658 1388 2739 strepi
1402 2664 1448 2731 τῆς
1461 2659 1610 2731 ἀσκήσεως,
1625 2661 1695 2737 quia
1709 2660 1811 2738 plures

202 2746 301 2824 plures
320 2746 356 2803 de
370 2747 473 2804 morali
490 2746 674 2825 philosophia
691 2746 794 2823 libros,
810 2747 869 2825 περὶ
885 2750 982 2827 ὁρμῆς,
1027 2752 1178 2827 utriusque
1191 2760 1287 2824 partes
1305 2746 1434 2807 suerunt.
1456 2747 1652 2817 Quamobrem
1673 2747 1809 2807 librario·

201 2833 262 2913 περὶ
286 2836 393 2906 παθῶν,
407 2833 467 2911 περὶ
488 2838 533 2893 τοῦ
556 2833 714 2905 καθήκοντος
730 2850 758 2893 et
776 2836 849 2893 alios
867 2856 903 2893 ex
918 2838 983 2912 qui·
1028 2856 1093 2895 rum
1118 2838 1204 2915 culpa
1236 2836 1284 2894 hic
1311 2836 1444 2913 quaedam
1472 2836 1657 2894 intercidisse
1682 2836 1809 2896 arbitra-

202 2919 256 2979 bus
282 2920 342 2979 hae
377 2922 466 2998 petita
497 2920 644 2981 videntur.
670 2920 742 2967 -³
772 2921 836 2983 vid.
857 2924 981 2985 Aristot.
1027 2944 1105 2988 mur.
1129 2957 1169 2970 -
1190 2922 1214 2958 ¹⁸
1240 2922 1385 2983 Locorum
1412 2923 1463 3002 qui
1487 2922 1524 2982 ad
1555 2923 1648 3003 πρᾶξιν
1674 2938 1808 3004 spectant

202 3006 297 3066 lithic.
312 3007 426 3065 Nicom.
443 3006 496 3067 lib.
509 3005 548 3078 ll,
565 3015 593 3073 l.
610 3007 665 3066 Sed
680 3009 755 3066 harrc
770 3010 862 3087 ipsam
879 3011 982 3069 delini·
1028 3010 1231 3088 repetitionem
1247 3030 1377 3068 mancam
1391 3029 1464 3082 esse,
1479 3011 1673 3088 praecedentia
1693 3013 1809 3074 docent.

202 3095 310 3150 tionem
339 3091 510 3168 conjicimus
534 3097 570 3151 ab
595 3095 750 3153 Aristotele
773 3097 804 3153 in
830 3097 983 3175 deperdito
1010 3095 1114 3156 'Deest
1138 3098 1216 3155 enim
1240 3097 1322 3155 locus
1348 3097 1544 3178 προτρεπτικός.
1575 3097 1699 3178 Insuper
1729 3101 1811 3160 locus

202 3199 290 3257 opere
303 3178 363 3256 περὶ
375 3181 466 3236 παθῶν
475 3179 619 3254 vulgatam
636 3200 707 3240 esse.
724 3180 769 3242 Cf.
786 3182 873 3259 Diog.
885 3183 980 3244 Laert.
1027 3184 1198 3262 παθολογικός
1218 3205 1308 3262 quum
1331 3206 1391 3242 non
1412 3186 1528 3243 differat
1545 3208 1562 3244 a
1581 3192 1809 3268 παραμυθητικῷ,

202 3264 254 3324 lib.
273 3265 308 3337 t,
334 3267 382 3323 23.
405 3299 445 3309 -
465 3264 478 3306 ⁴
500 3265 548 3324 Sic
573 3267 659 3325 etiam
679 3268 825 3344 Diogenes
851 3270 983 3330 Laertius
1027 3273 1119 3350 liquet
1138 3292 1238 3330 vocem
1259 3267 1430 3350 παθολογικόν
1445 3292 1531 3349 quam
1547 3275 1706 3333 lleerenius
1726 3279 1810 3335 uncis

201 3352 255 3414 lib.
270 3352 341 3426 vlt,
356 3354 394 3411 63
413 3375 420 3410 :
436 3351 490 3411 ἔστι
505 3351 532 3411 δὲ
547 3353 609 3411 αὐτὸ
624 3353 742 3422 τὸπάθος
758 3355 827 3414 κατὰ
841 3356 981 3429 Ζήνωναῆ
1027 3359 1154 3436 inclusit,
1164 3359 1210 3417 vel
1224 3357 1373 3416 delendam
1384 3361 1431 3417 vel
1441 3360 1640 3437 reponendum
1650 3361 1743 3433 ossei
1757 3387 1813 3421 πα-

202 3441 295 3520 stop.
306 3441 351 3499 καλ
368 3439 442 3519 παρὰ
452 3440 527 3519 φύσιν
543 3443 629 3521 ψυχῆς
638 3441 753 3517 κίνησις,
764 3442 782 3514 ἢ
793 3443 861 3524 ὁρμὴ
872 3446 981 3504 πλεονά-
1027 3445 1170 3524 θολογικόν,
1191 3445 1249 3503 nisi
1262 3447 1360 3523 potius
1376 3446 1412 3502 ad
1430 3446 1545 3524 plenam
1559 3451 1811 3508 enumerationem

201 3533 293 3598 ζουσα.
307 3563 347 3573 -
359 3529 371 3566 ⁵
385 3529 519 3607 Applicat
539 3550 569 3588 se
581 3531 723 3608 Didymus
738 3533 769 3590 in
788 3534 979 3611 exsequendis
1026 3534 1208 3593 efficiendam
1218 3534 1354 3613 presseras
1362 3535 1589 3612 παραμυθητικόν,
1603 3537 1811 3618 προτρεπτικόν,

202 3616 439 3674 Academicorum
460 3619 540 3676 scitis
556 3620 591 3676 ad
611 3621 685 3678 duos
705 3619 769 3698 ejus
788 3621 980 3702 philosophiae
1027 3621 1086 3701 περὶ
1098 3620 1234 3692 ἀσκήσεως
1243 3621 1301 3680 κτλ.
1312 3619 1386 3666 -⁴⁹
1402 3621 1543 3700 Exposita
1550 3626 1671 3684 moralis
1683 3626 1813 3703 philoso-

202 3705 371 3778 magistros,
398 3703 551 3762 Philonem
578 3704 749 3766 larissaeum
776 3723 805 3766 et
832 3709 980 3769 Eudorunt
1026 3708 1101 3786 phiec
1117 3709 1264 3768 divisione
1287 3711 1390 3767 transit
1404 3723 1506 3768 auctor
1525 3709 1561 3768 ad
1575 3711 1707 3787 singulos
1723 3711 1813 3790 hujus

202 3790 442 3864 Alexandrinum,
454 3794 506 3869 qui
522 3813 605 3852 novae
616 3794 779 3854 Academiae
797 3795 980 3875 philosophis
1028 3794 1287 3875 disciplinaelocos,
1299 3798 1377 3855 itaut
1386 3796 1514 3875 primurn
1523 3796 1622 3854 detine
1632 3812 1810 3875 agat3quam

202 3891 439 3939 annumerantur.
464 3879 531 3938 Fuit
548 3895 642 3940 autem
657 3882 743 3941 Philo
753 3881 912 3942 Larissaeus
926 3885 984 3942 cla·
1027 3905 1088 3944 rem
1114 3884 1290 3943 aveteribus
1305 3884 1490 3963 philosophis
1509 3904 1584 3962 saepe
1607 3899 1809 3962 pertractatam

202 3985 252 4024 rus
270 3967 417 4024 Ciceronis
435 3980 516 4026 aetate
536 3970 586 4045 qui
602 3989 668 4028 eum
687 3969 765 4028 bello
786 3972 984 4032 Mithridatico
1029 3974 1117 4033 fuisse
1130 3994 1167 4031 ex
1180 3973 1332 4032 Ciceronis
1345 3973 1382 4032 de
1393 3973 1515 4032 Finibus
1527 3972 1812 4033 bonorumctmalo-

201 4053 356 4128 profugum
374 4053 472 4112 llomae
493 4055 642 4113 audiverat
653 4057 834 4134 summisque
847 4058 982 4119 laudibus
1028 4082 1093 4119 rum
1106 4060 1192 4119 libris
1210 4061 1402 4137 intelligitur3
1418 4060 1523 4134 deinde
1538 4079 1609 4118 vero
1622 4079 1711 4138 super
1724 4059 1816 4120 bonis.

202 4141 497 4211 effertQuaest.Acad.
507 4142 559 4200 lib.
571 4147 594 4216 l,
604 4143 717 4210 testib.
727 4144 775 4220 IV,
790 4145 983 4212 aperierunt
1029 4163 1057 4207 et
1071 4150 1155 4207 malis
1166 4148 1285 4209 scribat.
1295 4150 1390 4219 Quum
1403 4162 1497 4207 autem
1508 4161 1613 4226 practer
1621 4148 1810 4206 Academico·

123 4254 128 4264 ·
204 4226 267 4305 ejus
280 4228 364 4301 libri,
378 4229 528 4306 inquibus
542 4232 613 4290 duas
628 4251 688 4311 esse
706 4233 877 4292 Academias
892 4255 982 4311 nega·
1028 4257 1093 4296 rum
1116 4238 1222 4316 placita
1235 4238 1359 4296 aliorum
1374 4237 1746 4314 quoquephilosophorum
1761 4237 1811 4294 de·

202 4328 293 4375 verat.
319 4315 385 4374 Vid.
406 4315 509 4375 Cicero
537 4319 557 4378 l.
577 4339 603 4378 c.
626 4353 665 4362 -
685 4314 698 4351 ⁶
717 4319 868 4378 Philonem
889 4321 983 4380 Clito·
1028 4338 1105 4394 creta
1123 4339 1278 4394 memoret,
1295 4326 1444 4401 sequentia
1457 4344 1553 4402 neque
1567 4344 1604 4383 ex
1617 4324 1741 4382 Philone
1756 4344 1809 4382 ne·

203 4404 298 4464 machi
322 4405 482 4464 auditorem
501 4407 590 4466 fuisse
605 4409 753 4466 memoriae
774 4409 875 4485 prodit
896 4410 982 4468 etiam
1030 4431 1087 4487 que
1100 4432 1136 4470 ex
1150 4411 1266 4471 Eudoro
1286 4432 1303 4470 a
1321 4413 1449 4490 Didymo
1462 4426 1556 4471 sumta
1570 4432 1633 4471 esse
1647 4413 1810 4472 statuimus.

203 4492 307 4554 Cicero
326 4494 417 4553 Acad.
438 4495 491 4554 lib.
511 4494 559 4568 tv,
576 4498 605 4555 6.
621 4505 690 4542 -7
713 4499 819 4574 Scripsi
843 4496 984 4576 ἀναλογίας
1003 4526 1006 4536 ·
1027 4498 1167 4558 Caeterum
1181 4501 1268 4559 initio
1287 4502 1375 4559 variae
1389 4501 1471 4559 vocis
1489 4498 1564 4567 τέλος
1582 4499 1812 4576 significationes

149 4635 152 4641 .
203 4581 311 4659 rejecta
329 4583 461 4641 codicum
482 4583 627 4661 scriptura
641 4581 791 4661 ἀναλογίαν.
813 4617 853 4629 -
869 4583 881 4619 ⁸
895 4585 984 4646 Posui
1027 4602 1244 4647 enumerantur.
1258 4616 1299 4634 ·-
1313 4587 1339 4622 ²⁰
1353 4589 1443 4647 Posui
1462 4588 1556 4660 ἀτελής
1576 4611 1614 4654 τις
1624 4611 1634 4663 3
1653 4587 1739 4647 codd.
1763 4589 1811 4644 αιἰ·

203 4667 234 4726 τὸ
247 4669 390 4748 προσάγειν
404 4669 460 4728 ἐστὶ
472 4667 506 4726 cd
518 4669 566 4745 μὲν
582 4669 755 4749 θεραπευτικοί
772 4691 826 4749 pro
841 4672 982 4732 membra·
1026 4675 1142 4747 τοτελής.
1167 4709 1207 4721 -
1231 4675 1253 4710 ²¹
1273 4677 1379 4735 Eadem
1402 4677 1538 4752 leguntur
1561 4674 1638 4754 apud
1659 4675 1809 4733 Pollucem

204 4775 305 4816 narum
326 4757 452 4816 lectione
474 4758 504 4816 rb
518 4757 659 4835 προσάγειν
681 4757 736 4816 ἔστί
758 4757 855 4831 ταύτην
875 4765 921 4819 τοῦ
935 4761 982 4838 μὲν
1028 4760 1067 4835 ll,
1082 4764 1111 4835 3,
1123 4764 1189 4840 qui,
1199 4761 1303 4836 τέλειος,
1316 4763 1423 4840 inquit,
1433 4762 1516 4848 γάμος
1528 4761 1641 4839 ἐλέγετο,
1655 4763 1806 4827 (betelanita

204 4846 402 4922 θεραπευτικοῦ.
419 4844 643 4924 -01tescripsi
663 4844 709 4920 dh,
735 4847 821 4908 codd.
846 4847 899 4906 διὰ.
915 4848 983 4907 Cae-
1027 4849 1091 4929 πρὸς
1104 4849 1148 4908 τὸν·
1164 4850 1219 4929 βίον
1236 4849 1280 4908 τὸν
1291 4851 1434 4931 ἄνθρωπον.
1451 4851 1526 4909 lliuc
1538 4864 1566 4909 et
1577 4849 1694 4927 Jupiter
1705 4848 1810 4921 τέλειος,

202 4943 295 4990 terum
307 4946 373 5010 post
386 4933 556 4992 sororculam
566 4937 613 5005 τῆς
623 4937 708 5014 ψυχῆς
722 4935 836 4995 codices
845 4935 983 4995 exhibent
1027 4927 1059 4996 ut
1072 4939 1238 5017 nuptiarum
1250 4958 1372 5017 praeses,
1395 4936 1512 5018 ετἭρη
1536 4938 1634 4999 τελεία.
1649 4935 1725 4983 -22
1755 4937 1810 4994 Eu·

202 5017 425 5100 ναοίισπροσιίγει
434 5019 509 5098 λόγον
523 5042 587 5099 quae
597 5023 667 5099 quia
678 5042 892 5100 supervacanea
902 5038 984 5083 erant
1027 5027 1116 5103 ripid.
1133 5028 1236 5089 bacch.
1251 5048 1295 5088 rs.
1317 5029 1385 5087 385.
1403 5061 1443 5074 -
1463 5025 1490 5062 ²³
1505 5029 1625 5087 llomer.
1641 5027 1729 5087 lliad.
1754 5023 1809 5085 lib.

204 5124 284 5163 ame
302 5107 410 5194 omissa
434 5121 512 5168 suut.
534 5141 573 5155 —
597 5109 622 5144 ⁴⁰
650 5110 883 5171 Membranarum
909 5113 981 5171 scri·
1026 5114 1063 5188 X,
1090 5124 1159 5189 47⁰·
1185 5148 1225 5161 -
1244 5113 1270 5156 ²⁴
1291 5114 1336 5174 Cf.
1363 5115 1481 5194 Lipsius
1504 5114 1624 5175 hlanud.
1649 5115 1740 5188 Stoic.
1767 5111 1815 5185 lt,

203 5208 316 5273 pturam
333 5193 500 5274 s'p'dvxullr’
513 5194 540 5254 ὃν
550 5198 656 5256 mutavi
669 5199 701 5257 in
711 5197 750 5278 ἐρ’
761 5190 797 5257 ὧν
809 5199 854 5258 καὶ
865 5201 897 5258 δι’
909 5200 981 5261 dc-
1030 5204 1077 5263 13.
1091 5237 1132 5249 -
1147 5203 1172 5240 ²⁵
1187 5203 1301 5281 Scripsi
1324 5202 1374 5261 ὑπὸ
1390 5203 1544 5282 Κράτητος,
1568 5201 1653 5263 codd.
1670 5204 1816 5282 Κρατῖνος,
