3959 5925
727 440 963 500 FRAGMENTA
986 439 1116 498 vstitu.
1682 454 1718 503 07

136 576 279 657 ἐνεργείας,
294 566 329 635 ῶν
353 574 420 633 κατθι
441 572 489 645 τὴν
511 572 634 651 πρόνοιαν
653 575 698 641 τῆς
717 570 843 651 σωτηρίας
858 573 903 643 τὴν

138 666 223 742 εἰργὴν
236 664 368 741 γίγνεσθαι
383 666 429 732 τῆς
442 664 539 739 ὸρμῆς,
551 660 596 717 καί
614 664 658 717 τοῦ
680 659 845 735 καθήκοντος,
859 659 904 716 καὶ

137 733 298 831 τῆςάρετῆς.
344 749 374 808 El
388 751 434 823 μὲν
447 748 496 823 γδιρ
511 746 570 825 περλ
585 743 630 812 τάς
641 750 691 804 τῶν
707 744 848 824 εἰρημένων
867 748 905 802 αἱ·

140 841 222 915 ρέσεις
239 839 282 897 καὶ
296 836 377 917 φυγάς
393 832 508 911 μηδεμία
530 832 663 892 σννέύαινε
676 832 763 903 πλάνη
775 832 905 904 καθάπαξ,

140 923 209 983 άλλδι
222 929 273 982 τῶν
288 924 335 998 μὲν
349 924 453 999 ἀγαθῶν
468 919 605 991 ἐπήύολοι,
621 924 672 978 τῶν
682 919 708 978 δὲ
721 923 807 977 κακῶν
829 918 904 992 άμοι-

129 1008 178 1090 ⁴pos
195 1014 356 1087 διετελοῦμεν
375 1009 456 1079 ὄντες,
474 1008 589 1067 οὐδέποτ’
604 1007 635 1065 δν
656 1007 701 1079 τὴν
716 1006 791 1085 ὀρθήν
806 1008 850 1063 καὶ
869 1007 901 1065 ά-

137 1122 263 1159 πταιστον
275 1100 302 1157 ἐν
314 1096 411 1163 τούτοις
423 1094 616 1169 ἐπεζητήσαμεν
628 1096 747 1171 ἐκλογήν,
784 1094 861 1155 Ἐπεὶ
878 1095 904 1151 δὲ

137 1186 263 1252 πολλάκις
277 1186 310 1244 δι’
321 1184 423 1262 άγνοιαν
438 1184 496 1261 περὶ
508 1183 555 1249 τδις
566 1183 674 1261 αἱρέσεις
685 1182 728 1239 καὶ
741 1180 821 1261 φυγάς
836 1184 905 1240 άπα-

138 1274 245 1349 τώμτθα
256 1320 264 1347 ,
275 1272 318 1331 καί
332 1270 364 1329 τὸι
380 1270 425 1345 μὲν
441 1269 526 1347 ipati
542 1270 770 1349 παραπέμπομεν,
789 1276 841 1335 τοῖς
854 1292 904 1327 κα-

135 1371 192 1427 κοῖς
205 1363 227 1420 δ’
241 1364 276 1423 ὡς
296 1362 400 1436 ἀγαθοῖς
418 1358 620 1435 ἐντυγχάνομεν,
633 1356 781 1434 ἀναγκαίως
794 1355 841 1427 τήν
860 1362 905 1427 τῆς

136 1449 290 1527 ἐπικρίσεως
317 1444 422 1527 βέύαιον
448 1444 545 1515 εἴδησιν
571 1443 786 1517 ἐπεζητήσαμεν,
808 1444 839 1516 ἢν
861 1444 905 1502 καὶ

137 1536 251 1615 συνῳδὸν
276 1535 407 1615 εὑρόμενοι
428 1536 460 1608 τῇ
483 1531 575 1612 φύσει,
592 1532 635 1589 διὸ
654 1531 684 1589 τὸ
707 1536 753 1602 τῆς
777 1530 905 1609 ἐνεργείας

137 1622 349 1703 μεγαλοπρεπές,
377 1618 469 1699 ἀρετὴν
494 1616 753 1697 προσηγορεύσαμεν,
779 1614 824 1675 καλ
859 1614 906 1690 μό·

136 1734 183 1781 νην
203 1709 255 1780 ²²⁰,
272 1713 307 1777 ὡς
321 1709 515 1781 θαυμάσαντες,
527 1704 720 1779 ἐπετιμήσαμεν
733 1704 783 1781 πρὸ
791 1706 842 1759 τῶν
857 1704 904 1761 άλ·

950 569 1042 639 λευτήν
1063 571 1222 645 εὐδαιμονεῖν
1245 566 1278 625 τά
1296 567 1387 641 τέκνα,
1409 568 1454 626 καὶ
1472 571 1558 637 καλῶς
1578 570 1717 648 ἐπανάγειν

950 658 1047 733 μᾶλλον
1066 656 1083 728 ἢ
1105 654 1263 714 τούναντίον.
1305 654 1368 713 Ἀπὸ
1386 655 1481 725 ταύτης
1504 661 1564 732 γοῦν
1577 661 1625 726 τῆς
1642 659 1718 735 φιλο-

950 745 1068 823 στοργίας
1076 742 1120 801 καί
1134 744 1388 813 διαθήκαςτελευτᾶν
1394 741 1535 816 μέλλοντας
1547 745 1716 818 διατίθεσθαι,

949 832 995 891 καί
1016 836 1066 889 τῶν
1088 831 1125 890 ἐτι
1148 830 1359 909 κυοφορουμένων
1385 829 1539 909 φροντίζειν,
1568 833 1718 908 ἐπιτρόπους

950 919 1125 986 ἀπολιπόντας
1138 918 1182 977 καὶ
1192 918 1345 994 κηδεμόνας,
1360 917 1405 976 καὶ
1418 925 1471 983 τοῖς
1483 917 1615 996 φιλτάτοις
1630 942 1717 997 παρα-

950 1005 1114 1082 τιθεμένους,
1130 1004 1174 1062 καλ
1183 1006 1401 1084 παρακαλοῦντας
1415 1005 1558 1083 ἐπικουρεῖν
1571 1006 1664 1075 αὐτοῖς,
1674 1006 1719 1063 καί

950 1116 1021 1157 τινας
1033 1093 1080 1164 μὲν
1095 1091 1286 1162 ἀποθνήσκουσι
1306 1100 1359 1157 τοῖς
1372 1092 1470 1157 τέκνοις
1486 1093 1718 1162 συναποθνήσκειν.

948 1183 1008 1238 Τῶν
1023 1178 1050 1236 δὲ
1066 1178 1163 1236 τέκνων
1177 1178 1255 1245 οὕτως
1266 1180 1454 1256 ’ἀγαπωμένων
1472 1181 1541 1236 κατὰ
1554 1178 1585 1237 τὸ
1599 1179 1721 1257 αύθαίρε-

949 1290 1002 1337 τον,
1014 1268 1153 1342 ἀναγκαῖον
1167 1270 1211 1326 καὶ
1223 1267 1281 1333 τοὸς
1295 1268 1394 1346 γονεῖς,
1406 1266 1451 1324 καί
1462 1265 1520 1333 τοθς
1532 1267 1665 1347 ἀδελφούς,
1675 1269 1720 1324 καὶ

949 1354 996 1426 τήν
1011 1360 1055 1411 τοῦ
1068 1355 1159 1433 λέχους
1173 1353 1304 1428 κοινωνόν,
1315 1353 1359 1410 καὶ
1370 1351 1429 1419 τοὺς
1444 1360 1586 1431 συγγενεῖς,
1603 1353 1649 1411 καί
1662 1352 1720 1419 τοὺς

950 1441 1041 1505 ἄλλους
1055 1434 1162 1505 οἰκείους
1176 1440 1220 1497 καλ
1234 1438 1351 1510 πολίτας,
1362 1442 1395 1504 ώς
1405 1440 1438 1496 δι’
1455 1439 1546 1504 αύτούς
1555 1439 1641 1519 φιλίας
1655 1462 1719 1515 τυγ-

952 1527 1051 1605 χάνειν·
1074 1526 1143 1605 ἔχειν
1164 1526 1214 1605 γδιρ
1233 1530 1263 1583 ἐκ
1283 1527 1383 1605 φύσεως
1398 1532 1467 1600 ἡμᾶς
1480 1526 1524 1586 καὶ
1540 1527 1604 1606 πρὸς
1617 1526 1721 1592 τούτους

951 1615 1023 1681 τινάς
1037 1614 1204 1686 οἰκειότητας·
1219 1614 1377 1695 φιλάλληλον
1390 1614 1441 1692 γάρ
1451 1602 1522 1671 εἶναι
1542 1616 1587 1672 καὶ
1605 1637 1720 1672 κοινωνι-

949 1702 994 1760 κὸν
1009 1707 1073 1781 ζῷον
1086 1701 1289 1781 τὸνάνθρωπον.
1337 1704 1368 1760 Et
1381 1700 1408 1759 δὲ
1426 1706 1479 1759 τῶν
1499 1705 1590 1783 φιλιῶν
1605 1701 1652 1767 τθις
1672 1700 1719 1776 μὲν

138 1800 191 1855 λων
208 1798 341 1857 ἁπάντων.
357 1793 412 1858 Τάς
426 1792 478 1870 γάρ
489 1791 594 1869 πράξεις
609 1790 661 1849 άπό
672 1814 700 1848 τε
712 1794 758 1860 τῆς
770 1795 822 1848 τῶν
836 1788 905 1848 κατά
934 1778 1016 1854 ,εἶναι
1039 1789 1127 1869 πόρρω
1142 1787 1311 1862 συμύέύηκε,
1328 1786 1374 1852 τὸς
1387 1786 1418 1845 δέ
1432 1796 1568 1866 προσεχεῖς
1582 1792 1655 1861 ἡμῖν,
1677 1788 1720 1844 οὗ·

138 1884 213 1962 φύσιν
229 1884 336 1960 ἐκλογῆς
349 1880 394 1939 καί
408 1880 554 1955 άπεκλογῆς
567 1883 618 1937 τῶν
632 1877 704 1957 παρά
714 1878 788 1956 φύσιν
800 1876 845 1942 τδις
859 1878 905 1953 ιἰρ·
950 1880 990 1937 θὲν
1005 1876 1068 1956 πρὸς
1083 1876 1153 1942 ἔπος·
1168 1885 1256 1933 πᾶσαν
1267 1873 1317 1952 γάρ
1330 1875 1362 1931 δι’
1373 1874 1454 1944 αύτὴν
1466 1873 1570 1951 αἱρετήν
1583 1875 1718 1950 ὑπάρχειν,

138 1972 189 2050 χὸς
203 1972 272 2050 ἔγειν
298 1968 463 2038 σναὸέύηκε,
479 1967 524 2024 καὶ
541 1964 574 2024 τὸ
596 1965 723 2043 λεγόμενα
747 1966 903 2035 καθήκοντα·
949 1966 993 2023 καὶ
1009 1964 1046 2038 μή
1063 1964 1141 2038 μόνον
1155 1961 1198 2020 διδ
1211 1960 1310 2040 χρείας.
1363 1964 1396 2020 Ei
1412 1959 1439 2019 δὲ
1461 1962 1524 2037 πρὸς
1538 1961 1596 2025 τοὺς
1611 1961 1719 2024 πολίτας
1772 2006 1778 2017 .

139 2062 171 2116 δι’
186 2058 200 2117 ὸ
224 2039 268 2116 καὶ
291 2058 337 2121 τάς
360 2079 387 2113 τε
408 2052 580 2133 κατορθώσεις
599 2054 645 2111 καὶ
669 2052 714 2119 τδις
729 2051 858 2129 ἁμαρτίας
879 2055 904 2109 ἐν
950 2054 1037 2133 φιλίαν
1048 2052 1080 2109 δι’
1094 2050 1173 2120 αὑτὴν
1185 2049 1300 2127 αἱρετήν,
1311 2052 1450 2128 ἀναγκαῖον
1462 2039 1529 2107 εἶναι
1541 2049 1585 2106 καλ
1599 2048 1645 2118 τήν
1657 2049 1720 2126 πρὸς

137 2146 234 2211 τούτοις
249 2144 293 2202 καὶ
311 2143 370 2227 περὶ
385 2148 466 2201 ταῦτα
482 2142 623 2221 γίγνεσθαι.
666 2140 766 2220 Σχεδὸν
786 2140 836 2215 γάρ
858 2139 905 2211 τήν
948 2144 1076 2211 ὁμοεθνεῖς
1095 2136 1315 2216 καὶγὸμοφύλους,
1331 2134 1400 2195 ὥστε
1415 2136 1461 2217 καὶ
1476 2136 1522 2208 τήν
1543 2135 1606 2213 πρὸς
1619 2136 1719 2201 πάντας

93 2282 106 2303 ,
137 2232 201 2304 ὸλην
222 2238 268 2299 τῆς
299 2229 421 2309 αἱρέσεως
445 2227 597 2308 ύπογραφήν
619 2227 672 2285 άπὸ
697 2225 793 2284 τούτων
813 2230 904 2303 ὡρμῆ·
949 2228 1105 2306 ἀνθρώπους.
1150 2226 1203 2285 Καὶ
1217 2224 1267 2302 γὰρ
1279 2224 1309 2294 δή
1322 2225 1422 2290 πάντας
1432 2224 1490 2291 τούς
1499 2222 1627 2292 σώζοντας
1638 2223 1718 2288 οὕτως

139 2318 252 2391 conen,
266 2320 382 2397 καθάπερ
391 2315 510 2383 ἐπιδείξω
523 2316 564 2373 id
582 2314 761 2394 βραχυτάτων.
781 2312 843 2373 Ὀτι
854 2313 905 2392 γάρ
949 2316 1018 2395 ἔχειν
1032 2316 1096 2395 πρὸς
1110 2317 1167 2381 τούς
1178 2313 1298 2387 πλησίον,
1312 2309 1378 2369 ὥστε
1391 2312 1428 2388 μὴ
1438 2312 1505 2372 κατθ
1519 2314 1633 2392 χρήσεις,
1650 2311 1718 2369 ἀλλά

139 2410 167 2464 οὸ
182 2406 256 2483 μόνον
272 2406 363 2484 αἱρετδι
384 2403 417 2461 τὸ
437 2404 516 2463 τέκνα
536 2412 588 2469 τοῖς
609 2401 768 2480 γειναμένοις
791 2402 847 2458 ἐστὶ
862 2401 904 2457 διὸ
951 2404 1019 2461 κατά
1040 2404 1069 2460 τὸ
1093 2403 1268 2479 διαυθαίρετον
1282 2399 1316 2457 τὸι
1330 2402 1440 2458 πλεῖστα
1464 2402 1537 2477 δρᾶν.
1579 2399 1646 2458 Τίνα
1665 2398 1716 2477 γδιρ

138 2492 184 2558 τὰς
206 2491 311 2571 χρείας,
333 2490 401 2550 ἀλλὰ
421 2489 466 2549 καί
486 2492 517 2547 δι’
532 2490 627 2561 ἑαυτά,
650 2488 778 2566 γνώριμον
804 2488 833 2544 ἔκ
860 2490 905 2557 τῆς
951 2513 998 2548 ουκ
1021 2513 1052 2545 αν
1077 2488 1206 2555 εξελεσθαι
1222 2486 1383 2559 θεασάμενον
1407 2487 1541 2565 ἄνθρωπον
1557 2487 1607 2543 ύπὸ
1628 2486 1717 2560 θηρίου

140 2578 277 2658 ἐνεργείας.
298 2578 401 2639 Οὐδένα
415 2582 476 2656 γοῦν
490 2576 569 2643 ούτως
581 2576 651 2655 ὠμὸν
663 2568 782 2635 εἶναικαὶ
792 2574 905 2653 θηριώδη
951 2574 1246 2649 καταδυναστευόμενον,
1262 2578 1284 2632 ei
1306 2576 1424 2643 δύναιτο,
1439 2576 1497 2631 τίνα
1512 2576 1534 2631 δ’
1549 2576 1595 2631 οὐκ
1613 2572 1644 2630 διν
1659 2577 1717 2632 ctio

139 2666 187 2736 τὴν
202 2666 286 2745 φύσιν,
307 2664 334 2730 ὸς
350 2666 397 2723 οὐκ
412 2662 443 2721 θν
463 2666 604 2731 σπουδάζοι
619 2662 687 2737 μετὰ
697 2660 744 2732 τὴν
759 2662 849 2719 ἑαυτοῦ
863 2683 905 2718 τε·
950 2662 1114 2741 πλανωμένῳ
1128 2660 1266 2737 μηνύσειν;
1281 2663 1340 2717 τίνα
1352 2662 1375 2719 δ’
1395 2662 1441 2719 οὒκ
1459 2659 1489 2717 ὸν
1504 2659 1656 2734 ἐπαρκέσειν
1671 2664 1714 2718 ὑπ’

138 2855 224 2902 natura
237 2852 297 2901 ditos
311 2854 440 2902 benevoins
455 2854 530 2901 tactus
547 2855 585 2901 est
603 2855 676 2915 atquc
690 2852 751 2900 Ιιοιιο
767 2853 799 2900 ob
810 2864 906 2900 caissnrn
927 2853 931 2941 γ
952 2853 1089 2915 perentibus
1101 2866 1149 2901 non
1162 2852 1255 2910 sotum,
1270 2850 1307 2901 sui
1318 2850 1437 2899 commodi
1447 2862 1532 2909 causa,
1542 2848 1585 2898 scd
1595 2849 1668 2897 etiem
1679 2861 1720 2910 per

137 2940 249 2990 decenter
266 2940 291 2989 in
308 2940 336 2989 iis
350 2952 404 3002 quaa
422 2939 553 2990 secundum
571 2943 678 2988 naturam
695 2945 751 2988 eunt
766 2939 906 3000 acquiescit,
951 2938 1376 3002 sesecnpetendoseuesingutorum
1388 2936 1614 2987 actionesinutcant.
1627 2936 1720 2997 Quippe

136 3025 384 3089 contraringmrstur,
402 3031 510 3090 itemque
522 3040 631 3088 magnam
641 3039 722 3075 corum
737 3026 760 3074 in
774 3027 907 3076 valetudiue
952 3028 1070 3077 neminem
1084 3029 1145 3078 adon
1158 3027 1291 3076 immitibus
1310 3030 1335 3076 ct
1352 3027 1407 3074 ioris
1427 3025 1535 3074 moribus
1549 3037 1614 3084 εεεε,
1629 3026 1656 3072 ut
1672 3037 1721 3072 non

137 3115 228 3164 tuenda
237 3116 332 3164 sdtiibet
342 3129 369 3163 ac
384 3116 511 3176 votupntu
528 3114 682 3175 cupiditatem
702 3115 773 3164 trahet
789 3115 908 3176 simulque
951 3121 1004 3177 post
1013 3120 1114 3164 mortem
1129 3114 1214 3164 liberos
1228 3127 1284 3162 snos
1299 3113 1409 3163 ieiicitate
1419 3111 1501 3161 dorers
1515 3111 1625 3168 studeat,
1636 3123 1665 3157 ac
1677 3124 1721 3172 pu·

138 3203 212 3251 ritum
230 3202 330 3252 retinere
350 3203 449 3263 taboret,
468 3203 564 3264 oriundo
580 3203 632 3250 ttoec
652 3202 781 3254 secundum
799 3207 907 3250 usturam
952 3205 999 3254 tius
1011 3205 1080 3254 besto
1092 3205 1171 3254 virere
1182 3219 1254 3267 quam
1263 3217 1340 3254 secus.
1374 3207 1589 3254 itoccsrtosmore
1604 3201 1722 3262 impuisos

137 3291 185 3338 sint
197 3293 222 3338 et
233 3303 275 3350 per
288 3302 315 3338 ue
323 3289 451 3350 expetendo
468 3295 492 3337 et
501 3289 569 3337 boun.
599 3289 709 3337 Morbum
728 3292 826 3349 contra,
841 3287 906 3336 doto·
951 3299 974 3341 et
990 3294 1130 3342 testamenta
1143 3293 1220 3344 tacere
1229 3293 1335 3341 homines
1347 3293 1485 3340 imminente
1498 3298 1590 3352 morte,
1604 3297 1720 3345 eteorum

100 3415 104 3424 .
138 3389 188 3424 rem
204 3381 228 3424 et
240 3377 363 3425 interitum
379 3377 453 3424 nitore
464 3388 492 3424 nc
505 3376 623 3424 destinare
635 3377 696 3435 suit,
715 3375 779 3437 quod
788 3388 817 3424 ca
826 3380 907 3424 contro
951 3379 992 3441 qni
1009 3380 1114 3428 noudum
1129 3380 1179 3429 nati
1189 3385 1245 3428 suut
1255 3360 1432 3440 circumegere,
1442 3381 1721 3430 tutoribusetcumtori·

139 3467 340 3526 naturarumque
367 3462 779 3524 idcircoiugiendsntmctssint.
821 3467 907 3513 carum
953 3466 999 3514 bus
1015 3467 1192 3517 carissimorum
1204 3466 1301 3515 orbitati
1319 3466 1468 3514 iustitutiset
1482 3467 1569 3516 relictis
1586 3471 1657 3528 etque
1670 3468 1720 3514 iiio·

136 3551 201 3598 einim
218 3550 285 3600 nobis
307 3563 358 3600 csse
375 3563 476 3612 corpus,
496 3563 577 3598 esrum
595 3550 715 3610 animum,
732 3563 798 3599 cures
812 3563 908 3612 quoquc
953 3567 1006 3601 rum
1020 3554 1126 3602 infantie
1141 3552 1378 3613 adjutoribusdstis3
1397 3553 1455 3614 quin
1471 3553 1548 3600 etism
1558 3553 1655 3610 reperiri
1674 3553 1716 3614 qui

138 3638 261 3700 utrimque
278 3643 372 3700 partes,
392 3644 424 3704 ct·
437 3638 562 3688 siccitates
585 3644 609 3688 et
628 3639 776 3699 functionem
798 3639 831 3688 ito
852 3652 908 3688 nero
953 3639 1032 3688 titteris
1041 3640 1195 3688 morientibus
1208 3639 1432 3688 sociosseaddant.
1465 3641 1636 3695 Qiutnmeutcm
1650 3639 1717 3687 tiberi

105 3765 111 3774 .
138 3729 224 3772 natura
239 3722 481 3788 comparatumesss,
495 3729 523 3774 ut
538 3737 566 3773 εκ
584 3725 908 3786 tiorumsniutisoursprin·
952 3725 984 3774 sic
1005 3730 1032 3774 ut
1053 3739 1132 3786 perse
1153 3725 1278 3786 expetendi
1298 3731 1416 3786 amentur,
1440 3738 1538 3774 nocoesc
1561 3730 1596 3774 est
1613 3731 1721 3787 perentos

137 3809 227 3870 cipium
239 3812 371 3872 appetitus,
389 3810 460 3860 oidcii
472 3812 497 3859 et
508 3811 600 3860 virtutis
618 3814 737 3859 nascatur.
779 3810 873 3858 Etenim
888 3810 908 3858 si
952 3827 1062 3875 quoque,
1075 3813 1168 3870 iratres,
1183 3813 1228 3860 tori
1246 3815 1389 3871 consortem,
1405 3814 1515 3872 cognatos
1528 3812 1670 3873 acreiiuuos
1685 3814 1719 3862 ia·

138 3897 206 3945 ιιιιΙΙο
221 3911 316 3958 prorsus
326 3911 406 3947 erroro
420 3897 446 3946 in
458 3898 530 3946 rebus
543 3898 573 3946 de
584 3897 671 3958 quibus
682 3897 787 3946 diximus
795 3899 909 3957 expeten-
952 3902 1055 3950 mitiores
1066 3902 1092 3949 ei
1102 3900 1166 3948 ciues
1174 3901 1289 3960 mquam
1299 3901 1393 3960 propter
1404 3897 1541 3958 ipsosditigi
1552 3911 1567 3945 s
1578 3899 1654 3958 nubis,
1663 3916 1723 3962 quo·

65 3997 68 4004 ·
138 3982 178 4030 siis
191 3983 228 4031 νεΙ
240 3983 355 4044 fugiendis
364 3983 514 4043 duceremur,
524 3997 608 4032 verum
620 3987 644 4032 et
656 3984 772 4032 bonorum
783 3983 909 4045 participes
953 3989 1017 4036 nisrn
1031 4000 1085 4036 oum
1099 3987 1136 4034 tiis
1149 3985 1221 4036 etiam
1235 3984 1336 4033 naturali
1354 3984 1456 4045 qisadsm
1476 3986 1588 4034 societate
1601 3988 1723 4047 coniuncti

136 4071 165 4116 et
178 4071 293 4118 mutorum
306 4076 415 4132 expertes
430 4074 658 4134 perpetuo-essemus
671 4085 678 4118 :
693 4083 816 4132 uunquam
835 4070 907 4118 initis
953 4078 1028 4125 simus
1038 4092 1044 4124 :
1054 4088 1105 4124 esse
1116 4075 1178 4123 enim
1188 4072 1309 4122 homiuem
1318 4071 1405 4120 nuimai
1414 4078 1498 4120 mutuo
1508 4073 1722 4124 amuroinoonmm

140 4163 231 4208 rectam
244 4158 367 4220 etiustnm
378 4159 517 4208 eiectionem
529 4159 722 4208 desideraremus.
735 4161 816 4216 Quum
827 4163 908 4207 nutem
953 4161 1015 4210 etad
1026 4160 1233 4221 congregationem
1245 4158 1489 4220 communitatemque
1501 4162 1592 4207 natum.
1636 4165 1725 4217 Quam-

138 4259 204 4306 snpc
218 4259 259 4308 per
271 4247 427 4306 ignorantium
442 4247 466 4294 in
479 4247 617 4308 expetendis
638 4251 662 4294 et
676 4245 792 4306 fugiendis
803 4246 907 4307 decipia-
954 4249 990 4297 uis
1001 4250 1064 4297 euim
1074 4248 1244 4296 tamitinritntes
1256 4253 1349 4295 nostres
1359 4245 1416 4294 alias
1426 4246 1660 4308 aiiisconjunctiures
1671 4260 1723 4296 esse

139 4347 203 4390 mur,
217 4335 242 4383 ei
254 4335 316 4383 bona
328 4336 553 4395 pretermittamus,
568 4334 632 4381 moia
645 4347 702 4382 vero
715 4347 757 4395 pro
769 4333 838 4382 bonis
850 4334 910 4382 acci·
953 4336 1090 4394 conveniet,
1104 4336 1162 4384 nihii
1173 4338 1252 4383 tamen
1265 4334 1310 4381 Ιιοο
1321 4334 1351 4381 ad
1364 4346 1430 4381 rem:
1443 4347 1517 4394 quum
1530 4335 1608 4382 omnis
1618 4334 1722 4382 amicitia

139 4421 251 4481 pisinus,
266 4422 398 4470 nccesesrin
409 4421 557 4481 intelligentis
565 4421 647 4482 judicii
658 4421 816 4469 constantiam
827 4420 907 4481 requi·
954 4439 994 4484 per
1005 4437 1031 4472 se
1040 4423 1072 4470 sit
1081 4422 1280 4486 expetendo,non
1291 4423 1384 4470 tontum
1397 4425 1492 4482 propter
1499 4434 1578 4471 usum.
1593 4423 1723 4471 sinautem

65 4571 69 4578 Ι
138 4507 328 4570 sinimus,qunm
339 4508 408 4556 etism
421 4509 510 4556 natusne
522 4508 701 4555 convenientem
710 4505 782 4566 nocti,
794 4506 908 4554 virtutem
953 4521 1008 4556 oum
1020 4509 1113 4557 cirinus
1128 4508 1232 4556 amicitia
1246 4520 1289 4568 per
1305 4519 1356 4556 sese
1370 4508 1502 4570 expetenda
1516 4509 1562 4568 sit,
1584 4511 1723 4557 necessario

141 4598 239 4654 propter
258 4593 387 4642 iunctionis
408 4595 554 4652 maiestatem
576 4593 763 4650 nominavimus,
784 4604 813 4640 oo
833 4592 908 4640 soiam
953 4597 1088 4643 etiamnum
1096 4594 1597 4657 poputsrinusetgennttoustdeoquecnm
1610 4597 1723 4644 omuibus

140 4679 210 4740 qussi
229 4678 386 4728 sdmirntionc
406 4680 467 4741 capti
483 4691 532 4740 prm
546 4679 638 4726 unieris
653 4678 765 4726 omnibus
783 4676 909 4726 celebravi·
955 4680 1091 4729 dominibus
1104 4681 1234 4728 amicitiam
1251 4692 1356 4740 esseper
1371 4693 1397 4727 sc
1415 4681 1583 4741 expetendam.
1630 4684 1722 4731 Etenim

137 4779 201 4814 ruins.
233 4769 341 4828 Namque
355 4765 485 4826 contingit,
499 4767 525 4814 ut
539 4768 563 4814 et
578 4759 683 4814 notiones
694 4770 718 4813 et
727 4777 782 4826 quae
795 4764 910 4813 dicuntur
953 4768 1091 4829 omnesqui
1105 4768 1157 4815 otiis
1169 4768 1268 4828 prosunt
1279 4766 1312 4814 ita
1326 4769 1382 4815 sunt
1395 4779 1451 4826 erge
1462 4779 1503 4814 eos
1515 4768 1622 4828 animati,
1636 4772 1662 4817 ut
1674 4783 1722 4819 nou

137 4855 220 4904 otdcis
230 4859 280 4903 tum
292 4869 321 4904 ex
333 4854 449 4903 eiectionc
458 4866 536 4902 rerum
549 4855 641 4901 naturas
651 4851 843 4913 conjunctarum,
856 4853 908 4900 turn
955 4857 1034 4905 sotum
1045 4858 1142 4916 propter
1155 4867 1242 4911 usum,
1256 4853 1297 4902 scd
1310 4854 1384 4915 ipsius
1402 4853 1474 4902 oidcit
1488 4867 1560 4903 cause
1575 4856 1675 4916 piorims
1687 4858 1722 4906 ia-

138 4940 910 5003 ereiectioneiiterumquaesbcoabhorrent,unscautur;querc
955 4943 1025 4992 ciunt.
1053 4942 1112 4998 Quis
1122 4941 1188 4989 enim
1201 4940 1322 4989 hominem
1334 4940 1484 5001 conspicatus
1499 4955 1513 4989 ε
1526 4943 1574 4990 iero
1586 4956 1722 5004 oppressum

138 5031 164 5079 ct
176 5034 240 5079 recto
252 5031 447 5090 iantaetpocoata
460 5028 482 5076 in
496 5027 531 5076 tus
541 5027 611 5076 rebus
622 5028 713 5075 etcircn
723 5039 764 5076 eas
778 5029 907 5074 vorantur,
955 5041 1001 5075 non
1021 5028 1118 5088 eripiet,
1141 5027 1161 5075 si
1180 5027 1268 5088 possit?
1284 5027 1337 5087 quis
1354 5026 1441 5075 erranti
1460 5027 1524 5075 riam
1540 5039 1588 5076 non
1601 5041 1723 5077 common·

62 5108 64 5111 ’
138 5120 198 5167 Fere
209 5117 273 5166 nnim
286 5129 381 5165 omnem
392 5115 514 5166 electionis
526 5114 640 5164 ustionem
653 5128 684 5164 εκ
701 5113 737 5163 iiis
752 5113 854 5175 pendere
868 5127 910 5174 par
954 5115 1027 5163 stret?
1038 5113 1091 5176 quis
1099 5117 1137 5161 est
1148 5114 1188 5174 qui
1200 5126 1246 5162 nun
1258 5125 1352 5163 summo
1362 5113 1469 5162 omnium
1483 5127 1561 5163 tetum
1580 5101 1659 5175 inopie
1668 5128 1723 5176 per·

137 5209 190 5262 est,
202 5204 225 5252 id
239 5203 303 5266 quud
315 5216 386 5265 quom
405 5203 551 5264 paucissimis
561 5202 658 5251 docebo.
692 5203 808 5251 Nimirum
825 5201 910 5250 iibcros
941 5201 1019 5250 cnuti
1039 5200 1183 5262 opituletur?
1207 5200 1261 5261 quis
1283 5199 1307 5248 in
1331 5199 1460 5250 soiitndiue
1485 5213 1601 5262 equorum
1625 5206 1723 5261 experte
