3959 5925
750 411 985 476 FRAGMENTA
1006 417 1139 479 vania,
1697 444 1731 494 tt

129 541 146 598 ὁ
160 536 219 615 πιρί
233 540 278 596 rob
293 543 353 596 καθ
363 537 501 609 ήκυντος
514 539 599 605 τόπος.
610 538 903 621 Ὀρίζιταιδίτὸκαθῆ-
950 547 1048 621 ταύτην
1057 551 1148 619 διττῶς
1157 556 1307 632 θιωριῖσθαι
1319 553 1366 625 τήν
1377 577 1404 613 τε
1412 557 1438 613 ἀν
1450 564 1503 623 τοῖς
1514 560 1626 637 λογικοῖς
1640 583 1724 637 γιγνο-

125 649 174 686 ιιον
188 626 218 685 τδ
227 626 366 685 ἀκόλουθον
382 629 410 685 ἐν
420 630 484 707 ζωῇ,
496 626 510 686 ὁ
521 627 635 706 πραχθὲν
648 628 753 707 ιῦλογον
763 632 903 710 ἀπολογίαν
950 636 1030 713 μένην
1050 639 1146 715 ὁρμήν,
1161 639 1207 699 καί
1232 641 1279 711 τὴν
1298 646 1326 702 ἓν
1339 651 1391 709 τοῖς
1407 644 1511 721 ἀλόγοις
1533 647 1616 726 ζῴοις,
1632 652 1660 707 οὐ
1682 671 1727 705 κα·

128 715 187 793 ἔχει
198 711 243 749 ¹⁴⁶·
255 712 364 791 παρδτδ
374 718 488 786 καθῆκον
495 715 522 775 δὲ
531 716 560 775 τὸ
571 718 701 785 ἐναντίως.
713 720 798 779 Τοῦτο
809 719 836 778 δὲ
847 723 904 780 δια·
953 727 1156 802 τωνσμασμίναι
1175 731 1198 787 δ’
1214 728 1289 787 εἰσίν.
1308 728 1343 790 Ἡ
1357 730 1407 811 γδρ
1418 730 1497 812 όρεξις
1510 735 1557 792 oia
1569 734 1623 794 ίστι
1636 735 1727 812 λογικλ

126 802 269 861 τείνιινκαί
275 802 348 865 sieri
360 802 499 881 ἀλσγατῶν
505 801 586 883 ζῴων,
598 806 696 885 ἐνεργεῖ
704 805 786 887 γάρτι
792 809 901 868 κάκεῖνα
954 813 1041 891 ὁρμή,
1057 814 1125 874 ἀλλὰ
1137 818 1244 892 λογικῆς
1257 820 1340 894 ὁρμῆς
1356 806 1431 884 εἶδος.
1447 816 1504 891 Τήν
1517 819 1544 877 δὲ
1558 822 1665 900 λογικήν
1681 828 1724 902 ὁρ-

127 889 415 968 ἀκολούθωςτῇὲαυτῶν
421 890 496 972 φύσει
505 892 553 926 ¹⁴⁷·
565 892 608 951 ἐπί
615 892 642 951 δδ
653 898 704 952 τῶν
710 897 820 972 λογικῶν
831 895 903 975 ζῴων
953 899 1006 976 μὴν
1021 901 1128 969 δεόντως
1139 903 1170 961 ἀν
1184 927 1223 970 τις
1234 903 1390 984 ἀφορίζοιτο,
1405 906 1488 983 λε’γων
1502 896 1567 965 εἶναι
1581 910 1720 989 φοράνιδια

127 976 210 1041 οὕτως
220 977 386 1047 ἀποδίδοται,
399 976 429 1035 εδ
441 979 580 1036 ἀκόλουθον
594 981 621 1037 ἐν
634 978 693 1058 βίῳ.
706 982 766 1039 Τῶν
778 980 805 1040 δὲ
819 988 903 1055 καθη-
951 988 1023 1053 νοίας
1031 987 1074 1047 ἐπί
1085 1012 1110 1046 τι
1121 991 1173 1047 τῶν
1185 992 1212 1047 lu
1220 993 1257 1069 τῷ
1265 994 1402 1068 πράττειν·
1418 993 1501 1072 ταύτῃ
1514 996 1538 1051 δ’
1549 998 1724 1056 ἀντιτίθεσθαι

126 1064 226 1121 κόντων
243 1062 277 1122 τά
293 1064 339 1141 μὲν
353 1055 418 1123 εἶναί
438 1088 502 1145 φασι
515 1065 648 1141 τελεια,ἀ
666 1065 697 1137 δὴ
712 1068 757 1126 καὶ
772 1070 904 1150 κατορθώ-
952 1075 1093 1156 ἀφορμήν,
1106 1076 1186 1155 φοράν
1194 1100 1253 1137 τινα
1262 1078 1300 1113 ⁴⁵²
1315 1077 1430 1146 διανοίας
1441 1080 1494 1139 ἀπό
1507 1101 1573 1149 τινος
1587 1086 1638 1141 τῶν
1652 1087 1678 1143 ἔν
1687 1089 1725 1144 τῶ

127 1174 202 1225 ματα
215 1152 344 1229 λέγεσθαι.
361 1152 561 1231 Κατορθώματα
575 1152 598 1211 δ’
612 1144 723 1213 εἶναιτὰ
737 1155 794 1213 κατ’
809 1157 903 1236 ἀρετὴν
952 1155 1064 1233 φεύγειν.
1078 1155 1164 1222 'illue
1178 1156 1205 1216 δὲ
1219 1156 1264 1214 καί
1279 1156 1328 1227 τήν
1339 1156 1441 1237 ὁρουσιν
1456 1159 1541 1238 ὁρμὴν
1557 1161 1671 1241 λέγουσι,
1680 1144 1725 1234 τήν

126 1239 304 1318 ἐνεργήματα,
317 1232 368 1299 οἶον
378 1240 407 1298 τὸ
417 1242 528 1322 φρονεῖν,
536 1240 566 1299 τὸ
578 1242 782 1321 δικαιοπραγεῖν.
793 1248 851 1305 Οὔκ
865 1234 902 1302 ε’ί-
951 1246 1094 1320 πρακτικῆς
1107 1222 1190 1321 ὁρμῆς
1199 1234 1279 1303 οὖσαν
1292 1237 1367 1312 εἶδος.
1383 1245 1441 1317 Τὴν
1451 1246 1480 1306 δί
1488 1247 1589 1327 ὁρουσιν
1600 1242 1667 1310 εἶναι
1678 1277 1722 1333 φο·

123 1350 170 1384 ναι
182 1329 208 1387 δὲ
218 1328 407 1408 κατορθώματα
414 1329 448 1387 τά
459 1328 496 1406 μὴ
511 1328 591 1395 οὕτως
601 1329 705 1407 ἔχοντα,
720 1330 777 1403 til,
792 1332 850 1391 null
861 1330 903 1391 τί·
952 1330 999 1408 ράν
1012 1330 1125 1397 διανοίας
1133 1332 1177 1391 ἐπί
1188 1357 1214 1391 τι
1228 1333 1335 1411 μίλλον.
1377 1336 1462 1397 Ὥστε
1472 1336 1550 1417 μίχρι
1565 1337 1613 1416 μὲν
1628 1341 1725 1401 τούτων

124 1416 339 1487 λειακαθήκοντα
349 1415 593 1499 προσαγορεύουσιν,
602 1419 668 1478 ἀλλά
677 1412 901 1499 μίσα,οἷοντὸγα-
949 1424 1081 1498 τετραχῶς
1092 1419 1176 1498 ὁρμὴν
1190 1420 1324 1500 λε’γισθαι,
1337 1425 1415 1503 διχῶς
1430 1425 1455 1484 δ’
1471 1429 1603 1506 ἀφορμήν,
1616 1450 1721 1507 προστε·

125 1510 196 1574 μεῖν,
209 1502 239 1560 τδ
252 1503 417 1582 πρεσὸεύειν,
428 1505 458 1563 τὸ
469 1504 645 1583 διαλέγεσθαι,
656 1505 690 1564 τὰ
703 1506 800 1572 τούτοις
811 1506 899 1583 ὅμοια.
951 1508 1038 1579 θείσης
1051 1508 1096 1566 καί
1109 1513 1156 1579 τῆς
1168 1507 1243 1576 ἕξεως
1262 1514 1310 1581 τῆς
1322 1515 1480 1590 ὁρμητικῆς,
1501 1514 1533 1585 ήν
1549 1515 1579 1586 δὴ
1596 1516 1641 1574 καί
1657 1517 1722 1574 titur

122 1591 187 1648 Τῶν
202 1588 230 1647 δὲ
243 1592 453 1673 κατορθωμάτων
466 1591 499 1651 τδ
514 1584 637 1671 μίνιῖναι
651 1584 687 1651 ὧν
702 1593 754 1673 χρή
769 1592 816 1666 ¹⁴⁸,
828 1594 862 1652 τὰ
879 1596 902 1652 δ’
949 1595 1034 1673 ὁρμήν
1049 1595 1183 1673 λέγουσιν,
1198 1599 1242 1677 ἀφ’
1263 1590 1294 1667 ἧς
1316 1599 1455 1673 rapiatur
1474 1606 1557 1681 ὁρμᾶν
1571 1611 1722 1683 πανταχοῦ.

124 1676 166 1737 οὔ.
182 1670 234 1737 Ὧν
245 1678 298 1759 χρὴ
313 1680 361 1755 μίν
375 1668 442 1738 ε’ίναι
460 1680 632 1760 κατηγόρημα
647 1680 791 1760 ὠφέλημα,
805 1673 858 1742 οἷον
872 1682 902 1742 τδ
948 1688 1004 1757 Τῆς
1018 1682 1046 1743 δὲ
1055 1688 1202 1762 πρακτικῆς
1210 1689 1293 1765 ὁρμῆς
1307 1686 1362 1759 εἴδη
1376 1688 1483 1747 πλαίσια
1497 1680 1574 1762 εἶναι,
1586 1692 1612 1747 ἐν
1624 1684 1661 1759 οἷς
1672 1672 1721 1751 ’καί

124 1770 241 1845 φρονεῖν,
256 1767 285 1826 τδ
305 1776 454 1848 σωφρονεῖν·
467 1772 514 1827 οὐκ
531 1761 598 1829 εἶναι
612 1770 639 1829 δὲ
660 1761 696 1829 ὧν
721 1770 790 1849 χρή,
809 1771 843 1829 τά
863 1772 900 1847 μή
947 1778 1041 1831 ταῦτα·
1054 1772 1190 1850 πρόθεσιν,
1204 1772 1346 1849 ίπιὸολήν,
1359 1775 1537 1855 παρασκευήν,
1559 1778 1721 1858 ἐγχείρησιν,

100 1854 206 1921 ὀὕτως
219 1854 324 1935 ἔχοντα.
361 1856 476 1933 Ὁμοίοις
499 1857 583 1916 δὲκαὶ
597 1861 649 1916 τῶν
663 1858 900 1939 παρδττδκαθῆκον
948 1858 1057 1938 αἵρεσιν,
1070 1859 1232 1939 προαίρεσιν,
1245 1858 1504 1937 pollueruntque.
1533 1864 1660 1943 Πρόθισιν
1673 1867 1720 1945 μὲν

124 1942 172 2014 τὴν
183 1945 263 2015 αὐτὴν
276 1946 408 2023 γίγνεσθαι
420 1946 597 2025 τεχνολογίαν.
620 1948 680 2013 Πᾶν
694 1944 723 2003 δὲ
739 1944 769 2005 rb
784 1946 857 2026 παρὰ
871 1948 900 2005 τὸ
947 1936 992 2004 σάν
1006 1934 1072 2004 εἶναι
1082 1945 1188 2023 λέγουσι
1197 1946 1340 2024 σημείωσιν
1353 1947 1662 2023 ἐπιτελέσεως·ίπιὸολὴν
1676 1954 1720 2025 δι’,

124 2036 240 2102 καθῆκον
255 2034 282 2091 ἀν
295 2035 392 2113 λογικῷ
405 2032 568 2113 γιγνόμενον,
588 2033 733 2111 ἁμάρτημα
746 2024 820 2091 εἷναι·
834 2034 864 2093 τὸ
873 2036 900 2094 δὲ
947 2031 1030 2112 ὁρμὴν
1039 2033 1090 2112 πρὸ
1102 2037 1194 2112 ὁρμῆς·
1208 2035 1378 2113 παρασκευὴν
1387 2037 1423 2110 δι’,
1433 2037 1525 2117 πρᾶξιν
1536 2037 1587 2118 πρὸ
1598 2039 1723 2120 πράξεως·

125 2126 239 2193 καθῆκον
248 2120 381 2181 τελειωθίν
396 2124 554 2201 κατόρθωμα
565 2121 705 2200 γίγνεσθαι.
718 2123 900 2201 Παραμετρεῖ-
947 2121 1093 2199 ίγχείρησιν
1103 2121 1142 2193 δι’,
1154 2121 1238 2198 ὁρμὴν
1249 2125 1293 2182 ἐπί
1304 2146 1371 2190 τινος
1385 2126 1411 2182 ἒν
1422 2125 1513 2203 χερσὶν
1524 2125 1575 2199 ήδη
1587 2130 1666 2195 ὄντος·
1680 2126 1721 2187 ut·

125 2216 186 2269 σθαι
199 2211 227 2269 δί
241 2210 270 2270 τὸ
282 2210 361 2288 μέσον
374 2216 488 2283 καθῆκον
499 2211 646 2291 ἀδιαφόροις
660 2208 723 2279 τισί,
734 2211 900 2286 καλουμένοις
946 2232 1017 2286 ρεσιν
1024 2210 1061 2282 δι’,
1068 2210 1191 2288 βούλησιν
1198 2210 1570 2294 ίξάναλογισμοῦ·πρσαίρεσιν
1578 2215 1617 2287 δέ,
1625 2216 1723 2293 αἵρεσιν

124 2298 153 2357 δὲ
167 2298 239 2378 παρά
257 2298 331 2376 φύσιν
342 2298 388 2357 καί
399 2296 468 2358 κατδ
479 2296 567 2379 φύσιν,
581 2297 703 2368 τοιαύτην
717 2295 744 2355 δὲ
758 2296 849 2375 χρείαν
863 2298 900 2349 ¹⁴9
947 2298 999 2377 πρὸ
1008 2296 1140 2377 αίρίσιιος·
1156 2298 1281 2377 βούλησιν
1293 2301 1332 2372 δί,
1348 2300 1452 2381 εὔλογον
1463 2302 1553 2381 όρεξιν·
1564 2304 1668 2374 θίλησιν
1682 2304 1719 2381 δι’,

122 2386 353 2467 προσφερομένοις,
369 2386 432 2447 ὥστ’
443 2390 465 2446 εί
480 2386 518 2465 μὴ
531 2386 711 2462 λαμάἀνοιμεν
727 2385 792 2443 αὐτὰ
807 2384 824 2455 ἦ
837 2387 899 2445 tro·
946 2386 1066 2444 ἑκουσίαν
1079 2384 1210 2464 βούλησιν.
1234 2386 1363 2455 Πάσαςδὲ
1372 2388 1418 2454 ed<
1427 2391 1510 2469 ὁρμάς
1520 2392 1722 2467 συγκαταθέσεις

124 2476 250 2549 θοίμεθα,
267 2472 468 2553 ἀπερισπάστως
484 2472 521 2549 μή
540 2472 571 2531 ἀν
584 2476 781 2551 εὐδαιμονοῖμεν
798 2472 844 2531 ¹⁵¹.
861 2474 900 2533 Τὸ
946 2464 1027 2545 εἶναι,
1043 2472 1090 2539 τδς
1103 2472 1131 2531 δὲ
1150 2475 1295 2552 πρακτικὰς
1313 2476 1402 2535 καὶτὸ
1424 2479 1554 2549 κινητικὸν
1576 2479 1716 2557 περιέχειν.

122 2560 151 2618 δὲ
166 2567 252 2621 κινοῦν
266 2560 314 2631 τήν
329 2562 412 2641 ὁρμήν
428 2560 502 2620 οὐδὲν
519 2560 605 2639 ἕτερον
619 2554 682 2619 εἶναι
699 2560 816 2640 λέγουσιν
831 2562 898 2619 ἀλλὰ
946 2553 1020 2630 Ἤδη
1030 2559 1057 2617 δὲ
1068 2560 1155 2619 ἀλλων
1170 2561 1217 2637 μὲν
1229 2552 1295 2619 εἶναι
1314 2566 1534 2641 συγκαταθέσεις,
1549 2564 1591 2622 ἐπ’
1611 2565 1679 2623 ἀλλα
1693 2566 1721 2625 δὲ

121 2648 269 2728 φαντασίαν
283 2646 428 2727 ὁρμητικὴν
443 2654 487 2708 τοῦ
501 2649 660 2720 καθήκοντος
678 2648 795 2719 αὐτόθεν,
808 2646 855 2718 τὴν
872 2646 899 2706 dl
946 2650 1039 2727 ὁρμάς.
1061 2648 1115 2709 Καί
1127 2652 1327 2726 συγκαταθέσεις
1337 2652 1395 2726 με’ν,
1411 2650 1544 2727 ἀξιώματί
1560 2676 1623 2725 τισι,
1638 2654 1720 2733 ὁρμδις

121 2736 207 2813 ὁρμὴν
222 2727 288 2793 εἶναι
308 2737 391 2815 φορὰν
410 2738 497 2816 ψυχῆς
516 2736 561 2795 tut
580 2760 616 2796 τι.
641 2734 718 2795 Κατδι
740 2736 770 2795 τδ
784 2734 856 2813 γένος
872 2734 899 2793 δὲ
945 2736 973 2793 δὲ
994 2738 1038 2797 ἐπὶ
1059 2734 1283 2830 κατηγορήματα,
1311 2738 1344 2795 τδι
1357 2738 1533 2818 περιεχόμενά
1546 2762 1602 2806 πως
1617 2742 1644 2797 ἐν
1669 2749 1721 2805 τοῖς

118 3001 189 3061 rita,
201 2998 272 3060 otius
290 2999 357 3050 ιεαία
371 2999 449 3061 potant
463 2999 524 3048 ratio
538 2997 619 3060 reddi;
640 2999 748 3050 aeduum
762 2999 898 3063 oilleiopu·
942 3015 998 3064 qum
1010 3003 1091 3051 tamm
1110 3001 1207 3050 ιιοιιιῖιιο
1218 3015 1266 3051 non
1287 3001 1335 3052 sint
1350 3002 1441 3052 notata.
1462 3005 1522 3052 tiam
1536 3016 1593 3065 quai
1608 2973 1723 3066 appetitio

120 3087 292 3150 guans,quod
305 3087 501 3138 alitoroelubet.
528 3089 664 3150 ttqneltoc
678 3088 707 3136 ad
720 3089 896 3151 brutaquoque
943 3090 1044 3137 vocatur
1058 3101 1105 3136 non
1117 3091 1153 3138 ost
1164 3089 1283 3150 appetitus
1299 3088 1384 3137 rationi
1401 3093 1588 3151 consentaneus,
1609 3090 1651 3140 ssd
1664 3090 1719 3152 ejus

79 3219 89 3238 ,
119 3175 233 3224 animalia
250 3175 364 3237 pertinet,
374 3175 487 3238 quoniam
499 3176 539 3224 itta
551 3176 623 3225 etiam
634 3177 714 3238 plura,
727 3164 898 3238 quenipsoru'm
942 3176 1042 3236 speeies.
1061 3175 1199 3238 appetitum
1219 3181 1300 3224 autem
1316 3176 1456 3225 rationalem
1478 3179 1543 3226 recte
1566 3176 1720 3240 deliniam

119 3266 214 3314 natura
226 3266 385 3313 eonsentmea
404 3265 478 3323 sunt,
491 3263 581 3314 obeunt
596 3283 602 3314 :
617 3277 701 3313 verum
715 3264 739 3312 in
755 3263 898 3313 animalibus
942 3276 996 3312 esse
1009 3263 1099 3312 suniae
1111 3263 1197 3312 mentis
1208 3262 1335 3324 adatiquid
1345 3263 1463 3326 agundum
1472 3263 1577 3314 incitatas
1587 3265 1720 3328 impetuma

122 3353 215 3400 ratione
229 3351 370 3411 utentibus,
382 3351 448 3413 quod
463 3352 519 3400 vitm
532 3364 614 3401 eorum
628 3351 753 3412 convenit,
767 3351 802 3401 sio
814 3352 898 3414 appel·
941 3357 1014 3413 atque
1027 3352 1084 3401 truie
1098 3352 1189 3413 opponi
1200 3352 1384 3411 aversationem,
1399 3365 1455 3414 quie
1466 3351 1497 3400 sit
1507 3352 1619 3401 avooatio
1634 3354 1721 3402 mentis

119 3441 193 3488 tatur.
207 3439 291 3489 Ollinia
310 3452 381 3502 porro
396 3439 444 3489 alia
458 3438 539 3489 dieunt
559 3453 610 3489 esse
624 3441 744 3501 pertenta,
757 3455 811 3502 qum
830 3447 895 3490 recte
942 3438 973 3486 ab
984 3438 1065 3500 aliquo
1076 3452 1160 3488 eornm
1174 3451 1229 3499 quae
1243 3438 1266 3486 in
1277 3437 1395 3500 fugiendis
1405 3440 1574 3488 numerantur.
1590 3438 1638 3488 Sed
1648 3452 1720 3501 pecu·

121 3529 188 3576 iacta
207 3528 366 3577 nominemur.
398 3529 519 3577 caeterum
540 3540 592 3577 osse
616 3531 679 3578 recte
698 3529 759 3576 laeta
780 3529 896 3578 virtutum
943 3525 994 3574 tinri
1018 3526 1090 3575 etiam
1105 3525 1202 3574 nomine
1215 3525 1322 3574 udliibito
1337 3525 1499 3573 incitationem
1517 3526 1605 3573 vocant
1625 3526 1719 3586 appeti·

119 3615 318 3676 exereitationos,
341 3617 368 3664 nl
387 3627 484 3678 sapere,
505 3617 569 3676 justo
585 3629 662 3677 agere.
681 3619 712 3664 tt
733 3615 896 3678 nonjudicari
943 3616 1008 3674 tum,
1021 3627 1075 3676 quoe
1088 3612 1177 3675 agentia
1186 3613 1305 3678 appetitus
1314 3611 1403 3672 species
1418 3612 1463 3660 est.
1476 3613 1535 3660 Esse
1546 3613 1627 3659 autem
1638 3612 1719 3661 innita·

119 3704 187 3750 recte
196 3701 257 3750 laeta
267 3702 306 3752 itta
318 3715 372 3765 quaa
385 3703 455 3752 aliter
464 3715 490 3753 se
500 3703 602 3752 babeant
614 3704 718 3766 ideoque
731 3715 778 3752 non
793 3705 897 3765 perlecto
941 3703 1033 3752 tionem
1049 3702 1136 3750 mentis
1149 3701 1174 3748 iu
1187 3714 1212 3750 re
1225 3701 1305 3748 lutura
1316 3698 1402 3746 delixae
1413 3697 1574 3758 agitationem.
1590 3700 1676 3760 Itaque
1688 3712 1717 3747 er

119 3791 237 3839 sonentur
247 3789 337 3849 ultreia,
350 3790 392 3840 sed
406 3790 499 3852 modia,
519 3791 586 3840 uerbi
602 3803 672 3840 oausn
686 3803 785 3839 uxorem
797 3770 894 3853 ducere,
942 3791 979 3840 tiis
990 3790 1101 3849 elicitur,
1115 3788 1219 3850 quatuor
1229 3785 1306 3835 modis
1314 3785 1446 3846 appetitum
1458 3783 1515 3846 diei,
1529 3784 1625 3834 duobus
1637 3788 1717 3835 autem

117 3878 237 3938 legatione
253 3878 333 3939 tunm,
347 3877 452 3944 colloqui
465 3881 489 3928 et
504 3878 588 3928 bornm
601 3879 695 3927 similia.
709 3881 743 3926 λσ
756 3879 819 3928 reete
833 3879 895 3927 lacta
941 3877 1125 3934 aversationem,
1138 3873 1159 3922 ai
1169 3872 1262 3922 babitus
1274 3871 1401 3935 appetendi
1411 3870 1556 3934 adjungatur
1565 3885 1638 3934 quem
1648 3873 1720 3922 etium

115 3978 170 4014 ease
184 3965 228 4014 alia
240 3965 331 4027 quibua
346 3979 409 4029 opus
428 3966 473 4026 stt,
486 3966 547 4026 alia,
567 3965 655 4028 quibus
674 3967 764 4016 nonsit
778 3979 845 4029 opus.
863 3966 897 4014 lis
942 3964 1037 4026 proprie
1051 3961 1183 4024 appetitum
1205 3960 1343 4019 nominant,
1362 3959 1471 4009 omnium
1486 3959 1660 4020 appetitionum
1676 3973 1720 4008 au-
1775 4015 1779 4022 ⁴

114 4051 210 4114 quibus
220 4065 281 4113 opus
291 4053 323 4102 sit
331 4053 429 4104 attribui
438 4053 564 4108 utilitatem
569 4089 578 4115 ,
591 4053 694 4116 exempti
703 4055 777 4116 gralia
791 4034 896 4116 pruden'·
940 4053 1040 4099 ctorem.
1053 4047 1150 4110 Agentis
1159 4047 1346 4109 reroappetitus
1360 4045 1649 4109 pluresessespeeies,ad
1661 4059 1720 4108 quas

115 4141 159 4188 tiae
184 4152 212 4188 ae
234 4141 421 4204 temperantias:
439 4143 464 4191 et
485 4154 662 4205 supervacanea
685 4142 814 4191 existimari
829 4143 896 4191 aliter
940 4137 1074 4202 pertineant
1085 4136 1365 4199 propositum,eouatua,
1385 4137 1528 4196 apparatus,
1541 4135 1650 4194 molitio,
1669 4136 1718 4183 ele·
1825 4172 1828 4178 .

114 4241 143 4276 se
157 4227 278 4277 lubentia.
293 4227 449 4279 similitude
462 4228 557 4292 iisquae
570 4231 654 4278 eontra
666 4228 774 4277 otiolum
789 4231 836 4277 sint
845 4241 897 4278 esse
941 4225 1156 4286 otio,eonsilium,
1171 4223 1452 4296 inatttulum,ioiuntas.
1483 4223 1637 4286 Propositum
1647 4222 1719 4284 igitur

114 4319 300 4380 disputandum.
322 4319 444 4382 Quidquid
461 4333 519 4369 vero
538 4321 622 4371 contra
638 4319 744 4369 ottioinm
764 4332 778 4367 a
798 4319 897 4368 ratmuis
941 4327 991 4363 osse
1005 4314 1089 4362 dieunt
1104 4312 1290 4374 designationem
1306 4310 1469 4373 ριτῐεσιῖοιιῖσς
1481 4313 1594 4360 munium
1605 4323 1663 4359 vero
1673 4322 1717 4372 ap-

113 4406 231 4468 partieipe
246 4407 300 4468 stat,
313 4410 435 4469 peecatum
449 4419 519 4457 esset
533 4408 557 4456 nt
569 4408 700 4469 perlectum
715 4405 820 4456 officinm
831 4410 895 4455 reete
941 4402 1043 4463 petitum
1055 4404 1109 4450 anto
1120 4400 1270 4462 appetitum
1287 4405 1428 4462 apparatum
1440 4401 1522 4448 autem
1533 4399 1651 4447 actionem
1662 4399 1718 4446 ante

113 4495 208 4543 iactum
220 4494 284 4544 duel.
299 4495 397 4545 Debuiri
407 4499 487 4545 aowin
500 4493 607 4546 medium
620 4494 728 4543 oliroium
740 4492 895 4544 indifferenti·
941 4489 1077 4549 actionem
1093 4487 1255 4546 molitionem,
1269 4488 1403 4548 appetitum
1414 4486 1452 4556 ¹rei
1470 4499 1525 4548 qnae
1542 4488 1592 4546 jam
1610 4484 1680 4534 nobis
1692 4485 1717 4534 iu

113 4584 164 4630 tuns
183 4581 339 4644 quibusdam,
357 4595 414 4645 quos
429 4584 516 4645 partim
535 4585 628 4632 naturae
640 4581 796 4643 repugnantia
810 4581 895 4643 partim
940 4589 1013 4628 manu
1028 4578 1079 4637 est,
1089 4574 1242 4634 electionem,
1253 4574 1400 4622 voluntatem
1410 4585 1440 4620 ex
1455 4571 1647 4631 ratiocinatione,
1658 4583 1716 4619 con·

111 4677 212 4718 naturae
224 4673 383 4721 consentanea
393 4675 509 4720 vocantur
519 4670 628 4720 aetatem
640 4670 767 4720 utilitatem
780 4669 894 4728 atterunt,
940 4664 1028 4721 silium,
1038 4663 1178 4712 eiectionem
1193 4663 1248 4710 ante
1261 4660 1415 4722 electionem
1428 4661 1574 4719 nstitutum,
1584 4659 1715 4720 appetitum

113 4763 143 4807 ut
156 4757 205 4807 nisi
218 4769 378 4807 easumamus
390 4757 428 4806 vet
442 4757 603 4820 repudiemus,
613 4761 726 4819 perpetua
736 4755 848 4806 latinitate
860 4757 894 4805 uti
940 4752 1024 4801 rationi
1046 4751 1241 4811 convenientem
1264 4749 1413 4828 uoluntatem
1436 4749 1539 4809 deniquo
1558 4748 1716 4810 spontaneam

110 4857 274 4907 nequeamus.
286 4846 411 4908 Jamquod
420 4847 554 4908 appetitum
564 4845 711 4896 movetnittit
720 4843 893 4893 aliudessedi·
938 4840 1017 4890 aetun'
1029 4839 1198 4888 incitationem
1230 4841 1319 4887 omnes
1334 4842 1416 4886 autem
1430 4835 1550 4899 appetitus
1565 4847 1618 4884 ease
1636 4847 1716 4884 αειειι

109 4935 190 4993 eunt,
204 4945 276 4994 quam
292 4933 485 4995 imaginationem
500 4933 573 4983 ollieii
587 4933 712 4982 contestim
725 4931 891 4994 appetentem,
937 4929 1016 4978 sionna
1026 4963 1033 4986 ,
1044 4929 1141 4989 agentes
1154 4939 1210 4974 vero
1220 4927 1245 4974 et
1256 4925 1386 4992 motipnem
1398 4924 1422 4973 in
1438 4937 1464 4974 se
1478 4923 1605 4974 oontinere.
1660 4925 1715 4972 Jam

110 5022 252 5084 appetitum
264 5023 346 5070 auum
363 5034 415 5071 esse
426 5021 499 5070 animi
515 5015 546 5070 a'd
557 5020 644 5082 aliquid
657 5019 749 5068 inuitati
768 5019 891 5080 impetum.
939 5029 998 5066 vero
1008 5015 1061 5064 atitr
1073 5027 1116 5062 nos
1132 5012 1254 5073 assentiri,
1267 5012 1312 5060 alia
1324 5017 1443 5073 appetere.
1461 5012 1539 5072 Atque
1554 5007 1715 5058 mulonem

112 5115 237 5161 erotema
251 5109 300 5159 dno
310 5123 361 5160 osso
372 5111 519 5172 appetituum
531 5121 625 5172 genera,
640 5121 743 5170 quorum
758 5105 857 5155 alterum
869 5105 893 5152 in
937 5101 1034 5166 quidem
1048 5101 1105 5150 oriri
1114 5115 1144 5150 ex
1158 5100 1293 5161 dignumne
1304 5099 1398 5162 atiqua;
1409 5097 1530 5162 appetitus
1541 5099 1623 5146 antem
1633 5109 1715 5144 aeeon

112 5199 209 5250 radone
221 5198 341 5262 praeuius,
359 5198 461 5248 atterum
474 5199 498 5246 in
517 5185 595 5246 brutis
608 5195 751 5246 animalibus
762 5194 891 5257 spectetur,
937 5189 995 5238 dum
1007 5188 1136 5248 attributa,
1148 5197 1203 5247 qum
1214 5184 1368 5236 continentur
1385 5184 1563 5248 quodammodo
1578 5183 1710 5246 dignitate,
