3959 5925
278 395 370 439 xxxu
941 375 993 435 DE
1019 377 1259 439 ΡῩΓΗΑΕΟΒΑ

277 524 354 571 sunt.
382 510 501 569 Accedit
529 508 609 586 quod
632 509 776 584 Origenes
805 520 835 566 et
859 507 1058 584 Hieronymus
1102 509 1238 588 perbibet
1247 510 1414 570 Lactantius
1424 510 1519 569 divin.
1535 510 1637 569 institt.
1647 509 1697 583 vt,
1709 518 1746 577 at
1756 522 1790 569 et
1799 510 1886 587 cujus

276 599 356 659 Sexti
374 598 619 677 apophthegmata
635 611 808 674 usurpantes
826 598 869 654 ita
882 595 969 653 illum
991 596 1058 654 vir·
1103 601 1190 677 plura
1202 599 1363 675 fragmenta
1376 619 1392 657 e
1404 599 1482 658 libro
1503 596 1602 657 deira‘
1612 619 1630 657 a
1640 597 1754 657 Stobaeo
1769 613 1886 657 servata

277 688 348 748 tutis
360 688 531 762 magistrum
547 686 677 757 laudant,
695 699 727 744 ut
752 705 819 744 eum
842 704 858 742 a
878 684 1059 743 Christiano·
1102 687 1179 746 infra
1200 685 1362 763 exhibebo,
1378 686 1555 744 monendum
1577 685 1694 744 ridetur
1719 684 1885 744 cavendum

276 794 340 835 rum
359 774 475 851 quidem
493 775 584 833 sacris
597 774 796 844 abhorruisse,
811 772 861 831 sed
873 785 968 830 tamen
984 773 1059 851 viris
1104 794 1167 834 esse
1179 794 1216 833 ne
1228 776 1294 852 quis
1304 774 1382 833 hunc
1391 774 1539 833 Sotionem
1555 793 1621 833 cum
1636 793 1671 833 eo
1686 772 1844 831 confundat
1856 788 1887 833 et

276 863 325 921 isti
350 864 482 921 formulae
507 862 632 921 addictis
656 861 855 939 perplacuisse
877 861 1056 935 significent.
1103 865 1272 941 permisceat
1294 864 1346 940 qui
1369 861 1424 920 sub
1447 864 1603 921 Ptolemaeo
1617 859 1784 939 ¹Epiphane
1806 860 1887 919 sinit

275 950 340 1012 llid.
361 951 443 1027 Orig.
459 951 527 1011 Vlll
549 964 652 1010 contra
671 950 786 1008 Celsum
805 969 836 1026 p.
859 950 915 1025 397
932 963 960 1008 et
980 962 1001 1006 t.
1023 952 1056 1007 15
1102 973 1135 1011 ac
1151 952 1442 1031 dephilosnphorum
1458 948 1693 1011 successionibus
1705 964 1885 1009 commenta·

276 1034 481 1099 iuMuiihfuum
494 1060 523 1117 p-
539 1041 605 1115 369·
620 1038 685 1107 01¹⁰
702 1037 806 1095 facium
822 1048 866 1095 esi
880 1050 912 1095 ui
921 1036 950 1097 S·
968 1036 1058 1095 Maxi·
1104 1044 1165 1102 rios
1180 1042 1309 1121 reliquit.
1325 1041 1432 1116 Confer
1445 1039 1611 1117 Eunapium
1626 1039 1662 1097 de
1677 1040 1748 1097 vitis
1758 1038 1884 1117 sophist.

276 1147 340 1187 mus
365 1131 397 1187 in
421 1129 595 1205 Dionysium
618 1128 762 1202 Areopag.
790 1144 853 1202 cap.
883 1126 900 1181 5
926 1124 1057 1201 llysticae
1102 1129 1181 1201 init„
1196 1127 1330 1187 vossium
1356 1128 1392 1186 de
1413 1127 1562 1187 historicis
1588 1126 1689 1203 graecis
1710 1124 1762 1184 lib.
1790 1124 1815 1198 l,
1847 1146 1886 1185 ao

275 1215 378 1275 Theol.
402 1230 453 1277 ta
474 1237 501 1295 p.
517 1216 554 1272 85
577 1214 696 1273 Sextum
718 1213 907 1271 ecclesiastici
922 1213 1057 1291 philoso·
1077 1282 1080 1306 Ι
1102 1238 1169 1295 pag.
1188 1218 1255 1287 1118,
1272 1216 1386 1291 Menag.
1407 1216 1444 1273 ad
1455 1217 1577 1291 Diogen.
1598 1214 1696 1273 Laert.
1716 1212 1742 1284 1,
1762 1234 1773 1269 1
1790 1213 1882 1292 (117).

275 1303 329 1381 phi
353 1304 473 1362 nomine
496 1302 667 1380 appellaret.
702 1306 740 1358 At
764 1300 887 1359 Rufinus
910 1301 1056 1379 interpres
1102 1304 1168 1363 Fuit
1180 1306 1267 1363 etiam
1286 1304 1389 1362 Sotion
1402 1322 1439 1361 ex
1453 1303 1641 1380 peripatetica
1655 1300 1813 1378 disciplina
1836 1304 1884 1360 vir

278 1393 384 1451 merito
412 1390 581 1451 temeritatis
595 1402 623 1446 et
641 1388 761 1446 insaniae
776 1388 908 1463 arguitur
928 1388 965 1448 ab
989 1390 1059 1448 Hie·
1101 1392 1180 1451 haud
1190 1412 1258 1451 sane
1270 1391 1420 1467 ignobilis,
1432 1389 1742 1468 dequorideGellium
1751 1387 1807 1448 lib.
1818 1386 1843 1460 l,
1853 1392 1883 1448 8.

275 1499 401 1557 ronymo
425 1482 456 1537 in
476 1496 540 1555 cap.
567 1478 602 1535 18
618 1474 721 1536 Ezech.
736 1488 765 1533 et
787 1475 823 1533 ad
840 1474 1058 1554 Ctesiphontem
1140 1479 1234 1537 Porro
1262 1479 1375 1539 Nerone
1398 1479 1435 1537 ad
1465 1478 1583 1557 imperii
1610 1477 1758 1552 fastigium
1783 1491 1885 1535 evecto

274 1581 377 1627 contra
387 1566 570 1643 Pelagianos,
594 1567 663 1623 item
679 1582 744 1642 cap.
772 1584 809 1620 aa
824 1564 856 1621 in
879 1563 1054 1639 Jeremiam,
1101 1572 1266 1625 Moderatus
1293 1587 1412 1645 quoque
1440 1565 1617 1636 Gaditanus,
1646 1564 1880 1641 Pythagoricus,

274 1668 431 1735 propterea
444 1655 524 1732 quod
548 1653 664 1731 primus
688 1652 772 1709 Sixto
788 1652 911 1729 Martyri
926 1653 978 1711 has
994 1674 1058 1713 sen·
1102 1655 1265 1733 symbolica
1278 1675 1466 1715 numerorum
1481 1654 1602 1713 scientia
1623 1652 1763 1712 tradenda
1790 1654 1883 1711 incla-

274 1745 410 1803 tentiolas
431 1741 614 1819 ascripserit.
634 1739 741 1797 Rufino
758 1738 880 1815 quidem
901 1744 1054 1819 astipulati
1102 1746 1162 1803 ruit
1188 1745 1423 1822 discipulumque
1449 1757 1550 1802 nactus
1574 1755 1618 1800 est
1646 1742 1768 1829 Lucium
1794 1742 1883 1800 Etru-

273 1846 341 1893 sunt
355 1853 415 1892 non
429 1831 518 1891 modo
532 1828 686 1903 Pelagius,
703 1828 754 1885 sed
768 1829 855 1885 ctiam
875 1829 1055 1903 Augustinus
1101 1850 1181 1890 scum
1196 1833 1286 1911 (118).
1301 1831 1398 1902 Quum
1416 1845 1512 1890 autem
1524 1831 1622 1889 eadem
1642 1843 1724 1887 aetate
1740 1831 1886 1889 exstiterit

272 1921 327 1980 lib.
341 1921 354 1978 l
368 1921 404 1979 de
415 1919 524 1978 Natura
536 1932 565 1976 et
579 1916 680 1974 Gratia
692 1936 716 1975 c.
734 1918 785 1990 64,
801 1916 853 1992 qui
865 1928 961 1975 tamen
976 1932 1057 1995 post·
1100 1918 1132 1976 L
1146 1918 1244 1979 Julius
1259 1919 1425 1978 Moderatus
1444 1919 1620 1992 Columella,
1637 1921 1680 1976 rei
1694 1918 1811 1976 rusticae
1833 1939 1884 1977 au·

272 2029 305 2067 ea
319 2010 403 2068 aliter
411 2008 512 2066 statuit
527 2005 580 2065 lib.
600 2005 628 2063 ll
642 2004 766 2063 herrant.
781 2023 843 2082 cap.
856 2013 903 2072 ta.
919 2004 1057 2084 Reliquos
1100 2018 1165 2064 ctor
1179 2007 1304 2080 latinus,
1330 2006 1492 2065 Gaditanus
1514 2019 1544 2064 et
1559 2006 1622 2085 ipse
1642 2024 1650 2065 ι
1672 2005 1751 2063 haud
1772 2004 1885 2082 injuria

272 2099 323 2175 qui
339 2096 452 2155 SIxtum
468 2093 497 2153 ll
520 2096 583 2153 sire
596 2092 740 2171 Xystum,
757 2094 927 2171 episcopum
951 2093 1055 2153 Roma·
1102 2094 1161 2153 viri
1175 2094 1252 2154 docti
1271 2095 1392 2154 erariis
1412 2093 1501 2171 hujus
1525 2094 1678 2171 scriptoris
1704 2092 1777 2151 locis
1800 2094 1883 2153 velut

272 2205 354 2257 uum,
371 2197 519 2244 mortuum
535 2202 611 2241 anno
637 2195 702 2259 post
727 2180 796 2241 Chr.
821 2203 851 2242 n.
874 2183 942 2256 257,
966 2183 1055 2262 hujus
1103 2179 1138 2252 V,
1155 2181 1182 2241 5.
1198 2181 1263 2255 Vll,
1285 2179 1569 2253 2.v111,16.x‚v.
1589 2180 1642 2238 185
1662 2180 1880 2254 concluserunt,

272 2273 408 2351 opusculi
430 2272 603 2349 scriptorem
628 2286 691 2327 esse
715 2280 855 2345 putarunt
883 2290 1054 2346 enumerare
1100 2287 1167 2327 eum
1182 2269 1219 2327 ab
1239 2270 1330 2329 altero
1349 2270 1403 2328 illo
1424 2270 1572 2328 diversum
1592 2288 1673 2340 esse,
1690 2268 1759 2326 licet
1779 2268 1885 2328 hocin

271 2362 361 2439 piget.
371 2358 472 2436 Neque
483 2377 555 2417 vero
566 2356 677 2415 infitias
691 2374 726 2413 eo
739 2354 787 2413 hic
796 2355 858 2413 illic
867 2375 961 2431 graeca
974 2360 1055 2417 Sexti
1101 2376 1241 2435 suspenso
1270 2360 1418 2436 relinquat
1442 2358 1506 2418 Nic.
1531 2358 1677 2415 Antonius
1702 2356 1776 2416 Bibl.
1801 2371 1887 2418 vete·

272 2447 363 2506 verba
377 2448 451 2507 male
466 2446 581 2506 reddita
591 2461 652 2504 esse
664 2462 681 2501 a
693 2443 808 2503 Rufino.
821 2442 905 2505 Conl.
919 2458 993 2503 sent.
1004 2447 1053 2509 55.
1100 2446 1141 2503 ris
1159 2448 1239 2525 llisp.
1258 2447 1309 2506 lib.
1326 2447 1339 2505 l
1353 2468 1418 2525 cap.
1444 2448 1473 2505 5.
1497 2446 1580 2504 Adde
1600 2446 1680 2523 quod
1697 2445 1886 2523 Pythagorici

273 2536 331 2611 398
346 2548 400 2594 etc.
418 2535 550 2595 Forsitan
566 2532 712 2611 quispiam
730 2531 839 2589 dixerit
859 2532 1051 2611 interpolatas
1100 2536 1133 2594 in
1150 2536 1251 2611 graecis
1270 2536 1428 2613 latinisque
1448 2535 1610 2593 litterarum
1630 2536 1825 2595 monumentis
1843 2537 1886 2594 ita

271 2620 367 2680 videri
388 2621 438 2700 pia
457 2621 627 2699 interpretis
641 2618 741 2677 fraude
761 2617 842 2678 Sexti
864 2618 992 2691 chartas,
1008 2624 1056 2681 cni
1100 2642 1215 2700 semper
1240 2625 1350 2681 mentio
1375 2623 1420 2694 fit,
1444 2637 1477 2703 nt
1500 2622 1673 2701 simpliciter
1699 2622 1882 2696 Moderatus,

270 2710 369 2767 omnia
383 2730 448 2787 quaa
464 2706 514 2767 hic
527 2710 664 2785 leguntur
684 2706 907 2766 vindicarinon
928 2712 1055 2787 possint.
1100 2732 1249 2789 nunquam
1275 2712 1440 2770 Moderatus
1463 2710 1624 2769 Columella
1644 2712 1816 2790 appelletur.
1840 2712 1886 2771 De

224 2812 228 2825 ¹
271 2799 346 2858 Huic
360 2817 414 2873 ego
433 2817 493 2856 non
518 2796 710 2868 adversabor,
734 2808 888 2853 contentus
912 2795 1052 2873 probasse
1100 2801 1216 2877 placitis
1237 2814 1319 2860 sectae
1346 2822 1405 2861 suae
1431 2800 1629 2878 composuisse
1652 2820 1720 2877 eum
1740 2799 1767 2858 X
1789 2801 1885 2860 libros

270 2886 427 2943 maximam
435 2884 670 2944 commentarioli
686 2896 798 2962 partem
812 2902 875 2941 esse
890 2885 1053 2962 antiquam.
1100 2893 1247 2950 memoriae
1259 2891 1358 2971 prodit
1369 2888 1551 2967 Porphyrius
1563 2889 1616 2948 rit.
1629 2888 1751 2967 Pythag.
1765 2908 1830 2968 pag.
1844 2890 1883 2946 33

269 2973 350 3032 Sexti
372 2973 560 3030 enchiridion
586 2973 687 3050 plures
708 2971 880 3044 ediderunt,
904 2991 920 3030 e
942 2973 1053 3048 quibus
1098 2982 1145 3042 ed.
1157 2981 1263 3041 Nauck.
1277 2979 1355 3058 [219]
1366 2981 1427 3040 sire
1438 2977 1531 3037 libros
1542 2977 1564 3036 V
1576 2980 1765 3058 Πυθαγορικῶν
1779 2982 1884 3059 σχολῶν

270 3062 433 3139 praecipuos
447 3058 628 3120 memorabo.
641 3059 760 3118 Primus
782 3059 837 3118 fuit
860 3060 1052 3138 Symphoria7

269 3167 324 3206 nus
346 3147 539 3226 Cbamperius
561 3149 614 3224 qui
637 3167 712 3224 opus
737 3148 964 3206 ecclesiasticum
990 3168 1054 3208 esse

270 3238 408 3314 opinatus
432 3235 508 3294 Sixti
536 3235 599 3293 sive
622 3234 707 3312 xysti
734 3236 874 3294 annulum
901 3237 1061 3314 inscripsit⁴

269 3324 424 3401 emisitque
439 3323 576 3400 Lugduni
591 3344 616 3382 ³·
640 3325 725 3396 ¹507·
742 3323 856 3382 Deinde
874 3345 939 3383 cum
957 3326 1052 3406 AEuea
1098 3346 1158 3396 erus
1170 3347 1212 3396 rs.
1226 3348 1283 3396 rru
1293 3347 1428 3404 οιιιιιινοπ.
1442 3347 1548 3396 convii.
1565 3360 1619 3408 οπο.
1634 3348 1692 3395 rra
1704 3347 1789 3396 soram
1801 3367 1807 3396 ι
1820 3351 1886 3398 rn-

1130 3205 1195 3268 (ttll
1208 3205 1278 3268 Apud
1287 3205 1423 3266 syncellum
1434 3218 1458 3268 p.
1472 3210 1518 3257 318
1531 3205 1573 3254 ubi
1586 3205 1650 3255 mals
1664 3205 1781 3267 scriptam
1791 3207 1887 3255 inrem-

1097 3278 1138 3325 tur
1148 3276 1231 3326 Σιτίων
1246 3275 1409 3337 reponendum
1422 3275 1526 3325 Σωτίων.
1547 3301 1578 3314 -
1591 3275 1657 3338 (att)
1674 3279 1709 3325 De
1720 3276 1767 3325 hoe
1783 3278 1885 3326 Plutar-

269 3411 584 3490 Gazaei·Theophrasto
609 3413 672 3470 sive
686 3412 803 3488 dialogo
827 3413 864 3470 de
885 3413 1050 3472 animorum
1097 3422 1137 3474 λιιι
1154 3420 1186 3474 εἰς
1201 3419 1295 3480 Ῥώμην
1313 3418 1445 3481 ἀφικομένῳ
1461 3433 1501 3480 μοι
1515 3417 1554 3466 διὰ
1566 3417 1663 3481 χρόνον,
1681 3416 1708 3464 τὸ
1722 3418 1882 3467 troesenen

268 3500 486 3558 immortalitate
505 3491 740 3575 et'dtbenagorae
752 3499 830 3558 libro
848 3500 885 3558 de
904 3520 1053 3560 resurrec·
1097 3488 1568 3625 ἑὲἔίρὲνᾝὲἶζὲζθῖῗζζῖἱὲἵῗέ
1577 3487 1886 3623 ffi’igaqffliiuzm'

1497 3596 1504 3619 ι

268 3589 347 3647 tione
367 3585 451 3664 Xysti
470 3589 628 3647 sententias
648 3587 755 3646 Rufino
774 3589 936 3667 interprete
950 3588 1051 3666 publi·
1097 3634 1260 3693 tlatnyopuct
1281 3631 1402 3691 μαθητήν,
1420 3629 1495 3692 ,νῦν
1516 3629 1652 3678 mm„
1675 3630 1722 3678 ἀπὸ
1740 3628 1881 3694 Τυρρηνίας.

268 3677 345 3734 carit
359 3675 463 3734 Beatus
483 3674 639 3735 Rhenanus
663 3677 832 3736 basileae-a.
852 3677 938 3734 1516.
961 3677 1050 3752 Tum,
1097 3702 1172 3757 oon:
1184 3701 1226 3750 ooo
1241 3705 1303 3764 ὁρῶ,
1316 3702 1412 3751 muros
1423 3702 1463 3751 rso
1475 3700 1587 3762 ἡμίτομον
1598 3699 1710 3762 ἐμψύχων
1724 3697 1882 3763 ἀπεχόμενον,

268 3778 301 3822 ut
315 3765 386 3822 alias
400 3763 544 3823 editiones
566 3769 712 3837 omittam,
738 3764 849 3842 prodiit
872 3764 990 3824 libellus
1020 3767 1052 3830 in
1097 3775 1145 3823 olor
1158 3772 1335 3835 elariffisksob:
1349 3771 1484 3835 Πυθαγόρου
1497 3769 1579 3830 λόγους
1590 3770 1697 3832 προήχθη
1708 3769 1749 3817 καὶ
1762 3767 1883 3850 Τυῤῥηνὸν

257 3843 388 3909 'Thomae
402 3851 487 3910 Galei
498 3853 656 3929 Opusculis
671 3853 889 3930 mythologicis‚
906 3852 1011 3910 ethicis
1024 3867 1053 3912 ct
1097 3845 1220 3906 antonem,
1232 3844 1260 3892 οὗ
1274 3842 1396 3906 saeptam,
1415 3843 1496 3905 imi
1512 3839 1586 3904 iiiii
1600 3856 1675 3898 esser,
1696 3839 1746 3888 ἀλλ’
1768 3839 1837 3887 “⁵³⁰⁹
1857 3839 1883 3887 ss

267 3941 398 4019 physicis
408 3939 604 4016 Cantabrigiae
619 3943 694 4013 1670
703 3954 732 3998 ct
744 3941 952 3998 amstelodami
964 3943 1051 4004 1688.
1096 3911 1598 4049 ,Τιζρθἰᾞὲζαζαῖσῖὖῖἑῗέζνέζιῷῑρξζῖἒᾶ
1608 3910 1883 4042 ξῐίζᾞόδελζῗέῗιᾶἓζ

267 4030 402 4106 Denique
416 4027 554 4087 Urbanus
574 4028 761 4087 Godolredus
782 4027 905 4087 Siberus
925 4030 1050 4088 multum
1096 4059 1145 4106 qm
1158 4057 1197 4103 ,αὶ
1208 4053 1405 4116 ,ὸωπφάπω
1417 4053 1562 4108 amm
1576 4049 1719 4108 353.ng
1734 4049 1882 4112 mam,

266 4127 364 4195 operae
385 4137 419 4176 ac
438 4115 548 4176 laboris
569 4117 601 4174 in
624 4117 802 4176 recensendo
822 4130 851 4176 et
874 4119 1051 4195 explicando
1095 4128 1135 4175 καὶ
1156 4124 1239 4190 χύτρας
1258 4123 1331 4172 τύπον
1349 4120 1456 4186 ἀρθείσης
1479 4123 1503 4171 ἐν
1523 4123 1606 4186 σποδῷ
1628 4121 1660 4183 μὴ
1678 4120 1807 4179 ἀπολιπεῖν,
1823 4118 1882 4168 md

259 4205 323 4280 ¹hos:
333 4206 440 4264 veteris
454 4204 649 4282 philosophiae
657 4217 844 4263 monumento
857 4207 1049 4283 consumpsit,
1095 4201 1206 4278 συγχεῖν,
1217 4194 1258 4279 sat
1267 4191 1387 4279 χελιδόνας
1398 4193 1462 4255 orsis
1473 4193 1506 4254 ul
1515 4193 1638 4288 segnatos,
1655 4190 1713 4279 gast
1723 4190 1794 4276 “feu
1804 4190 1880 4274 istu·

266 4293 347 4370 quod
369 4311 472 4352 errore
491 4292 594 4350 ductus
608 4291 683 4351 Sixti
707 4292 735 4351 ll
753 4293 900 4371 pontilicis
925 4292 1050 4352 Romani
1095 4265 1265 4386 ffigzwg
1273 4262 1765 4397 iffffifflfhffvmiffiaggp
1779 4261 1883 4394 iffi?

267 4392 298 4438 et
311 4380 448 4458 martyris
457 4378 644 4438 enchiridion
655 4379 884 4438 essecontendit.
898 4380 1050 4441 Postremo
1094 4409 1147 4466 ,ὡς
1164 4353 1335 4465 {adsumendas
1364 4407 1404 4455 ω
1433 4351 1565 4468 droam,
1587 4372 1620 4448 ζ.
1646 4351 1711 4467 (ssd)
1732 4351 1883 4463 rdphyrtus

265 4468 393 4526 Orellius
403 4470 436 4526 in
448 4468 588 4546 Opuscul.
605 4481 694 4526 veter.
709 4467 803 4527 Graec.
819 4481 930 4526 santet
947 4472 1049 4531 moral.
1096 4479 1140 4528 rit.
1160 4479 1259 4540 Pythag.
1273 4491 1329 4539 pag.
1352 4479 1382 4526 33
1395 4474 1433 4526 ed.
1448 4476 1553 4525 Nauck:
1570 4475 1626 4535 ἠδὲ
1638 4474 1691 4537 περὶ
1712 4477 1759 4523 τῶν
1776 4473 1882 4537 ἀριθμῶν

266 4569 335 4614 tom.
350 4554 364 4612 l
380 4553 461 4614 Sexti
473 4554 715 4633 apophthegmata
733 4575 798 4613 cum
812 4555 977 4613 enchiridio
996 4575 1050 4633 per
1095 4550 1299 4635 spargentia-n<
1311 4548 1376 4634 iiiut
1389 4562 1415 4595 τε
1424 4549 1481 4608 twi
1495 4549 1535 4597 snt
1545 4547 1677 4610 astemoe
1691 4540 1882 4628 iiim&

266 4641 403 4702 Rufinum
422 4644 455 4701 in
469 4643 600 4719 linguam
623 4643 741 4701 latinam
764 4643 1056 4720 translatorepetiit..
1093 4619 1163 4709 nevo
1178 4620 1317 4708 manoe-'tv
1331 4616 1659 4739 ᾗααυβδῗωᾝψῖὼ*
1674 4615 1701 4664 '⁶
1715 4614 1883 4731 ωὀἒωτξ

264 4730 336 4799 Quae
350 4749 440 4806 quum
456 4731 496 4789 ita
509 4731 579 4801 sint,
597 4730 737 4810 inspectis
761 4729 965 4807 superioribus
983 4730 1048 4788 edi·
1093 4695 1242 4827 ἔνρὲζζᾷιζ
1255 4688 1881 4825 ζζζτξὰςσζὶώταοηὲρχέςᾞᾚγῖἔζῗπζμ,

265 4816 398 4876 tionibus
426 4818 499 4876 nihil
527 4819 635 4896 reliqui
669 4817 834 4876 faciendum
860 4819 1045 4890 existimavi,
1093 4834 1307 4885 &nonstrantes
1322 4831 1592 4896 sumpwsffimaffl„
1607 4804 1818 4886 μιδμσέξοισζομ,
1833 4841 1882 4873 m.

264 4905 421 4983 quominus
432 4905 587 4982 diligenter
598 4907 764 4984 recognitus
778 4904 895 4966 libellus
910 4907 1046 4966 inlunem
1093 4907 1211 4970 ρεγένοντο
1226 4905 1264 4953 ἐπὶ
1278 4904 1332 4958 τοὺς
1343 4902 1452 4965 ἀριθμοὺς
1466 4901 1570 4964 εὐσήμου
1588 4897 1744 4980 scandalon
1756 4895 1825 4982 χιὶμιν
1838 4912 1882 4977 μι·

263 5005 457 5064 revocaretur.
1033 4986 1037 4992 ’
1093 4976 1222 5038 μησάμενον
1234 4975 1287 5030 τοὺς
1303 4974 1435 5060 rurifaus
1455 4974 1496 5020 uu
1511 4972 1564 5028 ui<
1580 4983 1766 5058 rreayffuwffs·
1786 4967 1882 5082 usqne

303 5080 359 5139 Sed
387 5081 524 5159 quoniam
554 5084 631 5143 inter
666 5083 758 5144 Sextii
786 5084 902 5144 sodales
927 5086 1046 5142 Sotionis
1091 5036 1882 5182 Ἐζᾈζῖζέᾜᾙᾙχξὶῗζῶζιχζζὲηᾞτᾞ

265 5168 457 5228 Alexandrini
480 5172 615 5245 memini,
634 5192 721 5251 quem
745 5174 860 5234 Senecae
875 5174 1044 5251 magistrum
1090 5188 1194 5249 λέγονιις
1212 5191 1243 5245 ὡς
1263 5187 1321 5250 πρὸς
1332 5184 1487 5250 πὴνπμώπην
1506 5181 1657 5234 διδασκαλίαν
1675 5181 1783 5242 mirate
1803 5175 1882 5238 εἶναι,
