3959 5925
720 434 956 497 FRAGMENTA
976 434 1109 499 vnhln.
1676 434 1713 483 se

51 588 54 593 '
120 575 183 653 πρὸς
198 572 309 652 ἑαυτήν,
323 572 411 653 ὥσπερ
427 572 459 631 δι’
472 570 551 642 ταύτην
563 569 677 647 αἱρετήν,
688 570 733 628 καὶ
749 566 850 643 μᾶλλόν
862 591 892 646 γε
938 571 1010 649 ψυχῇ
1030 566 1166 647 φρόνησιν,
1186 565 1212 621 έν
1226 561 1253 621 δέ
1276 570 1328 652 τοῖς
1342 558 1415 625 ἐκτός
1432 559 1567 637 εὐωχίαν·
1582 553 1633 628 ό,τι
1647 558 1671 615 δ’
1685 562 1713 617 έν

119 662 184 743 πρὸς
199 663 312 739 ἑαυτήν,
331 659 349 733 ἢ
363 661 428 741 πρός
442 660 488 725 τὰς
501 664 547 715 aot
566 658 685 733 σώματος
706 658 806 738 ἀρετάς·
827 656 895 715 ώστε
939 660 1042 730 σώματι
1052 654 1163 723 κάλλος,
1175 654 1245 709 τοῦτ’
1258 651 1284 708 έν
1297 652 1369 728 ψυχῇ
1384 647 1558 717 δικαιοσύνην,
1576 647 1602 702 έν
1615 645 1641 703 δέ
1662 654 1715 710 τοῖς
1732 708 1737 717 Ι

120 753 193 832 παρὰ
204 750 269 809 πολὺ
282 748 438 829 τιμιωτέρας
451 738 517 805 εἶναι
530 746 574 813 τὰς
585 752 631 817 τῆς
642 750 726 826 ψυχῆς
738 744 839 823 ἀρετάς.
854 746 895 809 Οὔ
939 741 1010 806 ἐκτός
1021 738 1118 819 φιλίαν·
1134 737 1202 795 ώστε
1214 736 1273 816 τρία
1290 734 1352 814 γένη
1366 738 1418 791 τῶν
1431 736 1535 811 ἀγαθῶν
1550 731 1714 808 διαυθαίρετα

120 840 174 917 μὴν
186 838 254 899 ἀλλὰ
269 841 315 898 καὶ
329 837 382 897 ἀπθ
406 842 459 896 τῶν
473 826 708 915 προεφωδευμένων
723 832 791 893 τοῦτ’
808 832 838 890 ἀν
858 855 896 897 τις
940 826 1080 905 ὑπάρχειν,
1089 824 1158 898 τάτρ
1167 823 1227 903 περὶ
1240 823 1345 903 ψυχήν,
1359 821 1405 879 καλ
1418 821 1451 879 τὰ
1460 820 1520 900 περὶ
1529 820 1558 877 τὸ
1567 824 1658 896 σῶμα,
1670 821 1715 879 καὶ

122 928 311 1004 ἀπιλογίσαιτο.
353 927 388 987 Εἴ
411 924 462 1005 γὰρ
476 931 492 996 ἡ
513 930 557 982 τοῦ
572 920 693 998 σώματος
708 921 791 999 ὑγίεια
806 918 894 1000 alpes-i,
939 906 972 972 τὰ
987 913 1069 978 ἐκτός·
1085 912 1131 971 καὶ
1144 916 1238 991 μακρῷ
1251 906 1409 988 αἱρετώτερα
1423 908 1456 965 τὰ
1477 907 1537 986 περί
1557 906 1644 986 ψυχὴγ
1664 912 1716 965 τῶν

122 1016 156 1072 δι’
172 1015 269 1089 αὑτήν,
284 1013 330 1073 καὶ
349 1011 416 1071 πολθ
432 1013 530 1088 μᾶλλον
552 1015 569 1081 ἡ
592 1014 637 1081 τῆς
650 1014 747 1091 ψυχῆς·
770 1009 854 1087 ὑγίεια
869 1005 896 1065 δὲ
940 1000 1042 1072 ἀλλων,
1062 1000 1152 1074 ἐπειδὴ
1173 1001 1219 1058 καὶ
1237 998 1459 1077 ἡγεμονικώτερον
1482 998 1526 1057 καὶ
1549 997 1715 1075 αἱρετώτερον

120 1108 207 1183 ψυχῆς
221 1100 388 1183 σωφροσύνη,
410 1104 456 1170 τῆς
479 1098 652 1179 σφοδρότητος
674 1096 825 1157 ἀπολύουσα
845 1098 896 1153 τῶν
940 1090 1013 1172 ψυχὰΙ
1024 1088 1155 1165 σώματος.
1168 1090 1253 1159 Δῆλον
1265 1079 1309 1146 σόν
1316 1090 1356 1145 ότι
1365 1090 1415 1143 τῶν
1426 1090 1471 1144 τοῦ
1482 1083 1604 1159 σώματος
1612 1088 1717 1192 ,ἀρετῶν

120 1172 214 1249 παθῶν
229 1196 307 1264 ἡμᾶς.
337 1188 390 1247 Καὶ
405 1190 427 1245 εί
443 1185 516 1265 ἰσχύς
536 1192 552 1257 ἡ
575 1186 713 1262 σωματικὴ
725 1189 777 1245 τῶν
793 1188 895 1263 ἀγαθῶν
941 1182 986 1239 καὶ
1000 1183 1052 1238 τῶν
1066 1178 1138 1245 ἓκτθς
1148 1180 1176 1236 αἱ
1189 1182 1235 1249 τῆς
1253 1180 1337 1257 ψυχῆς
1353 1174 1515 1255 ὑπάρχουσιν
1529 1175 1716 1251 αθρετωτεραι,

121 1282 194 1348 ἔστι,
209 1275 273 1336 πολὺ
290 1277 386 1352 μᾶλλον
402 1280 418 1345 ἡ
433 1273 531 1355 ψυχικὴ
550 1275 583 1332 δι’
605 1273 686 1344 αὑτὴν
702 1274 731 1333 ἀν
748 1273 789 1344 εἴη
808 1270 907 1351 αἱρετὴι
942 1265 1072 1345 ὑπεροχὴν
1085 1264 1179 1341 ὁμοίως
1197 1264 1347 1345 φερόμεναι·
1362 1261 1533 1342 στοχάζονται
1558 1260 1585 1319 tt
1608 1260 1717 1319 καὶτῶν

121 1365 169 1424 καὶ
183 1364 288 1443 ἀγαθόν.
302 1366 402 1443 Ψυχῆς
414 1362 437 1420 δ’
450 1362 517 1420 ἔστιν
532 1360 607 1440 ίσχθς
620 1360 725 1440 ἀνδρεία
741 1361 784 1419 καλ
801 1382 896 1437 καρτε-
943 1356 1029 1415 ἀλλων
1043 1357 1144 1433 πρῶτον
1164 1352 1211 1429 μὰν
1224 1356 1259 1419 ώς
1269 1352 1470 1431 διαυθαιρέτων,
1483 1349 1562 1408 ἔπειθ’
1575 1352 1610 1416 ώς
1623 1348 1718 1429 χρησί·

123 1454 184 1530 ρίσ,
203 1451 345 1531 εὐρώστους
370 1451 417 1517 τὰς
440 1450 526 1530 ψυχὰς
546 1449 786 1516 κατασκευάζουσα·
809 1448 898 1524 διόπερ
943 1465 999 1519 μων
1009 1440 1071 1521 πρός
1082 1464 1110 1498 τε
1118 1440 1163 1499 τὸν
1175 1438 1307 1498 πολιτικὸν
1322 1437 1418 1497 καὶτὸν
1431 1437 1578 1496 κοινωνικόν
1595 1438 1718 1521 βίογ,κα“ι

123 1540 156 1598 ἀν
170 1539 209 1609 εἴη
224 1538 295 1609 καὶὴ
308 1538 412 1617 ἀνδρεία
427 1538 459 1595 δι’
476 1538 557 1607 αὑτὴν
570 1536 659 1613 αἱρετὰ
671 1535 715 1593 καὶ
729 1540 745 1605 ἡ
759 1535 895 1615 καρτερία.
944 1530 975 1600 δὴ
988 1529 1032 1587 καὶ
1054 1529 1117 1605 πρὸς
1131 1527 1174 1587 τθν
1188 1527 1355 1606 θεωρητικόν.
1371 1528 1600 1604 Παραμετρεῖσθαι
1611 1524 1662 1603 γὰρ
1674 1526 1719 1584 τὰν

125 1626 203 1687 Ιίατὰ
215 1627 245 1684 τὰ
256 1626 380 1703 ἀνάλογον
395 1627 418 1682 el
433 1622 462 1681 τὰ
475 1622 568 1689 κάλλος
585 1623 614 1683 τὰ
625 1622 774 1698 σωματικὸν
784 1624 818 1679 δι’
834 1620 898 1679 σύτὸ
947 1618 1003 1695 βίον
1020 1623 1076 1681 ταῖς
1089 1618 1235 1682 πολιτικαῖς
1250 1613 1362 1679 καὶτοῖς
1376 1620 1536 1677 κοινωνικαῖς
1551 1610 1660 1688 πράξεσι
1673 1613 1718 1671 καὶ

123 1713 239 1791 αἱρετόν,
256 1711 346 1771 καὶτὸ
367 1715 413 1781 τῆς
436 1714 521 1790 ψυχῆς
544 1710 637 1776 κάλλος
657 1710 696 1781 εἴη
720 1710 750 1767 ἀν
772 1707 805 1767 δι’
832 1709 898 1765 αθτδ
944 1710 1001 1768 ταῖς
1022 1705 1200 1780 θεωρητικαῖς.
1243 1702 1284 1760 θθ
1305 1701 1356 1779 γὰρ
1372 1700 1495 1780 φίλαυτον
1511 1688 1639 1769 εἶναιτὴν
1655 1700 1717 1777 ἀρι-

123 1802 236 1879 σίρετόν,
249 1801 342 1866 κάλλος
366 1800 392 1857 δέ
411 1802 497 1878 ψυχῆς
512 1801 580 1857 ἐστιν
595 1802 612 1868 ἡ
627 1797 794 1871 δικαιοσύνη,
806 1796 836 1856 τὰ
849 1796 899 1876 γδιρ
944 1790 990 1863 rip
1013 1789 1082 1849 κατὰ
1095 1787 1141 1860 τὴν
1157 1789 1256 1867 αἵρεσιν
1277 1789 1393 1865 ταύτην,
1415 1787 1483 1846 ἀλλὰ
1507 1785 1658 1857 κοινωνικὴν
1673 1787 1720 1845 καὶ

125 1889 207 1967 μηθὲν
226 1890 323 1948 ἀδικεῖν
337 1888 380 1946 καί
398 1885 491 1953 καλοὺς
506 1890 575 1962 ἡμᾶς
589 1893 656 1947 πως
670 1884 721 1944 τοι,
943 1878 1089 1950 πολιτικήν.
1138 1877 1248 1944 Τούτοις
1260 1879 1282 1935 δ’
1298 1877 1445 1943 ἀκολούθως
1455 1877 1501 1935 καὶ
1516 1876 1563 1941 τὰς
1577 1876 1657 1951 μονὰς
1672 1876 1721 1941 τὰς

944 1970 970 2026 ἓν
985 1969 1022 2045 τῶ
1038 1968 1084 2037 ζῆν
1099 1969 1322 2045 παραμετρεῖσθαι
1332 1966 1392 2031 ’ταῖς
1408 1972 1568 2029 κοινωνικαῖς
1581 1964 1626 2022 καλ
1640 1965 1719 2022 πολι-

155 2046 309 2110 Ὂῐιτᾶτῖία
323 2046 436 2107 phaedro
454 2040 560 2105 haido,
574 2043 665 2105 ‘iiiiii
683 2042 792 2106 “iimo
807 2043 836 2092 i&
850 2044 900 2106 '³¹9³
944 2061 1028 2119 τικσῖς
1041 2052 1087 2112 καλ
1104 2059 1272 2133 θεωρητικαῖς
1292 2052 1416 2133 πράξεσι,
1433 2053 1479 2111 καί
1498 2052 1545 2120 τὰς
1567 2051 1676 2133 ἀφόδους
1690 2054 1722 2110 ἐκ

124 2126 211 2188 ψοχήυ,
227 2124 257 2173 τὰ
272 2123 348 2183 θιιτός,
362 2122 485 2183 ἀναλογίαν
496 2123 552 2185 πρὸς
565 2122 653 2179 ἄλληλα
662 2122 721 2185 ῖχει,
731 2120 807 2170 καίτοι
822 2122 900 2184 daupi·
945 2145 995 2199 τῶ,
1018 2140 1150 2201 Μηίων,
1193 2140 1303 2211 Ἐπειδὴ
1327 2139 1380 2221 γὰρ
1407 2140 1472 2218 πρὸς
1499 2138 1593 2210 ἑαυτὴν
1621 2141 1721 2221 spalat&-

75 2248 77 2257 ι
125 2212 203 2261 “⁰⁹³''
945 2234 1006 2287 σθαι
1027 2229 1142 2306 μάλιστα
1157 2228 1262 2287 πάντων
1284 2228 1383 2309 ἔφαμεν
1397 2228 1445 2300 τὴν
1463 2226 1575 2307 ἀρετήν,
1593 2228 1669 2299 δῆλον
1682 2232 1719 2295 ῶς

125 2326 178 2385 Τὸν
193 2320 375 2399 παραπλήσιον
395 2310 494 2379 δἐἶναι
509 2318 641 2396 λόγονκαὶ
658 2319 700 2378 ἐπὶ
717 2321 767 2377 τῶν
784 2322 900 2399 ἀρετῶν,
945 2316 990 2374 καὶ
1014 2315 1077 2394 πρὸς
1097 2314 1144 2386 τὴν
1177 2319 1224 2386 τῆς
1246 2315 1367 2389 ἀληθείας
1402 2316 1549 2391 ἐπιστήμην
1574 2316 1721 2394 ἀναγκαίως

126 2412 170 2470 διὰ
190 2411 220 2468 τό
240 2412 322 2467 δοκεῖν
344 2409 377 2468 τὰ
391 2410 450 2488 τρία
464 2407 527 2485 γένη
541 2411 592 2466 τῶν
609 2411 711 2485 ἀγαθῶν
729 2410 759 2466 ἐκ
777 2408 901 2481 πλείστης
945 2404 1091 2484 ᾠκειῶσθαι
1104 2406 1217 2483 φιιιιιιιῶς
1232 2404 1321 2475 αὐτόν·
1335 2400 1403 2463 ῶστι
1417 2403 1528 2469 καὶτοῖς
1544 2406 1630 2481 σοφοῖς
1644 2401 1722 2461 εύλο·

126 2502 251 2575 διαφορᾶς
269 2501 315 2568 τῆς
334 2498 361 2553 έν
382 2496 505 2567 ἀλλήλοις
523 2492 593 2571 ὅμως
615 2492 685 2573 ἔχειν
708 2493 765 2552 τινὰ
778 2494 841 2573 πρὸς
857 2495 901 2554 τόν
945 2512 989 2566 γον
1008 2488 1138 2569 ἐξαγωγὴν
1153 2493 1182 2547 tx
1196 2496 1241 2549 τοῦ
1254 2494 1300 2561 ζῆν
1313 2495 1481 2568 θεωρεῖσθαι,
1496 2490 1603 2557 καὶτοῖς
1617 2494 1723 2571 φαύλοις

125 2588 203 2664 λόγον
214 2584 375 2659 ἀναλογίαν,
392 2584 423 2654 ἣν
438 2583 483 2641 καὶ
498 2581 529 2653 δὴ
551 2580 710 2660 πειράσομαι
724 2584 840 2653 δηλῶσαι
856 2606 903 2641 σα-
946 2577 1052 2656 εὔλογον
1064 2580 1090 2637 έν
1104 2582 1143 2657 τῷ
1153 2581 1199 2649 ζῆν
1215 2578 1305 2656 μονήν·
1319 2587 1373 2645 τοῖς
1382 2577 1433 2656 γάρ
1448 2580 1561 2636 ἐκτελεῖν
1572 2579 1723 2656 δυναμένοις

125 2676 190 2751 φῶς.
230 2668 318 2749 Ὅπερ
334 2672 380 2747 μέν
393 2660 437 2727 σόν
454 2672 479 2727 ἐν
492 2667 596 2744 σώματί
608 2692 691 2747 φαμεν
710 2667 816 2744 ὑγίειαν,
832 2673 901 2728 τοῦτ’
946 2664 993 2729 τὰς
1012 2662 1162 2730 immittit<
1175 2664 1221 2723 καὶ
1235 2662 1371 2730 mittut<
1384 2661 1489 2743 πράξει(
1503 2663 1548 2720 eal
1564 2666 1724 2744 θεωρητικὰς

126 2762 153 2815 ἐν
169 2762 202 2837 τῇ
216 2761 288 2837 ψυχῇ
311 2759 447 2815 καλεῖσθαι
467 2754 647 2835 σωφροσύνην,
671 2758 698 2814 ἐν
713 2756 740 2814 δὲ
757 2764 809 2823 τοῖς
831 2756 903 2825 ἀκτὰς
947 2754 992 2811 καὶ
1007 2756 1066 2810 ’τῶν
1087 2751 1236 2810 σπουδαίων
1255 2750 1302 2810 καί
1315 2756 1367 2810 τῶν
1383 2751 1506 2830 φαύλων,
1524 2750 1628 2829 εὔλογον
1642 2752 1669 2809 ἀν
1683 2756 1722 2831 τῷ
1800 2786 1803 2796 ·

124 2848 255 2917 πλοῦτον,
272 2842 432 2921 περιστέλλει
449 2842 500 2923 γάρ
520 2842 554 2901 τὰ
570 2842 655 2901 πολλὰ
669 2844 720 2899 τῶν
736 2842 897 2921 ἀμαρτημά-
947 2830 1074 2919 ζῆνιείναι
1089 2838 1179 2914 μονήν·
1190 2846 1244 2906 τοῖς
1259 2838 1287 2898 δὲ
1302 2837 1340 2917 μὴ
1355 2837 1504 2915 δυναμένοις
1521 2838 1625 2914 εὔλογον
1634 2840 1664 2897 ἐκ
1677 2846 1724 2899 τοῦ

125 2955 192 2993 των.
250 2929 327 2990 Ketis
346 2936 420 2990 τοῦτο
436 2929 481 3005 δέ,
504 2930 568 3011 ὅπερ
590 2932 667 3010 ἀντῷ
687 2928 791 3004 σώματι
810 2929 901 3010 ἶσχόν,
947 2932 994 2999 ζῆν
1009 2926 1178 3007 ἀπαλλαγήν.
1220 2926 1331 3000 Ἐπειδὴ
1347 2922 1386 2962 ²³⁷
1406 2925 1508 3003 μεγάλη
1529 2930 1575 2997 τῆς
1594 2928 1686 3007 ἀρετῆς
1701 2930 1726 2986 ἐ.

125 3021 200 3077 τοῦτ’
219 3019 292 3098 έντῇ
312 3022 382 3098 ψυχῇ
396 3017 444 3088 τὴν
459 3018 595 3094 ἀνδρείαν,
611 3020 636 3075 έν
657 3017 684 3075 δὲ
699 3018 751 3082 τοῖς
767 3018 839 3085 ἀκτὰς
854 3018 903 3088 τὴν
949 3040 1006 3074 στιν
1018 3016 1134 3096 όπεροχλ
1147 3016 1214 3075 κατά
1225 3014 1451 3088 τετθποιητικόν,
1463 3015 1507 3073 καὶ
1523 3014 1592 3073 κατὰ
1605 3017 1635 3073 τὸ
1648 3017 1722 3075 διαυ-

127 3104 223 3184 ἀρχήν·
235 3104 299 3186 ὅπερ
310 3107 331 3163 δ’
346 3108 372 3163 h
384 3107 420 3184 τῷ
433 3104 536 3180 σώματι
553 3103 732 3176 ιθσισθησίαν,
742 3104 811 3162 τοῦτ’
826 3107 853 3164 ἐν
866 3109 898 3185 τῇ
948 3103 1063 3184 θαίριτον
1073 3104 1146 3184 παρὰ
1154 3105 1186 3163 τὰ
1196 3105 1333 3180 σωματικὰ
1344 3103 1431 3162 καὶτὰ
1442 3101 1535 3170 ἔξωθεν
1545 3102 1646 3181 ἀγαθά,
1656 3105 1725 3163 κατὰ

127 3299 332 3350 Pulchritudineur
349 3277 413 3350 enirn
429 3312 472 3362 per
492 3311 519 3348 se
534 3296 648 3347 blandum
665 3297 723 3358 qnid
738 3299 836 3360 trahere,
848 3312 902 3361 per·
951 3299 1024 3349 robur
1034 3299 1095 3349 inter
1106 3298 1169 3349 bona
1178 3304 1326 3360 numeratur,
1337 3298 1414 3347 molto
1426 3297 1503 3360 magis
1512 3299 1588 3348 animi
1600 3298 1674 3348 rohur
1686 3313 1728 3360 per

127 3387 237 3450 spicuurn
249 3393 296 3438 est.
312 3391 402 3437 Omnes
412 3389 476 3436 certe
489 3387 574 3436 natura
590 3385 696 3448 pulchris
711 3387 782 3435 etiarn
794 3387 846 3436 sine
857 3387 906 3437 ullo
950 3400 977 3436 sc
991 3387 1023 3436 ait
1035 3386 1196 3450 expetendum
1211 3388 1236 3437 ct
1247 3385 1347 3435 bonum.
1362 3388 1482 3435 caeterum
1499 3385 1575 3434 animi
1589 3387 1664 3435 rohur
1677 3386 1726 3434 tor·

129 3487 176 3522 usu
190 3471 353 3532 conciliamur,
367 3470 485 3534 siqnidem
498 3472 560 3522 hene
568 3472 599 3522 dc
612 3474 641 3522 iis
653 3487 743 3523 merere
755 3473 832 3536 iisqne
844 3475 906 3525 bene
951 3474 1028 3524 titudo
1035 3473 1063 3524 et'
1074 3475 1187 3536 patientta
1199 3475 1248 3535 est,
1260 3487 1315 3536 quaa
1326 3473 1435 3523 robustos
1446 3473 1524 3523 reddit
1533 3473 1641 3535 εοῖιυονς
1653 3487 1728 3536 quaro

130 3560 347 3621 lacerccupirnus,
363 3560 397 3609 ita
410 3563 438 3610 ut
450 3559 642 3611 benevolentiam
655 3561 806 3622 pulchritudo
820 3561 859 3612 illa
872 3563 905 3626 gi·
951 3563 1000 3611 tam
1017 3562 1133 3612 tortitudo
1150 3575 1224 3624 quam
1238 3562 1352 3624 patientia
1365 3574 1410 3623 per
1423 3559 1492 3611 assit
1505 3562 1652 3624 expetenda.
1671 3562 1727 3611 Pari

129 3661 206 3712 gnere
214 3648 330 3698 rideatur.
363 3650 523 3707 Quamobrem
534 3650 579 3702 hac
589 3662 688 3712 qnoque
699 3653 790 3702 ratione
803 3652 907 3715 pulchri·
951 3653 1043 3701 ratione
1060 3651 1081 3701 si
1099 3651 1209 3713 corporis
1229 3649 1380 3712 pulchritudo
1401 3662 1443 3712 per
1459 3662 1486 3699 sc
1507 3649 1637 3712 expetitur,
1656 3651 1728 3702 simul

128 3737 193 3786 tudo
207 3736 302 3786 erebus
312 3749 353 3799 per
366 3749 393 3786 se
406 3737 547 3799 expetendis
560 3739 615 3787 est:
632 3739 758 3800 turpitudo
769 3740 798 3788 ad
810 3753 848 3789 ros
865 3753 907 3802 per
951 3738 1022 3788 etiarn
1035 3738 1107 3786 animi
1127 3737 1280 3800 pulchritudo
1296 3749 1339 3798 per
1352 3750 1378 3786 se
1389 3737 1523 3798 expetenda
1538 3738 1600 3799 erit;
1615 3740 1653 3789 est
1670 3752 1729 3790 reru

129 3838 157 3874 ae
173 3823 293 3885 lugieudas
309 3823 420 3885 pertinet.
453 3827 535 3886 Neque
549 3825 715 3876 aliasanltatia
731 3827 906 3888 elmorhl,po·
951 3826 1025 3874 animi
1039 3824 1193 3887 pulchritudo
1202 3823 1310 3887 justitia,
1323 3823 1438 3886 neroniana
1449 3823 1508 3872 nihil
1518 3825 1605 3886 iniuste
1619 3827 1729 3879 radendo

129 3911 198 3960 horis
210 3910 399 3971 stinhrrnitalis,
414 3911 503 3974 pedum
514 3913 660 3972 pernicitatis
671 3919 695 3963 et
709 3909 838 3974 tarditatis,
851 3927 906 3964 sen·
953 3913 1046 3976 pulchri
1060 3925 1156 3976 quoque
1166 3911 1307 3974 honestique
1321 3911 1430 3961 crimus!

130 4012 176 4046 sus
187 3998 270 4060 integri
284 4001 325 4048 aut
335 3999 418 4047 amissi
431 3999 493 4049 ratio
503 4001 551 4050 est.
567 4001 684 4060 Quocirca
696 4003 716 4051 ai
726 4001 831 4066 corporis
845 4003 907 4052 hona

130 4101 177 4152 per
190 4099 219 4136 ee
229 4088 363 4150 expetenda
376 4101 429 4138 ease
445 4089 676 4150 demonstravimus,
689 4090 751 4139 mala
763 4093 844 4140 aulem
854 4103 909 4154 quae

130 4176 179 4224 illis
188 4175 313 4226 contraria
323 4179 380 4226 sunt
394 4189 436 4238 per
447 4189 473 4248 ac
485 4177 612 4240 fugienda,
629 4177 701 4227 animi
714 4192 812 4240 quoque
826 4185 908 4241 partes

130 4277 265 4326 canumque
273 4268 299 4314 et
311 4266 384 4316 totius
395 4267 468 4316 animi
478 4265 578 4316 virtutes
588 4280 686 4316 necessa
696 4275 732 4318 est
740 4267 826 4318 eodeni
838 4267 910 4317 nnodo

131 4365 215 4414 perse
230 4351 320 4413 expeti.
361 4355 470 4414 Namque
484 4366 498 4402 a
511 4354 618 4416 corporis
630 4357 654 4403 et
665 4355 769 4404 externis
786 4355 854 4404 honis
866 4354 909 4404 ini·
954 4355 1285 4419 similieqnoqnerirlutum
1301 4355 1427 4411 rational,
1450 4368 1527 4418 quoru
1547 4353 1593 4404 tria
1612 4352 1732 4406 honorum

131 4441 195 4488 tiuua
210 4453 323 4501 sumens,
338 4441 365 4489 ut
377 4440 544 4501 ostendimus,
566 4441 656 4502 virtus,
667 4447 738 4505 utque
748 4443 778 4491 al
794 4456 821 4492 sc
834 4443 910 4505 ipsam
955 4457 1041 4506 genera
1058 4444 1082 4492 in
1094 4443 1200 4494 unanimo
1217 4442 1282 4504 quod
1296 4442 1359 4491 inter
1371 4441 1463 4504 singule
1475 4445 1515 4493 est
1526 4441 1678 4504 discrimine,
1693 4445 1731 4493 ts-

131 4538 249 4576 conrcrsa
262 4527 394 4587 ridensque
411 4541 438 4577 ea
463 4541 517 4590 quoe
537 4530 567 4578 ad
583 4529 690 4578 animum
704 4532 811 4590 spectent
834 4531 910 4580 multo
956 4544 1012 4580 rnen
1026 4530 1148 4593 qnandarn
1158 4542 1215 4579 ωαι
1227 4529 1320 4579 ratione
1330 4529 1530 4579 ueceultudlnern
1542 4529 1733 4583 habereridesn·

131 4608 210 4674 magis
231 4613 277 4664 sihi
292 4615 503 4679 coarsuirequsrn
521 4617 630 4678 corporis
648 4616 711 4666 hona
728 4633 734 4665 :
750 4617 783 4666 itu
796 4617 843 4666 sibi
860 4617 911 4680 ipsa
956 4621 1007 4679 lnr,
1020 4630 1093 4680 qnam
1116 4616 1223 4667 dilucide
1243 4616 1362 4677 explicare
1374 4616 1482 4666 ιοιιιοθο.
1530 4617 1601 4674 Quod
1622 4617 1694 4679 igitur
1708 4619 1733 4667 in

131 4701 285 4764 conciliatur,
301 4705 380 4764 utper
389 4715 415 4752 ae
426 4702 549 4765 eligenda,
559 4705 584 4752 et
597 4703 672 4766 magis
683 4705 780 4766 quidem
792 4704 843 4767 ipsa
856 4704 909 4766 sihi,
957 4718 1058 4768 corpore
1071 4704 1175 4772 dicineus
1193 4705 1341 4764 acuitatem,
1361 4702 1386 4752 ld
1406 4703 1431 4751 lu
1454 4693 1535 4752 auimo
1550 4705 1734 4766 temperantiam

130 4801 209 4850 qrrarn
226 4790 335 4852 corporis
354 4790 500 4852 virtutihus,
527 4795 555 4842 ut
573 4791 633 4840 adeo
651 4793 727 4841 multo
749 4793 913 4842 Ιιοιιοτειῖοτεο
959 4792 1129 4855 rosariajunt.
1142 4792 1280 4842 inexternie
1291 4789 1583 4853 autemdicitias,quipps
1594 4805 1649 4854 qnae
1657 4793 1735 4841 muha

130 4877 185 4926 slot
194 4875 268 4925 animi
282 4877 393 4927 virtutes.
412 4879 540 4928 Enimvero
555 4879 678 4929 hocetiam
688 4893 719 4930 en
730 4880 761 4929 iis
774 4891 829 4943 qnoe
842 4887 913 4930 antea
959 4883 1056 4944 peccata
1071 4881 1161 4942 tegant.
1178 4883 1215 4929 lta
1224 4879 1289 4939 quod
1300 4879 1325 4927 ln
1337 4891 1439 4940 corpore
1455 4878 1537 4939 robur,
1547 4879 1573 4928 iu
1585 4879 1667 4928 aniuw
1678 4893 1735 4930 esse

132 4963 258 5026 persecuti
272 4977 357 5013 sumus
372 4965 441 5016 tacite
459 4967 512 5028 qula
529 4968 656 5028 collegerit.
682 4967 775 5017 Etenim
788 4969 808 5018 si
828 4981 912 5030 corpo·
960 4969 1141 5028 tortitudinem,
1165 4967 1191 5016 iu
1206 4966 1310 5016 outonis
1329 4965 1471 5028 imperium
1497 4968 1563 5030 quod
1584 4968 1608 5016 ln
1632 4979 1735 5030 corpore

131 5051 171 5100 ris
186 5045 277 5100 εεαῖιτό
291 5065 333 5112 per
346 5065 372 5102 se
384 5053 486 5104 hahetur
498 5056 646 5116 expetenda,
662 5056 737 5106 multo
752 5057 825 5106 etiarn
837 5057 913 5119 magis
958 5070 1072 5108 sensuum
1084 5055 1217 5117 integritas,
1229 5055 1343 5104 inanimo
1352 5065 1405 5103 esse
1417 5053 1578 5116 prudentiam,
1592 5055 1616 5104 iu
1630 5056 1735 5104 extemis

134 5139 213 5188 animi
227 5153 234 5183 ι
248 5142 287 5189 est
307 5142 389 5190 nortem
407 5142 481 5191 animi
499 5143 590 5193 sanitas
606 5145 776 5206 temperantia,
790 5157 845 5208 qna
862 5157 914 5208 per·
960 5144 1109 5205 felicitatem
1123 5142 1227 5205 denique
1240 5143 1305 5205 quod
1327 5143 1353 5192 iu
1372 5155 1474 5204 corpore
1489 5141 1655 5205 pulchritudo,
1671 5141 1696 5190 id
1711 5142 1735 5190 in

135 5225 306 5276 turbationum
332 5227 495 5291 magnitudine
516 5241 560 5279 nos
578 5229 671 5281 liberal.
721 5234 751 5281 El
771 5231 791 5281 st
807 5232 914 5296 corporis
961 5230 1249 5294 animoesscjnstitisnn,
1262 5231 1287 5281 iu
1300 5233 1406 5283 externis
1415 5230 1630 5294 amicitiam,sdeo
1646 5232 1672 5280 ut
1690 5230 1737 5279 tria

981 4064 1037 4110 thia
1052 4063 1164 4110 θσιιστιινιι
1173 4076 1260 4120 persero
1271 4067 1321 4108 tuus
1332 4061 1508 4120 cuparum
1522 4063 1614 4119 asini,
1629 4067 1680 4109 ism
1689 4077 1729 4109 εα-

954 4149 1033 4199 hena,
1042 4142 1150 4203 ςμσαιοῖε
1164 4142 1256 4188 diosna
1263 4143 1325 4197 siat,
1336 4145 1416 4188 unes
1428 4143 1530 4188 ταιῖοιιὺ
1548 4143 1731 4190 similitudinem

954 4225 1019 4268 iuter
1030 4235 1053 4267 se
1063 4222 1157 4268 hahere.
