3959 5925
272 475 359 518 txxn
398 493 401 500 ·
453 499 457 503 -
913 455 965 514 DE
988 453 1267 517 Paotxeonx.··
1324 536 1329 553 ι

269 588 401 667 exempla
426 588 532 645 intacta
553 587 747 664 permansisse
764 600 850 663 atque
871 584 907 643 ad
930 586 1047 643 tertium
1096 586 1268 665 opinionum
1279 586 1449 644 commentis
1463 584 1542 643 viam
1557 583 1615 643 sibi
1631 584 1668 641 ad
1683 583 1881 662 philosophiae

269 691 335 757 post
357 676 424 734 Chr.
441 695 471 732 n.
490 675 627 733 seculum
646 687 807 752 propagata
830 692 893 732 esse
916 674 1051 749 explora·
1096 688 1239 754 precepta
1250 673 1410 733 muniebat.
1425 673 1499 731 llinc
1518 685 1639 731 venusta
1662 672 1714 730 illa
1726 666 1828 729 labula
1843 674 1880 730 de

269 778 330 823 tum
345 764 494 822 habemus.
511 761 621 840 Nempe
640 760 774 832 Platoni,
789 759 964 833 Plutarcho,
978 760 1049 818 Dio·
1095 764 1215 821 humani
1224 761 1339 838 generis
1347 774 1413 818 ortu
1423 762 1586 839 primisque
1599 757 1780 828 civitatibus,
1791 778 1880 834 quam

268 852 334 929 geni
344 851 460 909 Laertio
472 848 565 908 libros
576 850 767 926 Protagoreos
780 849 903 906 lectione
917 849 1049 924 cognitos
1095 872 1131 911 ex
1152 852 1277 929 quodam
1298 850 1436 927 sophistae
1448 848 1524 907 libro
1538 848 1649 927 profert
1662 845 1743 905 Plato
1757 847 1790 903 in
1805 848 1879 905 Pro·

269 940 357 998 tuisse
380 959 416 997 ex
439 939 539 997 multis
564 938 684 996 iudiciis
706 949 794 1015 patet.
818 937 963 1011 Diogenes
987 938 1046 1015 (39)
1097 954 1195 1017 tagora
1207 941 1278 1015 (43).
1292 938 1388 1007 Quum
1404 938 1455 995 alii
1469 938 1501 997 ἱιι
1513 938 1580 996 aliis
1592 937 1698 995 studiis
1710 948 1878 1007 versentur,

268 1028 329 1086 baec
342 1025 407 1103 ejus
422 1026 574 1084 volumina
596 1043 747 1104 superesse
761 1025 801 1082 ait
818 1048 825 1081 ι
842 1024 934 1103 Τέχνη
952 1026 1048 1101 ἐριστι·
1096 1032 1256 1088 communis
1270 1040 1366 1085 tamen
1381 1028 1511 1084 omnium
1526 1025 1675 1083 hominum
1689 1024 1790 1101 judice
1804 1024 1880 1081 Pro·
1951 1036 1952 1079 t

268 1120 332 1175 κῶν.
349 1116 417 1195 Περὶ
431 1115 528 1185 πάλης.
543 1114 611 1194 Περὶ
627 1118 679 1172 τῶν
697 1110 875 1189 μαθημάτων.
891 1110 958 1191 Περὶ
972 1114 1048 1171 πολι·
1097 1130 1193 1193 tagora
1206 1114 1320 1193 justitia
1338 1133 1401 1172 esse
1413 1112 1498 1171 debet
1515 1114 1547 1172 in
1566 1133 1625 1191 qua
1637 1112 1757 1171 colenda
1773 1112 1880 1169 eivita-

266 1202 348 1271 τοίας.
375 1201 442 1282 Περὶ
464 1204 623 1281 φιλοτιμίας.
647 1198 714 1279 Περὶ
732 1200 841 1278 ἀρετῶν.
865 1199 933 1279 Περὶ
950 1202 1008 1272 τῆς,
1021 1202 1047 1259 ἐν
1096 1217 1155 1262 tum
1168 1205 1288 1263 salutem
1301 1203 1424 1281 positam
1442 1220 1504 1261 esse
1520 1200 1719 1261 arbitrabatur
1737 1200 1811 1277 (44).
1829 1204 1877 1258 Αι-
1951 1200 1952 1271 l

268 1294 339 1373 apg
361 1291 556 1355 καταστάσεως·
578 1287 644 1368 lltpl
665 1289 717 1344 τῶν
738 1288 764 1343 ἐν
782 1284 878 1374 ᾏδοο.
904 1287 972 1367 Περὶ
996 1291 1048 1346 τῶν
1098 1312 1155 1370 que
1180 1305 1213 1351 ut
1237 1291 1311 1350 hanc
1337 1292 1477 1349 virtutum
1503 1290 1632 1348 omnium
1659 1289 1878 1348 tundamentum
1951 1292 1952 1343 l

267 1382 404 1461 οὖκόρθῶς
420 1379 472 1445 τοῖς
492 1376 634 1459 ἀνθρώποις
653 1376 855 1457 πρασσομένων.
875 1379 1046 1457 Προστακτι;
1095 1378 1219 1437 habebat
1232 1401 1238 1435 :
1253 1380 1294 1435 ita
1317 1379 1406 1437 animi
1431 1376 1669 1455 tranquillitatem
1686 1377 1880 1451 exaggerabat
1951 1380 1952 1461 )

268 1466 323 1535 κός.
338 1469 405 1540 Δίκη
421 1466 486 1547 ὑπὲρ
501 1462 782 1542 μισθοδ.Ἇντιλογιῶν
799 1462 1046 1522 δύαιλιίιίείίωεί-
1096 1486 1160 1544 quae
1178 1466 1298 1525 multum
1320 1478 1349 1523 et
1367 1467 1403 1524 ad
1423 1466 1588 1524 felicitatem
1601 1479 1630 1523 et
1645 1466 1681 1522 ad
1695 1465 1808 1523 doloris
1831 1486 1879 1523 va·
1951 1462 1952 1479 ¹

268 1558 328 1615 lum
342 1556 401 1635 περὶ
424 1559 471 1612 τοῦ
488 1552 561 1619 ὄντος
582 1566 774 1611 memoratum
798 1552 966 1631 Porphyrio
988 1555 1044 1632 (4ο)
1097 1550 1573 1634 cultatemprodessethtb).Idem
1586 1552 1879 1629 doctrinamingenio

267 1644 344 1723 apud
359 1642 465 1703 Euseb.
483 1642 578 1720 Praep.
595 1640 704 1717 Evang.
722 1641 776 1698 lib.
794 1640 820 1698 X
835 1644 900 1718 cap'.
917 1641 945 1714 3,
962 1661 1047 1717 quem
1096 1657 1125 1701 et
1146 1642 1354 1701 exercitatione
1383 1642 1516 1717 indigere
1541 1642 1598 1715 ait,
1632 1640 1682 1701 sed
1703 1644 1743 1697 ita
1763 1640 1880 1699 discere

267 1753 326 1792 non
339 1732 487 1791 diversum
500 1728 824 1807 luissesuspicorabeo
837 1733 959 1807 quierat
970 1728 1048 1801 ’xtt-
1093 1729 1178 1807 jubet
1200 1730 1350 1801 mortales,
1368 1742 1400 1787 ut
1420 1731 1480 1803 jam
1495 1729 1532 1786 ab
1550 1728 1747 1786 adolescentia
1766 1729 1879 1785 studio·

266 1826 324 1879 θειοι
346 1819 514 1896 inscriptus.
531 1816 596 1875 ttid.
616 1816 691 1873 Plat.
717 1814 827 1876 'lhetet
849 1837 881 1895 p.
904 1818 957 1875 161
976 1816 999 1875 C
1020 1831 1048 1875 et
1096 1839 1159 1875 rum
1172 1818 1289 1877 initium
1306 1818 1410 1875 saciant
1423 1815 1491 1895 (46).
1511 1816 1611 1895 Neque
1624 1817 1703 1875 enim
1718 1816 1879 1894 quidquam

269 1907 313 1966 ibi
326 1906 459 1963 Graecum
478 1907 679 1982 interpretem.
703 1903 741 1959 At
761 1902 837 1967 liber
858 1906 894 1959 de
911 1907 966 1959 dits
982 1924 1048 1961 eum
1096 1924 1157 1964 esse
1179 1919 1267 1963 artem
1290 1906 1354 1963 sine
1370 1905 1592 1979 exercitatione,
1617 1923 1712 1981 neque
1735 1904 1880 1961 exercita·

269 1996 382 2055 eaeteris
415 1994 479 2071 ejus
504 1993 615 2069 ingenii
653 1992 848 2049 monumentis
885 1992 1046 2053 intercidit.
1096 1995 1203 2051 tionem
1218 1988 1438 2071 sineartetti7).

269 2084 356 2141 Fama
366 2097 411 2142 est
421 2083 570 2139 Platonem
581 2081 641 2158 (4ο)
659 2082 691 2138 in
703 2078 916 2138 conscribendo
930 2083 1048 2156 egregio
1136 2082 1169 2139 ln
1183 2100 1279 2139 rerum
1295 2080 1539 2159 contemplatione
1560 2080 1707 2157 protectus
1721 2079 1758 2137 ab
1781 2080 1875 2138 Hera-

269 2172 305 2229 dt·
319 2170 469 2250 republica
482 2168 1047 2246 voluminepropeomniaecognontini
1096 2171 1186 2227 cliteat
1215 2170 1272 2249 (48)
1301 2169 1495 2247 philosophie
1519 2168 1615 2227 initiis
1643 2169 1707 2226 visa
1734 2182 1880 2245 perpetuo

268 2260 436 2333 Protagorae
450 2259 691 2315 commentatione
705 2255 852 2325 hausisse,
867 2254 946 2331 quod
961 2253 1048 2314 nobis
1096 2271 1173 2316 motu
1187 2257 1316 2316 tluminis
1330 2258 1422 2315 instar
1437 2256 1497 2314 labi
1512 2257 1621 2316 statuit.
1641 2258 1705 2313 Hoc
1720 2257 1820 2332 posito
1842 2256 1879 2314 il-
1951 2316 1952 2331 γ

268 2347 442 2406 incredibile
455 2346 581 2405 videtur.
597 2345 640 2403 De
658 2345 825 2419 Protagorae
846 2343 962 2421 placitis
983 2365 1048 2421 quae
1095 2347 1145 2405 lud
1167 2364 1348 2424 consequens
1370 2358 1451 2416 erat,
1482 2357 1514 2403 ut
1538 2344 1574 2402 de
1599 2346 1680 2402 omni
1709 2348 1831 2402 materia
1850 2346 1880 2403 in

270 2436 309 2494 ob
324 2437 548 2511 fragmentorum
571 2435 743 2513 paucitatem
768 2431 887 2491 uberius
901 2433 1048 2509 explicare
1096 2449 1248 2514 utramque
1272 2449 1384 2512 partem
1403 2433 1546 2511 disputari
1569 2451 1655 2510 posse
1670 2432 1877 2505 contenderet,

267 2527 336 2585 nolo
351 2524 522 2582 consulendi
537 2536 642 2601 praeter
652 2522 802 2580 Platonem
817 2522 849 2579 in
864 2520 1010 2579 'l'heaeteto
1022 2536 1049 2580 et
1096 2522 1175 2599 quod
1186 2522 1305 2585 eandem
1321 2542 1381 2581 rem
1397 2541 1475 2579 nunc
1490 2521 1665 2579 laudandam
1681 2541 1758 2578 nunc
1780 2540 1878 2599 repre-

267 2614 426 2688 Protagora
437 2626 496 2670 tum
509 2611 676 2670 Aristoteles
687 2624 746 2668 tum
755 2610 860 2668 Sextus
874 2608 1047 2687 Empiricus.
1095 2611 1275 2670 hendendam
1288 2630 1351 2671 esse
1363 2620 1516 2689 appareret
1539 2612 1610 2688 (49).
1629 2610 1774 2679 Quocirca
1791 2612 1878 2667 etiam

269 2700 404 2778 Ejusdem
426 2702 458 2759 in
471 2698 667 2777 eloquentiam
683 2699 792 2755 merita
803 2699 835 2756 in
851 2698 999 2775 superiori
1011 2697 1047 2755 de
1095 2698 1235 2757 adhibitis
1256 2697 1418 2757 rationibus
1441 2718 1557 2756 causam
1579 2698 1748 2756 inferiorem
1764 2698 1880 2757 efficere

268 2790 413 2869 Sophistis
428 2787 623 2867 disputatione
639 2785 823 2844 adumbravi.
838 2786 922 2844 Dicta
941 2784 1005 2861 ejus
1019 2799 1048 2843 ct
1096 2787 1276 2864 superiorem
1288 2800 1488 2845 consueverat.
1502 2785 1587 2853 Quod
1602 2805 1660 2863 quo
1674 2787 1790 2844 facilius
1801 2776 1879 2846 ohti-

269 2879 428 2953 fragmenta
440 2896 505 2952 quae
516 2888 629 2933 exstant
639 2874 794 2949 diligenter
812 2873 955 2933 recensita
970 2873 1048 2931 iufra
1096 2887 1189 2947 neret,
1214 2893 1291 2952 saepe
1313 2875 1492 2950 argumentis
1512 2873 1608 2931 miuus
1624 2874 1716 2931 firmis
1732 2872 1877 2943 utebatur,

268 2965 491 3043 interpretabor.
1097 2982 1161 3037 quac
1176 2959 1253 3021 haud
1274 2983 1340 3020 raro
1360 2983 1395 3021 ex
1410 2959 1580 3021 nominibus
1599 2962 1759 3039 verbisque
1780 2963 1879 3040 potius

309 3053 367 3110 Nec
378 3066 474 3109 tamen
483 3052 597 3128 pigebit
610 3051 648 3108 iis
660 3051 872 3125 quaehactenus
883 3049 945 3107 dixi
957 3069 1049 3127 pauca
1097 3068 1182 3125 quam
1198 3069 1235 3106 ex
1252 3049 1339 3109 rebus
1352 3051 1439 3109 ducta
1459 3051 1639 3128 speciosiora
1658 3070 1744 3128 quam
1761 3052 1879 3109 veriora

271 3141 401 3217 quautam
416 3139 553 3215 adjicere.
574 3137 609 3195 ln
633 3138 781 3196 tradendis
795 3137 960 3214 disciplinis
975 3138 1048 3195 Pro·
1075 3131 1332 3196 'existimarentur
1359 3139 1431 3216 (50).
1456 3139 1574 3197 Scilicet
1600 3140 1797 3198 necessarium
1824 3139 1877 3198 hoc

272 3240 387 3303 tagoras
418 3224 580 3285 disserendi
617 3224 805 3283 subtilitatem
839 3226 1046 3283 sententiarum
1096 3238 1167 3301 erat,
1185 3225 1238 3283 ubi
1253 3246 1336 3284 causa
1355 3227 1565 3285 interioresset
1579 3227 1665 3284 mala.
1692 3224 1785 3285 Porro
1799 3248 1878 3304 quae·

269 3319 486 3392 verborumque
500 3312 662 3371 luminibus
674 3326 702 3370 et
716 3313 876 3371 carminum
890 3312 1046 3371 dulcedine
1099 3313 1208 3371 stiones
1219 3333 1235 3370 a
1247 3315 1378 3391 propriis
1388 3316 1521 3392 personis
1533 3330 1561 3372 et
1574 3313 1753 3392 temporibus
1769 3317 1803 3374 ad
1817 3319 1880 3376 uni·

271 3404 445 3464 suavissime
458 3399 646 3479 temperabat.
670 3400 787 3458 Solebat
799 3400 877 3457 euim
895 3420 960 3458 cum
972 3402 1048 3459 alio·
1097 3420 1211 3462 versum
1223 3421 1340 3479 quoque
1352 3421 1442 3478 genus
1451 3403 1592 3461 traduxit.
1610 3403 1783 3488 Cujusmodi
1793 3407 1878 3482 posi—

270 3513 334 3552 rum
347 3505 517 3571 poetarum,
533 3502 593 3548 tum
608 3489 770 3548 Simonidis
781 3490 911 3547 carmina
924 3489 956 3547 in
966 3489 1049 3548 scho·
1096 3489 1188 3548 tiones
1207 3509 1299 3566 graece
1317 3489 1399 3556 θέσεις
1413 3491 1606 3570 appellantur.
1625 3490 1659 3549 ln
1676 3491 1722 3550 his
1738 3492 1879 3568 Protago-

269 3583 306 3641 tis
319 3601 457 3661 enarrare
478 3579 551 3656 (4ο).
574 3576 640 3647 Qua
657 3579 688 3636 in
712 3597 744 3636 re
764 3577 870 3636 tabulis
892 3597 1008 3655 quoque
1021 3591 1050 3636 et
1096 3596 1145 3636 ras
1171 3581 1365 3659 adolescentes
1386 3599 1444 3638 non
1468 3581 1560 3656 tnagis
1579 3581 1615 3638 ad
1631 3581 1876 3660 philosophorum

300 3775 350 3838 (te)
363 3775 480 3835 Diogenes
496 3772 606 3821 laertius
623 3771 750 3821 bisterbis
762 3775 863 3820 testatur
874 3770 917 3820 tib.
934 3774 979 3834 lx,
993 3779 1022 3821 55
1038 3790 1045 3820 ι
1097 3774 1179 3837 fragm.
1195 3781 1218 3824 a.
1234 3803 1262 3812 -
1277 3773 1328 3836 (tt)
1343 3773 1400 3823 th.
1417 3773 1502 3836 fragm.
1516 3781 1544 3824 ιι.
1558 3801 1590 3810 -
1601 3775 1651 3836 (tt)
1667 3774 1727 3825 vid.
1751 3776 1838 3838 trugm.
1851 3783 1873 3828 7.

268 3846 319 3895 tort
335 3846 360 3893 δὲ
380 3845 410 3891 τὰ
430 3842 550 3904 σωζόμενα
565 3842 637 3890 αὐτοῦ
656 3841 735 3904 ateste
754 3842 816 3890 τάδε·
834 3843 904 3904 τέχνη
927 3843 1048 3905 ἐριστικῶν
1095 3844 1184 3906 -(tt)
1196 3844 1264 3894 rtato
1275 3846 1367 3893 ‘rttoaet
1381 3858 1408 3906 p.
1430 3847 1504 3896 1520
1521 3859 1527 3892 :
1544 3845 1591 3908 ἐγὼ
1603 3845 1649 3908 ἐρῶ
1662 3847 1704 3894 καὶ
1717 3845 1770 3909 μόλ’
1783 3848 1811 3896 οῦ
1824 3853 1879 3910 patr

269 3919 318 3966 κτλ,
329 3941 360 3954 -
370 3914 419 3975 (to)
431 3913 579 3974 Porphyrius
590 3911 653 3974 apud
668 3911 799 3962 Eusebium
812 3913 890 3974 Prtep.
903 3915 992 3974 Etang.
1006 3913 1048 3963 tib.
1094 3917 1134 3964 λον
1149 3917 1227 3977 λόγον·
1247 3916 1279 3970 ὡς
1293 3915 1337 3977 ἄρα
1349 3915 1374 3964 ἓν
1387 3915 1428 3976 μὲν
1438 3916 1495 3964 αὐτὸ
1507 3917 1559 3964 καθ’
1579 3917 1637 3966 etad
1656 3917 1721 3966 οὐδέν
1740 3917 1813 3976 ἐστιν,
1827 3919 1876 3967 οὐδ’

267 3989 290 4037 X
303 3999 357 4049 cap.
368 3989 382 4034 3
394 4003 400 4033 t
414 3982 572 4047 Πρωταγόρου
580 3984 624 4044 γαρ
636 3985 676 4031 τὸν
686 3984 738 4044 περ)
752 3987 794 4030 τοῦ
805 3982 870 4039 ὄντος
881 3982 1049 4044 ἀναγινώσκων
1095 3989 1123 4035 οἰυ
1136 4003 1157 4034 τι
1171 3985 1304 4048 προσείποις
1315 3985 1387 4048 ὀρθῶς
1398 3984 1446 4034 οὐδ’
1455 3987 1578 4036 ὁποιονοῦν
1591 4003 1630 4048 τι,
1643 3987 1701 4049 ἀλλ’,
1720 3987 1760 4036 ἐὰν
1772 3991 1804 4044 ὡς
1818 3991 1878 4051 μέγα

268 4056 338 4117 λόγον
347 4056 403 4119 πρὸς
414 4055 468 4109 τοὺς
477 4054 501 4102 ἓν
509 4054 536 4102 τὸ
546 4053 572 4101 δν
582 4053 715 4115 εἰσάγοντας
726 4054 844 4109 τοιαύταις
862 4053 932 4103 αιίτδυ
944 4054 1046 4116 εῦρίσιιω
1094 4057 1279 4120 προσαγορεύῃς,
1299 4056 1339 4104 καὶ
1348 4057 1446 4120 σμικρόν
1459 4061 1580 4117 φανεῖται,
1590 4059 1630 4106 καί
1642 4058 1683 4106 tm
1698 4059 1766 4120 βαρύ,
1781 4063 1877 4121 κοῦρον,

269 4128 388 4189 χρώμενον
408 4123 573 4181 ἀπαντήσασιν.
599 4123 666 4172 elato
689 4125 783 4173 Titeet.
802 4136 825 4185 p.
851 4127 892 4172 tut
909 4126 928 4173 G
948 4125 1010 4182 ιιὴν
1029 4123 1049 4186 δ’
1093 4125 1211 4191 ξύμπαντα
1221 4141 1247 4173 τε
1258 4125 1348 4186 οὕτως,
1361 4128 1392 4182 ὡς
1405 4127 1500 4189 μηδενὸς
1517 4127 1581 4182 ὄντος
1599 4127 1659 4188 ἑνός,
1678 4129 1735 4191 μήτε
1747 4128 1808 4184 τινὸς
1822 4128 1879 4190 μήτε

270 4199 345 4262 ἀρχὴν
361 4200 403 4245 τοῦ
421 4195 492 4256 λόγου
505 4196 654 4257 τεθαύμακα,
669 4195 704 4243 ότι
725 4195 768 4244 οῦκ
786 4195 851 4243 εἶπεν
868 4194 996 4258 ἀρχόμενος
1009 4201 1049 4254 τῆς
1093 4199 1258 4248 domomum
1268 4195 1294 4244 δὲ
1305 4197 1332 4254 δὴ
1340 4201 1409 4260 φορᾶς
1416 4213 1439 4245 τε
1445 4198 1485 4246 καί
1490 4197 1603 4255 κινήσεως
1611 4197 1651 4245 καὶ
1660 4197 1764 4260 κρσίσεως
1773 4197 1832 4257 πρὸς
1843 4198 1879 4246 ό).-

268 4267 384 4326 Ἀληδείας
390 4302 398 4329 ,
409 4266 445 4314 δτι
454 4264 547 4314 πάντων
555 4264 681 4328 χρημάτων
693 4267 775 4330 μέτρον
790 4266 853 4314 ἐστὶν
864 4265 914 4323 ίιςὴ
925 4268 1050 4328 aaronica·
1093 4265 1257 4330 ληλαγίγνετοιι
1262 4268 1349 4328 πάντα,
1356 4267 1404 4327 δδή
1414 4285 1486 4331 φαμεν
1493 4268 1561 4326 εἶναι,
1568 4269 1612 4316 οὐκ
1619 4267 1691 4331 ὀρθῶς
1696 4271 1879 4332 προσαγορεύοι

268 4340 307 4393 λος
316 4339 367 4386 κτλ,
382 4335 413 4386 ad
423 4349 495 4397 quem
509 4335 589 4384 lotum
600 4338 701 4384 Graecus
712 4337 844 4398 interpres:
859 4335 938 4384 τὸτοῦ
953 4339 1049 4399 Πρωτα-
1092 4347 1137 4396 σις’
1144 4340 1194 4388 ἔστι
1200 4341 1289 4405 μὲνγὰρ
1295 4337 1400 4389 οὐδέποτ’
1406 4340 1482 4399 οὐδέν,
1491 4339 1527 4387 ἀεὶ
1534 4340 1558 4388 δὲ
1564 4338 1676 4399 γίγνεται.
1683 4341 1729 4387 Καὶ
1735 4341 1787 4401 περὶ
1793 4341 1877 4388 τούτου

268 4407 340 4470 γόρου
348 4408 499 4469 σύγγραμμα,
511 4405 563 4467 ίνῷ
574 4410 649 4454 ταῦτα
660 4407 761 4468 δοξάζει,
773 4406 878 4464 Ἀλήθεια
886 4407 990 4455 ἐκαλεῖτο
1003 4409 1048 4457 ὑπό
1093 4412 1175 4467 πάντες
1187 4412 1236 4470 ἑξῆς
1245 4415 1267 4461 οἱ
1276 4409 1353 4472 copel,
1363 4411 1422 4468 πλὴν
1435 4410 1592 4472 Παρμενίδου,
1603 4410 1765 4474 ξυμρίρεσθον,
1782 4413 1877 4473 Πρωτα-

269 4479 434 4541 Πρωταγόρου.
451 4477 491 4527 Gt.
503 4474 612 4537 ejusdem
622 4475 707 4540 dialogi
720 4490 743 4537 μ.
758 4481 801 4525 162
811 4480 843 4536 Α;
861 4477 948 4534 1th
964 4481 1007 4526 170
1021 4481 1048 4528 tt.
1094 4481 1164 4545 γόροις
1175 4482 1251 4530 τεκαὶ
1267 4480 1415 4544 Ἡράκλειτος
1427 4483 1466 4528 καὶ
1477 4478 1651 4541 Ἐμπεδοκλῆς,
1663 4481 1761 4528 καὶτῶν
1773 4487 1878 4539 ποιητῶν

268 4550 481 4613 -(tt)Di0genes
487 4548 595 4598 Laertius
603 4547 644 4598 tib.
654 4550 698 4606 ΙΙΙ,
706 4551 734 4598 at
745 4549 787 4605 τῆν
794 4548 917 4598 Πολιτείαν
927 4549 1050 4612 ’.λρισιόξι-
1093 4555 1116 4601 ot
1128 4553 1194 4617 ἄκροι
1207 4558 1246 4612 τῆς
1260 4553 1377 4610 ποιήσειας
1396 4553 1515 4616 ἑκατέρας·
1531 4553 1657 4616 κωμῳδίας
1668 4554 1709 4614 μὲν
1722 4552 1877 4616 Ἐπίχαρμος,

269 4621 307 4676 ντίς
319 4637 375 4684 φησι
384 4624 464 4668 πᾶσαν
479 4620 565 4684 σχεδὸν
579 4619 603 4668 ἐν
617 4626 665 4676 τοῖς
676 4620 834 4682 Πρωταγόρου
844 4619 970 4682 γεγράρόαι
979 4620 1047 4669 'Arm
1094 4623 1221 4686 τραγῳδίας
1235 4625 1259 4672 δὲ
1275 4625 1394 4686 Ὄμηρος,
1408 4623 1433 4679 ὃς
1448 4623 1529 4683 εἰπών,
1545 4623 1659 4673 ’Πκεανόν
1672 4639 1699 4672 τε
1713 4624 1771 4672 θεῶν
1787 4625 1877 4684 γένεσιν

268 4691 379 4749 λογικοῖς·
389 4691 414 4737 et
424 4689 502 4748 ejusd.
512 4689 553 4739 tib.
566 4687 619 4752 §st
632 4703 638 4737 t
649 4694 689 4748 τῆς
700 4689 742 4751 μὲν
754 4690 874 4738 Πολιτεῖαι
882 4690 913 4744 είς
923 4689 981 4738 δέκα
993 4689 1049 4739 διαι-
1094 4694 1133 4742 ιιιιί
1145 4693 1232 4756 μητέρα
1241 4694 1331 4754 Τηθύν,
1351 4693 1426 4741 πάντα
1442 4691 1531 4755 είρηκεν
1546 4691 1632 4753 ἔκγονα
1645 4693 1700 4750 ῥοῆς
1713 4709 1738 4740 τε
1755 4694 1795 4740 καὶ
1816 4692 1877 4749 κινίγ

270 4759 380 4822 ρουμέυης
390 4795 397 4818 ,
407 4760 435 4817 ἢν
449 4761 489 4808 καὶ
500 4758 647 4822 εὑρίσκεσθαι
657 4761 742 4824 σχεδόν
757 4761 814 4817 δλην
823 4761 887 4822 παρὰ
903 4760 1049 4824 Πρωταγόρη
1093 4765 1189 4822 σειος·ἢ
1204 4764 1232 4811 οὐ
1251 4764 1316 4812 δοκεῖ
1330 4766 1400 4812 τοῦτο
1412 4764 1502 4824 λε’γεινγ
1517 4789 1547 4802 -
1564 4765 1614 4824 (te)
1628 4761 1746 4823 Diogenes
1766 4763 1877 4812 Laertius

270 4830 294 4880 ἐν
303 4833 353 4884 τοῖς
362 4829 523 4891 Ἀντιλογικοῖς
535 4845 592 4890 φησι
601 4831 738 4893 Φοοωρῑνος
750 4831 774 4879 ἐν
785 4831 933 4890 παντοδαπῆς
944 4830 1047 4893 ἱστορίας
1093 4833 1135 4882 tib.
1149 4835 1190 4893 tx,
1207 4839 1233 4882 tt
1249 4837 1360 4895 ττρῶτος
1370 4832 1412 4892 ἔφη
1430 4831 1472 4880 δύο
1485 4830 1568 4894 λόγους
1582 4831 1640 4880 εἶναι
1650 4832 1701 4896 περὶ
1718 4832 1804 4887 παντὸς
1819 4831 1876 4893 πρά·

270 4901 378 4962 δευτέρω
389 4927 419 4940 -
432 4900 482 4963 (tt)
494 4900 642 4951 'themistius
655 4906 716 4950 utet.
732 4903 812 4952 xxm
822 4915 846 4964 (ι.
862 4906 908 4951 289
924 4913 931 4944 ²
947 4902 997 4950 ἐπεὶ
1009 4901 1049 4950 καὶ
1093 4920 1180 4966 γματος
1194 4903 1365 4966 ἀντικειμένους
1382 4903 1502 4960 ἀλλήλοις,
1520 4902 1554 4958 alt
1570 4904 1610 4951 καὶ
1627 4903 1766 4965 συνηρώτα,
1777 4907 1877 4964 πρῶτος

271 4970 385 5034 Πρόδικος
393 4972 432 5019 καὶ
443 4971 624 5038 Πρωταγόραςό
636 4973 805 5036 titatium
821 4972 863 5034 μὲν
880 4972 1013 5034 ὀρδοέπτισίν
1024 4989 1049 5020 τε
1093 4980 1161 5024 τοῦτο
1172 4973 1303 5036 πράξας·
1312 4974 1360 5036 (50)
1370 4973 1488 5036 Diogenes
1499 4973 1609 5024 Laertius
1619 4973 1661 5022 tib.
1671 4975 1715 5033 IX,
1727 4978 1757 5022 οἳ
1768 4992 1774 5023 :
1787 4975 1828 5021 καὶ
1838 4973 1873 5030 λά,-

269 5042 310 5089 καί
320 5039 522 5104 όρθοόρημοοῦνην
536 5045 620 5106 μισθοῦ
634 5044 779 5093 ἐκδιδάσκων
794 5043 848 5099 τοὺς
866 5045 946 5106 νέους,
957 5043 1006 5091 stt
1018 5044 1048 5092 τὰ
1093 5062 1141 5108 γιον
1156 5045 1247 5105 ἀγῶνας
1256 5045 1397 5106 ἐποιήσατο,
1411 5045 1453 5093 καὶ
1471 5043 1577 5107 σόφισμα
1588 5047 1636 5099 τοῖς
1652 5045 1874 5106 πραγματολογοῦσι

269 5111 399 5174 Σιμωνίδου
406 5129 431 5160 τε
439 5114 479 5162 καί
488 5112 564 5162 ἄλλων
571 5115 692 5177 ποιήματα
702 5115 852 5179 ἐξηγούμενος
861 5115 970 5177 σοφισταί
984 5114 1049 5176 ὅμως
1071 5095 1076 5174 i
1093 5117 1236 5178 προσήγαγε·
1254 5117 1294 5164 καί
1310 5117 1352 5176 τὴν
1363 5115 1465 5166 διάνοιαν
1478 5115 1542 5178 ἀρεῖς
1558 5115 1615 5178 πρὸς
1630 5114 1734 5174 τοῦνομα
1750 5115 1876 5176 διελέχθη,

269 5184 308 5232 καὶ
327 5183 405 5242 ἤστην
415 5185 456 5232 καί
476 5183 604 5245 ἐλτγέσδην.
615 5211 647 5222 -
657 5186 706 5248 (ts)
719 5188 785 5235 Plato
797 5187 894 5248 Ptottg.
909 5189 998 5248 μ.“320
1016 5185 1045 5234 C.
1093 5188 1134 5235 καί
1151 5187 1178 5235 τὸ
1193 5191 1232 5235 νῦν
1247 5186 1382 5247 ἐπιπόλαιον
1399 5188 1464 5248 γένος
1480 5190 1527 5236 τῶν
1544 5186 1665 5249 ἐριστικῶν
1683 5185 1814 5245 ἐγέννησεν·
1833 5184 1871 5230 ίνα

268 5252 325 5304 vlu.
336 5253 421 5316 fragm.
440 5257 465 5304 t.
485 5279 516 5289 —
530 5253 580 5317 (tt)
598 5255 655 5306 tid.
668 5256 754 5319 fragm.
773 5259 787 5305 t
807 5255 854 5305 lin.
868 5281 899 5292 -
918 5255 969 5319 (ts)
987 5255 1047 5306 tid.
1093 5257 1133 5306 καὶ
1148 5256 1229 5321 Τίμων
1242 5259 1298 5322 μησί
1309 5259 1361 5322 περὶ
1373 5255 1452 5308 αὐτοῦ·
1468 5256 1625 5322 Πρωταγόρης
1636 5257 1656 5304 τ’
1668 5253 1789 5317 ίαίμικτος
1802 5254 1871 5318 ίριζί-
