3959 5925
211 401 267 453 sss
699 458 703 467 ¹
744 381 941 445 carnunti
963 377 1280 443 compensemus

208 523 316 575 emtione
328 521 442 571 rmreant
452 517 621 581 aegritudinem
637 515 737 566 mundo.
767 515 844 578 igitur
860 516 931 565 entra
949 527 991 564 ne-
1036 513 1176 576 gignuntur,
1191 511 1323 562 intereunt.
1355 511 1388 560 at
1406 521 1463 560 aero
1480 521 1536 559 cum
1556 508 1587 559 de
1602 507 1703 574 mundi,
1718 508 1766 560 boc
1783 512 1822 562 est

208 610 380 663 cessitudiaem
416 606 563 657 incommodi
586 606 696 669 positus,
720 606 826 656 eternus
862 607 909 654 est
942 603 990 655 sed
1037 602 1157 652 ninivense
1178 599 1227 658 rel,
1245 597 1419 648 constitutions
1438 597 1565 654 tractetur,
1590 595 1745 659 adpraesens
1766 610 1821 649 ers

209 703 295 750 natura
316 697 423 760 corporis
444 694 520 744 duida
532 696 586 756 est,
603 699 628 744 et
645 692 752 743 mundus
772 694 868 742 constat
883 706 914 742 ex
934 705 990 741 cor·
1037 689 1097 749 tuit,
1118 690 1273 784 insecutam,
1292 689 1317 736 et
1333 683 1438 736 velutin
1452 684 1534 733 lucem
1553 682 1686 746 proditam,
1703 683 1819 736 inducere

210 799 269 848 pore
284 800 291 834 :
307 785 349 835 sed
363 786 388 833 et
408 782 580 832 detrimentum
602 784 628 832 et
645 782 757 830 interitus
773 781 877 842 partium
898 779 991 830 nonin
1037 777 1140 852 animam
1159 774 1227 837 ejus,
1246 786 1295 838 quo
1310 772 1438 823 audientes
1457 771 1648 834 imaginarentur
1664 772 1753 824 animm
1774 775 1819 826 tor·
1911 796 1914 800 ·

209 873 342 932 duxuest,
355 869 584 927 sedineiduendo,
598 868 622 917 id
638 873 675 918 est
691 872 761 917 extra
775 866 880 917 tluendo.
914 867 990 917 snit·
1038 877 1101 914 mam
1113 863 1227 926 aliquem,
1238 861 1337 926 perinde
1348 862 1375 911 ut
1383 873 1467 911 corum
1477 842 1665 922 omniumque
1677 866 1820 927 nascuntur,

208 960 270 1010 tiens
286 957 376 1021 quippe
397 956 422 1007 id
441 956 506 1020 quod
526 970 556 1006 ex
582 955 743 1006 universitate
767 956 891 1005 deiecerit.
924 957 992 1004 lntra
1039 951 1130 1002 rident.

212 1045 401 1096 mundumrero
414 1045 513 1107 regestis
526 1043 657 1104 omnibus,
671 1042 731 1092 nibil
745 1046 891 1092 certeestm
908 1043 994 1093 rutundi
1068 1041 1159 1102 Τοιῷδι
1172 1038 1265 1100 τρόπῳ·
1278 1043 1318 1095 τῆς
1327 1037 1500 1100 epipiscopum
1513 1035 1549 1086 inl
1562 1037 1624 1086 κατὰ
1637 1037 1711 1086 ταῦτα
1721 1038 1822 1101 ἐχούσης
1868 1065 1880 1078 a

209 1133 327 1184 ambitum
352 1135 398 1182 est.
444 1134 482 1182 lta
500 1130 567 1192 quod
589 1131 726 1181 secundom
749 1132 862 1180 naturam
886 1132 994 1194 corporis
1040 1128 1121 1183 οὐσίας
1131 1127 1170 1175 καὶ
1182 1132 1223 1184 τῆς
1237 1123 1267 1174 αὖ
1277 1126 1329 1189 περὶ
1342 1125 1371 1174 τὰ
1384 1125 1485 1186 σώματα
1496 1125 1631 1187 γιγνομένης
1644 1131 1764 1189 μεριστῆς,
1778 1126 1823 1190 rpi-

212 1219 431 1283 llnit,quoetbuat
445 1218 589 1270 uonbsbet.
623 1216 932 1279 lnlluitergo,noneilluit
946 1236 953 1267 ι
969 1220 994 1268 et
1037 1232 1077 1264 τον
1094 1217 1117 1270 ἐξ
1133 1217 1219 1276 ὰμροῖν
1240 1215 1264 1264 tr
1279 1214 1344 1276 μέσῳ
1358 1212 1528 1276 συνεκεράσατο
1549 1211 1631 1269 οὐσίας
1650 1212 1727 1274 εἶδος,
1742 1218 1783 1272 τῆς
1796 1230 1823 1264 τι

209 1308 241 1358 ad
254 1319 375 1357 summam
390 1304 557 1356 uniuersitatis
568 1304 663 1366 lactura
676 1302 776 1354 demum
793 1316 920 1354 recurrens
936 1303 991 1353 lati·
1038 1303 1124 1352 ταύτοῦ
1136 1303 1227 1366 μύσεως
1240 1301 1270 1350 αὗ
1285 1303 1337 1364 πέρι
1352 1301 1443 1359 καὶτῆς
1456 1300 1559 1364 θατέρου.

209 1395 318 1455 gatamm
332 1391 490 1440 diuturnitate
501 1391 605 1452 partium
616 1390 731 1440 recreatio
745 1392 790 1439 est
1071 1393 1172 1442 xxvii.
1190 1394 1286 1454 ltaque
1302 1388 1486 1450 demiscuit,
1502 1389 1607 1438 tertium
1625 1399 1709 1450 qenes
1723 1391 1823 1440 animm

241 1483 316 1531 mlv.
334 1480 413 1540 Quid,
425 1478 490 1542 qnod
503 1477 629 1528 institutus
640 1479 678 1528 est
694 1477 724 1525 ad
736 1477 877 1540 exemptum
895 1478 994 1528 alterius
1040 1481 1213 1542 eecoqttoutt,
1230 1477 1276 1528 boo
1289 1479 1376 1540 pecto.
1409 1478 1453 1526 lde
1467 1474 1607 1526 indiuiduo
1628 1487 1778 1540 semperque
1795 1478 1824 1526 in

210 1567 366 1630 intelligibilis
382 1570 409 1616 et
420 1565 580 1616 immutabilis
591 1566 765 1628 perennitatis?
777 1567 832 1614 tam
846 1565 906 1615 illud
922 1579 994 1616 nemo
1040 1582 1088 1618 sno
1114 1571 1191 1618 statu
1212 1566 1394 1629 perseverante
1416 1562 1585 1624 substantia,
1610 1566 1724 1628 itemque
1746 1564 1823 1628 atto,

212 1655 320 1717 dubitat,
336 1667 392 1717 quae
405 1653 436 1703 ad
449 1651 629 1702 similitudinem
643 1651 804 1703 instituuntur
817 1653 922 1717 exempli
934 1667 995 1705 sem·
1040 1669 1114 1720 qum,
1130 1653 1317 1718 tmeporetilts
1329 1663 1468 1714 corporum
1482 1663 1581 1708 cemes.
1596 1663 1645 1714 per
1656 1651 1747 1700 eedem
1762 1664 1822 1702 cor-

210 1743 311 1807 pitorni,
325 1743 413 1792 babere
425 1740 610 1791 similitudinem
621 1739 801 1802 perpetuitatis,
812 1745 836 1790 et
846 1741 995 1803 perpetuitas
1042 1756 1107 1806 poro
1125 1741 1244 1804 scindere
1258 1752 1285 1790 se
1298 1741 1544 1804 poculentorum
1565 1749 1646 1800 qenres
1669 1739 1823 1790 substantie

209 1830 236 1880 in
248 1831 358 1880 evocet.
375 1830 457 1885 Quare
468 1826 606 1889 exemplum
615 1828 653 1876 ost
663 1826 819 1889 intelligibilis
833 1828 938 1877 mundus
952 1842 1002 1892 per,
1040 1835 1157 1881 mixtum
1170 1831 1264 1880 locavit
1273 1867 1279 1888 ‚
1288 1827 1403 1878 nmdtum
1412 1829 1482 1878 inter
1493 1827 1823 1891 utramqoesebstunttom

210 1930 292 1967 aarum
307 1935 314 1966 s
330 1915 356 1965 id
368 1929 426 1965 vero
443 1913 510 1978 quod
523 1914 702 1977 adenemplnm
719 1915 856 1964 institutum
872 1918 919 1976 est,
937 1929 993 1966 sen·
1040 1921 1175 1970 sicaetera.
1703 1904 1706 1910 ’

212 2003 263 2054 silis
277 2003 369 2054 seilicet
385 2003 493 2052 mundus
508 2015 550 2065 per
571 2005 688 2064 tempore.
721 2005 754 2052 at
768 2003 994 2067 tempou‘aqnidena
1073 2006 1137 2065 Quid
1146 2007 1184 2056 est
1196 2004 1263 2068 quod
1277 2004 1327 2054 ait?
1340 2004 1412 2054 docet
1426 2016 1470 2079 nos
1483 2001 1772 2066 substantiam,sire,ut
1783 2003 1822 2052 ci·

211 2092 350 2157 proprium,
365 2090 495 2154 progredi:
514 2092 561 2140 aori
576 2091 674 2153 propria
684 2092 791 2152 mansio,
808 2104 950 2155 semperque
970 2093 994 2142 in
1040 2103 1096 2145 cero
1114 2095 1186 2157 dlcit,
1200 2092 1329 2143 essentiam
1343 2091 1464 2154 duplicem
1478 2105 1531 2142 esse
1548 2103 1642 2140 :unam
1656 2089 1822 2156 individuam,

212 2179 277 2230 idem
290 2179 461 2244 perseaemtio.
492 2178 619 2240 'temporis
629 2177 688 2227 item
700 2183 798 2241 partes,
812 2177 873 2242 dies,
889 2193 995 2242 menses,
1042 2183 1144 2232 alteram
1165 2194 1209 2244 per
1225 2193 1328 2243 corpora
1348 2179 1481 2229 dividuam.
1515 2179 1546 2228 at
1559 2177 1709 2228 individuam
1726 2177 1824 2236 quidem

213 2268 312 2328 noctes,
328 2267 353 2316 et
363 2266 421 2316 anni
435 2265 499 2315 :eri
512 2268 592 2328 partes
607 2267 691 2316 nullm.
725 2267 855 2329 Temporis
868 2268 925 2317 item
941 2281 996 2329 spe-
1044 2267 1264 2329 esseesm,eu1us
1280 2266 1373 2330 generis
1388 2267 1446 2317 sunt
1455 2266 1538 2316 omnia
1548 2269 1653 2326 aeterna,
1670 2267 1694 2316 et
1705 2265 1757 2316 sine
1771 2277 1824 2336 cor·

212 2353 458 2428 dempnentorum,
484 2354 748 2416 processurarum.
781 2355 837 2406 AEvi
861 2356 996 2406 substantia
1044 2369 1115 2418 pore,
1136 2369 1191 2418 nure
1207 2354 1363 2417 intelligibilia
1384 2354 1496 2404 dicuutur
1516 2367 1523 2402 ι
1543 2353 1669 2403 dividuam
1685 2365 1755 2416 vero,
1770 2365 1825 2416 quae

214 2440 341 2491 uniformia
355 2439 380 2489 in
398 2440 450 2490 solo
466 2443 632 2504 perpetuoque
652 2443 774 2504 presenti.
806 2445 997 2507 tdundustgltur
1042 2427 1185 2508 cor¹poribus
1198 2443 1329 2494 exsistendi
1340 2455 1413 2493 causa
1427 2448 1474 2504 est,
1486 2443 1679 2504 unumquodque
1693 2440 1758 2492 enim
1771 2453 1824 2491 cor·

211 2526 365 2590 intelligibilis
382 2541 478 2590 semper
499 2533 543 2578 est.
576 2528 623 2578 llio
641 2528 796 2578 simulacrum
815 2530 882 2593 ejus,
899 2544 998 2594 seraper
1044 2543 1089 2592 pus
1113 2531 1150 2580 est
1169 2531 1234 2581 certo
1256 2547 1264 2581 :
1286 2528 1353 2592 quod
1378 2541 1437 2578 aero
1458 2530 1510 2590 est,
1532 2528 1605 2579 babet
1623 2529 1762 2578 essentiam.
1795 2528 1825 2578 at
1859 2541 1864 2551 ·

211 2614 272 2676 tuit,
286 2614 446 2666 eateterit.1
1042 2631 1146 2680 corpora
1165 2618 1242 2667 mults
1257 2620 1326 2680 sunt,
1339 2630 1388 2667 una
1410 2630 1467 2668 aero
1480 2615 1579 2667 dividua
1593 2617 1710 2679 meantia,
1729 2629 1785 2680 quae
1801 2627 1826 2666 rn

244 2711 331 2760 xxvi.
344 2707 448 2759 lllncad
465 2707 554 2758 animae
566 2708 650 2758 mundi
663 2711 792 2760 tractatum
805 2723 905 2772 pergens
919 2712 995 2775 plats,
1041 2705 1137 2756 eunctis
1151 2706 1295 2768 corporibus
1313 2707 1443 2756 invenitur.
1477 2708 1538 2764 Qure
1549 2705 1621 2767 igitur
1635 2715 1684 2754 una
1697 2705 1721 2753 in
1742 2702 1833 2753 multis·

212 2797 282 2859 prius
302 2796 361 2846 illud
375 2799 444 2846 curat
455 2796 521 2858 quod
538 2801 684 2859 prepostero
699 2797 730 2846 de
741 2797 850 2859 corporis
869 2799 922 2861 elus
935 2813 996 2850 con-
1043 2794 1175 2856 invenitur,
1197 2796 1261 2845 recte
1279 2794 1388 2845 scindere
1410 2808 1436 2845 se
1458 2796 1564 2856 putatur,
1584 2795 1696 2855 recteque
1717 2790 1825 2842 dividua.

213 2885 352 2945 stitutione,
368 2888 498 2948 antequam
514 2884 544 2935 de
562 2885 719 2948 inspiratione
735 2886 826 2936 animae
844 2886 995 2949 disputatum
1044 2882 1160 2944 igiturex
1173 2883 1210 2931 bis
1224 2883 1319 2933 duabus
1336 2883 1371 2933 ait
1383 2884 1496 2946 opificem
1510 2885 1587 2933 Deum
1603 2883 1700 2932 tertium
1713 2881 1826 2931 essemm

214 2973 246 3022 sit
259 2987 266 3021 :
277 2986 333 3022 cum
345 2973 451 3022 animam
463 2986 562 3036 corpore
573 2974 639 3022 omisi
653 2976 747 3024 constet
756 2974 925 3038 antiquiorem.
946 2979 997 3027 Nec
1043 2984 1117 3033 genus
1133 2970 1271 3033 miscuisse,
1295 2972 1368 3035 idque
1392 2972 1500 3023 medium
1515 2972 1606 3022 locasse
1620 2970 1683 3021 inter
1698 2972 1825 3033 utramque

213 3058 303 3109 recedit
319 3058 351 3108 ab
364 3059 485 3119 instituto,
501 3060 595 3122 utquia
614 3059 757 3111 munduma
772 3062 824 3111 Deo
841 3062 935 3112 tactum
954 3077 994 3113 as·
1044 3059 1183 3109 essentiam.
1217 3058 1333 3109 similiter
1359 3060 1430 3109 docet
1453 3062 1564 3109 naturam
1585 3071 1681 3123 qnoque
1702 3070 1749 3108 non
1773 3068 1826 3108 osae

213 3146 303 3206 seruit,
317 3144 425 3195 animam
445 3158 543 3208 quoque
563 3146 617 3207 eius
638 3147 727 3213 tactum
745 3161 799 3198 esse
819 3162 834 3197 a
850 3152 902 3199 noo
922 3150 996 3201 diat,
1043 3145 1193 3208 simplicem,
1207 3146 1249 3195 sed
1264 3146 1422 3195 bimembrem
1439 3160 1445 3193 :
1461 3148 1486 3195 et
1498 3145 1538 3193 bis
1552 3144 1647 3194 duobus
1661 3144 1719 3193 tacit
1731 3142 1826 3207 opilicls

214 3231 285 3288 Quod
297 3231 321 3279 in
333 3231 379 3279 boc
393 3230 446 3280 solo
462 3230 523 3279 libro
537 3232 615 3281 tacere
625 3231 834 3294 animadvertitur,
850 3238 995 3285 mternnrum
1042 3234 1112 3293 jussu
1121 3233 1219 3283 tertium
1229 3235 1323 3282 netume
1332 3246 1407 3295 genus
1418 3232 1553 3294 exstitisse,
1562 3231 1626 3295 quod
1639 3243 1709 3295 eque
1719 3230 1825 3281 medium

212 3330 295 3369 rerum
319 3318 442 3381 genituras
465 3318 617 3368 comminisci
639 3338 646 3368 ε
666 3319 741 3370 credo
759 3323 903 3385 propterea,
925 3326 996 3375 nesi
1044 3322 1148 3394 positum
1162 3324 1225 3370 esset
1237 3321 1297 3370 inter
1311 3323 1438 3383 utramque
1449 3320 1598 3379 essentiam,
1615 3318 1766 3368 individuam
1783 3320 1823 3369 vi·
1895 3342 1897 3347 .

212 3403 310 3454 audium
321 3403 431 3454 homines
443 3417 499 3454 esse
507 3404 618 3465 quedam
630 3419 685 3468 qum
698 3408 787 3458 tuerint
796 3421 825 3458 ex
838 3410 929 3473 origine
941 3415 997 3464 nata
1041 3410 1130 3460 delicet
1144 3412 1216 3472 atque
1230 3408 1363 3459 dividuam.

212 3505 346 3554 nunquam,
359 3492 503 3555 principatui
515 3494 605 3542 summi
622 3494 667 3544 Dei
679 3494 788 3559 derogari
801 3500 900 3561 putent,
910 3501 931 3548 si
943 3500 996 3563 pari
1074 3499 1184 3566 llllvlll.
1203 3499 1327 3555 Quatenus
1340 3510 1396 3560 ergo
1412 3496 1553 3547 bimembris
1569 3498 1607 3547 est
1619 3497 1724 3546 naturai
1737 3494 1827 3547 omnia

212 3580 284 3642 atque
308 3578 392 3628 mdem
412 3578 461 3627 sint
487 3591 536 3640 qna
558 3582 640 3642 Deus,
662 3582 812 3643 antiquitatis
837 3586 993 3649 prestantia,
1042 3585 1133 3649 iuquit,
1155 3586 1287 3647 naturalia,
1308 3586 1347 3636 rel
1370 3585 1454 3636 eadem
1475 3584 1535 3648 sibi,
1557 3585 1596 3635 rel
1616 3584 1712 3635 diversa
1734 3588 1793 3634 sunt
1817 3604 1824 3635 e

212 3666 346 3717 nescientes
358 3665 429 3728 longe
447 3665 517 3715 aliter
533 3667 582 3717 diel
597 3668 716 3731 originem
731 3683 813 3721 rerum
831 3677 995 3736 aeternarum,
1042 3673 1125 3724 eadem
1148 3687 1250 3738 genere,
1274 3675 1369 3725 diversa
1386 3672 1477 3737 specie,
1494 3675 1522 3723 ut
1543 3679 1600 3736 puta
1622 3673 1696 3723 bomo
1716 3674 1742 3724 et
1765 3672 1825 3723 item

212 3756 238 3803 et
255 3754 313 3803 ltem
330 3752 487 3805 caducamm.
520 3756 645 3818 siquidem
662 3758 800 3808 mortalium
823 3761 955 3811 auctoritas
971 3766 996 3813 et
1041 3754 1121 3826 equus
1141 3763 1205 3812 idem
1220 3764 1285 3813 sunt.
1318 3766 1379 3814 Nam
1395 3765 1419 3814 et
1433 3760 1483 3811 hoc
1498 3764 1523 3813 et
1536 3762 1595 3812 illud
1609 3761 1698 3811 enimsi
1718 3760 1764 3813 est.
1796 3763 1827 3811 m

212 3839 384 3902 origoillaeat
402 3852 458 3902 quae
478 3842 593 3902 precedit
614 3846 696 3893 ortum
710 3847 864 3908 cetemrum,
883 3850 912 3897 ut
929 3848 996 3911 origo
1043 3864 1102 3902 raro
1115 3852 1195 3913 specie
1211 3851 1384 3901 diremerunt.
1417 3851 1603 3901 alteramenim
1615 3863 1700 3900 corum
1715 3849 1822 3900 raliona-

211 3928 250 3976 est
261 3926 329 3987 pater
349 3926 410 3987 tilii,
427 3930 453 3977 et
470 3929 615 3992 populomm
632 3934 706 3994 etque
724 3934 840 3993 urbium,
857 3935 996 3985 conditores
1042 3938 1088 3989 bile
1099 3939 1187 3988 animal
1204 3944 1255 3995 est.
1271 3938 1375 3989 alterurn
1389 3938 1548 3989 irrationabile
1559 3944 1584 3989 et
1597 3940 1713 3989 mulum:
1728 3940 1754 3989 et
1767 3938 1824 3988 alta·

212 4026 305 4065 earum.
337 4015 369 4064 st
392 4027 452 4065 vero
485 4016 626 4068 diuinorum
658 4032 775 4082 generum
801 4025 997 4087 aeternarumque
1041 4040 1096 4077 rum
1113 4026 1190 4089 bipes,
1205 4026 1306 4077 alterum
1320 4027 1467 4090 qundmpes.

210 4100 319 4163 gentium
342 4102 412 4164 origo
431 4105 456 4152 et
475 4116 520 4152 arx
547 4118 596 4153 non
619 4104 645 4154 in
670 4107 841 4171 anticipatione
861 4111 994 4173 temporis,
1074 4116 1120 4164 Καὶ
1140 4116 1192 4177 τρία
1209 4116 1287 4164 λαθὼν
1302 4115 1361 4165 αὐτὰ
1379 4115 1434 4173 ὄντα
1446 4114 1618 4179 συνεκεράσατο
1635 4116 1667 4171 εἰς
1683 4114 1739 4179 μίαν
1748 4110 1824 4164 πάντα

211 4190 254 4239 aed
271 4188 398 4252 dignitatis
413 4190 545 4241 auiuentis
556 4194 733 4248 consideratur.
767 4197 812 4247 vel
832 4198 996 4259 quod-edocti
1042 4203 1118 4253 ἰδέαν·
1131 4203 1279 4265 matutimis
1295 4202 1363 4265 φύσιν
1381 4204 1506 4265 δύσμικτον
1516 4200 1589 4252 οὖσαν
1605 4200 1825 4259 circumluimu-

211 4277 291 4339 operis
313 4276 463 4340 pontificium
479 4280 686 4330 etauctoritatem
704 4282 816 4331 manibus
831 4284 906 4344 magis
922 4298 995 4346 quam
1045 4290 1137 4352 μάττων
1152 4290 1208 4354 βίᾳ,
1223 4290 1303 4352 μιγνὺς
1317 4292 1342 4340 et
1359 4291 1418 4353 μετὰ
1428 4296 1469 4349 τῆς
1481 4289 1564 4347 οὐσίας
1578 4292 1658 4340 salte
1671 4294 1740 4355 τριῶν
1753 4305 1824 4346 ποιη-

175 4399 179 4406 ·
211 4366 360 4429 ἅίδρωὶῑὶθῦὶ
374 4368 462 4417 mentis
480 4366 601 4417 soleamus
614 4370 756 4421 switberti:
778 4372 816 4422 tel
837 4373 903 4435 quod
925 4375 995 4435 pleri·
1041 4380 1141 4441 οάμανος
1154 4380 1179 4428 ἓν
1198 4377 1267 4428 πάλιν
1280 4379 1334 4428 ὅλον
1347 4378 1416 4429 eonio
1433 4380 1512 4443 μοίρας
1524 4380 1555 4435 etr
1574 4379 1602 4437 ἃς
1617 4384 1722 4441 προσῆκε
1742 4379 1824 4428 διένει-

213 4466 262 4516 que
271 4468 303 4504 ex
314 4453 412 4504 mortali
427 4457 513 4504 ustura
526 4469 571 4505 sua
584 4456 692 4523 divinam
706 4462 818 4532 naturam
831 4462 995 4519 aestimantes.
1041 4478 1098 4530 pso·
1113 4454 1213 4523 ἑκάστην
1230 4467 1255 4516 δὲ
1272 4466 1300 4515 ἔν
1316 4483 1341 4516 τι
1359 4468 1445 4517 ταύτοῦ
1462 4469 1502 4517 ναὶ
1518 4468 1614 4533 θατέρου
1629 4469 1670 4517 καὶ
1688 4472 1729 4525 τῆς
1743 4466 1825 4521 οὐσίας

213 4541 279 4592 nasci
300 4542 399 4603 urnula,
419 4556 498 4606 neque
517 4556 571 4595 esse
591 4545 739 4610 quidquam,
755 4548 821 4611 quod
842 4563 893 4601 non
910 4553 994 4601 natum
1041 4557 1192 4619 μεμιγμένην.

211 4632 414 4696 sit,exietiment.
447 4635 556 4693 Quorum
567 4635 655 4687 animis
665 4637 701 4686 sic
710 4638 825 4689 institutis
835 4640 932 4693 ditlrcile
943 4655 996 4705 per·
1071 4648 1133 4694 Herc
1146 4646 1229 4706 tqltnr
1244 4646 1332 4693 omnio
1348 4646 1515 4707 exsistentia,
1530 4638 1594 4695 idetis
1612 4645 1638 4695 at
1652 4643 1783 4693 essentiam
1799 4643 1824 4692 et

212 4720 345 4771 suadeatur
366 4721 450 4771 mundi
474 4736 528 4773 esse
547 4730 670 4775 auctorem
697 4728 790 4790 Deum,
807 4728 854 4779 nisi
870 4743 927 4780 eum
944 4737 994 4780 tarr·
1041 4730 1173 4795 diversum,
1188 4734 1216 4781 in
1227 4744 1324 4793 unam,
1339 4732 1428 4795 inquit,
1444 4735 1513 4783 Dens
1524 4736 1635 4797 speciem
1645 4721 1835 4792 commiscuit,

210 4819 283 4868 quam
297 4809 377 4870 opiiex
393 4812 480 4874 aliquis
497 4813 608 4863 manibus
623 4816 808 4879 ceterarumque
821 4818 909 4867 artium
922 4818 993 4869 moli·
1040 4822 1066 4870 st
1083 4818 1169 4879 effecit
1184 4832 1217 4869 ee
1234 4820 1316 4871 tritus
1331 4811 1430 4881 unum,
1442 4820 1520 4883 idem,
1530 4816 1669 4881 diversum,
1686 4818 1823 4879 dividuum,

211 4893 275 4943 tione
288 4898 460 4948 construxerit.
493 4900 726 4964 certeproposltum
743 4891 868 4967 s'criptorls
883 4907 994 4957 conside·
1040 4908 1146 4958 diuersa
1163 4905 1215 4960 itte
1235 4908 1464 4972 noture'dtfficite
1483 4922 1512 4959 re
1526 4908 1706 4960 commodante
1718 4919 1823 4965 eormre-

107 5023 110 5027 ,
212 4981 393 5047 raudumpoto.
427 4988 490 5035 Nam
499 4987 521 5036 ai
534 4987 557 5037 id
568 4993 650 5051 ageret
659 4991 738 5041 iubos
750 4992 812 5042 libro
821 4994 993 5060 principaliter,
1040 4998 1107 5046 ttoni
1123 5000 1204 5059 atque
1224 4996 1382 5049 adunationi
1405 5010 1537 5060 qenerum.
1559 5002 1723 5061 dorsumque
1740 5007 1824 5048 unum
1859 5034 1864 5043 .

213 5070 241 5113 ¹¹²
254 5068 415 5153 immortalem
430 5087 485 5125 esse
503 5076 607 5128 animam
630 5077 759 5143 probaret,
780 5094 830 5130 non
855 5086 995 5135 moreniret
1040 5086 1111 5137 titud
1122 5100 1155 5137 ee
1169 5070 1255 5139 trites
1267 5094 1416 5141 concretum
1429 5089 1517 5140 diuisit
1528 5090 1556 5139 tn
1565 5091 1672 5153 partes,
1681 5090 1720 5139 lto
1732 5088 1823 5139 utstn·

211 5155 298 5207 animas
306 5160 440 5219 genituram
449 5164 613 5229 comminisci,
627 5171 751 5232 pmpterea
763 5170 828 5233 quod
842 5176 994 5237 cunctaque
1042 5176 1112 5238 qnle
1122 5179 1213 5239 portes
1234 5180 1285 5229 tres
1297 5178 1360 5229 titos
1372 5181 1504 5242 potentias
1516 5178 1672 5229 obtinerent.
