3959 5925
265 369 323 422 sos
398 381 405 391 ·
457 315 462 325 ’
799 362 1003 425 censemur
1028 362 1339 428 consensimus

293 493 366 542 cxv.
383 490 475 542 Deinde
485 492 657 554 prosequitur:
1088 495 1162 556 meri,
1187 507 1238 559 quo
1259 498 1383 560 temporis
1403 501 1494 560 spatio
1516 502 1658 565 notentur,
1683 508 1871 572 commoditas,

291 579 385 636 Πάντας
397 581 441 645 γὰρ
453 579 506 636 τοὺς
513 582 612 636 κύκλους
624 583 704 632 αὐτῶν
714 582 846 646 στρέφουσα
855 583 933 630 ἕλικα.
1085 585 1256 644 proveniret5
1270 587 1352 649 atque
1363 589 1394 636 tii
1414 585 1517 638 dierum
1533 577 1568 638 et¹
1581 593 1699 642 cocitum
1712 565 1871 649 distributio

291 673 385 720 omnes
396 675 494 735 quippe
505 673 615 723 circutos
633 685 725 724 eornm
742 671 884 736 uniformis
899 672 925 720 ei
942 671 1044 720 merra·
1087 671 1244 722 succederet.
1278 675 1375 724 diensis
1394 686 1455 724 cero
1472 674 1621 738 designauit
1635 691 1691 728 esse
1704 685 1867 749 genueram,

259 759 318 811 bitis
330 761 380 811 itin
391 765 532 812 conversio
546 765 650 813 seriens
665 764 694 812 in
711 764 814 825 spiram
825 764 852 810 et
866 759 937 810 ceteri
953 762 1044 809 sinuo·
1088 763 1255 823 cramteno,
1273 764 1418 825 perspecto
1441 763 1541 814 circuio
1560 778 1624 828 suo,
1643 767 1726 818 sotem
1738 777 1867 824 conuenit.

257 861 317 936 snm
328 847 440 901 acontii
453 851 584 902 volumen.
1088 850 1155 897 inni
1169 862 1287 912 qnoque,
1299 863 1358 900 nrm
1372 849 1415 900 sol
1433 850 1469 901 nd
1484 851 1554 902 idem
1565 857 1681 917 signum,
1694 869 1730 906 ec
1742 871 1793 922 quo
1806 873 1869 923 pro-

291 942 355 988 cum
374 937 424 986 tiso
443 939 541 989 csrdine
558 938 658 1000 circini,
677 937 805 998 casu,vei
829 935 902 986 etism
919 936 1044 985 voiuntsie
1086 948 1189 999 pressus
1201 940 1269 1001 eret,
1282 942 1434 1011 reuertttstr.

257 1028 350 1088 nostra,
361 1029 544 1090 oppresso,sui
553 1025 766 1088 roisnatoeireino,
776 1025 947 1075 describuntur
958 1023 1044 1084 circuli
1088 1026 1195 1074 iiumero
1206 1025 1302 1076 dierum
1312 1029 1476 1078 trecentorum
1490 1028 1614 1090 sexaginta
1630 1031 1789 1095 quinque,ei
1802 1043 1870 1099 perte
1969 1038 1974 1047 “

256 1113 330 1174 isse,
344 1119 373 1164 ut
384 1115 539 1178 postremitas
557 1114 730 1165 circumducis}
750 1113 820 1164 linem
836 1127 885 1163 uon
899 1111 979 1161 seium
995 1125 1044 1161 non
1087 1117 1181 1176 quarta.
1214 1117 1294 1172 Quare
1304 1114 1678 1179 iscium,uiaprudsniissimis
1689 1120 1748 1171 viris
1760 1125 1786 1172 et
1798 1123 1870 1184 juxta

255 1202 382 1266 perveniet
400 1203 432 1252 sd
450 1204 592 1265 exordium,
611 1204 654 1254 sed
670 1203 802 1254 deiieciens
820 1202 994 1265 eccmpetenii
1009 1202 1043 1250 n'·
1087 1201 1220 1252 eoeiestium
1235 1216 1316 1254 rerum
1328 1205 1521 1254 observationem
1538 1206 1760 1270 exercitatissimis,
1778 1217 1865 1273 quarto

255 1304 312 1354 gore
325 1291 403 1356 inire,
414 1292 453 1343 rei
463 1305 550 1356 supra,
563 1292 728 1342 circumducit
739 1293 801 1342 iines
811 1292 901 1354 sepius
919 1291 1043 1351 arctiores,
1086 1290 1125 1338 iiis
1132 1289 1224 1352 portio,
1235 1293 1320 1353 quarto
1331 1294 1385 1354 post
1395 1305 1458 1342 snno
1468 1292 1492 1342 in
1505 1305 1582 1342 uuum
1591 1293 1700 1355 collecta,
1713 1299 1738 1348 et
1751 1310 1866 1363 accorpo.

255 1379 404 1443 laxioresve,
414 1381 519 1430 circutos
538 1381 624 1442 iaciat,
638 1381 686 1430 boc
699 1394 776 1442 genus
788 1381 936 1432 circatorum
949 1379 1041 1442 spirens
1086 1380 1147 1438 rute,
1160 1379 1264 1440 spatium
1277 1379 1341 1440 diei,
1351 1391 1380 1428 ac
1389 1380 1484 1442 noctis,
1497 1381 1636 1443 compleret.

183 1457 186 1462 ¹
256 1468 474 1529 solemnevccare,
489 1469 768 1522 veiscsutbirotumen.
807 1469 882 1532 uptus
893 1469 950 1532 quia
961 1468 1041 1531 piune·
1117 1467 1214 1516 crivit.
1231 1465 1298 1519 Ἐστι
1314 1465 1334 1515 d·
1345 1467 1410 1528 ὅμως
1428 1467 1493 1517 οὐδὲν
1509 1467 1579 1528 ἦττον
1593 1477 1740 1529 κατανοῆσαι
1753 1473 1865 1537 δυνατόν,

256 1561 294 1607 ias
308 1557 345 1606 sic
354 1557 452 1619 spianes
460 1558 523 1620 rapti
539 1557 678 1619 ostendinus
695 1557 860 1619 vertiginem
872 1569 922 1606 nou
935 1557 1042 1619 patiatur
1086 1557 1116 1611 ὡς
1126 1556 1139 1604 ὅ
1149 1557 1362 1620 geriteocdpcipbe
1372 1558 1457 1622 χρόνον
1466 1559 1701 1610 consarcinantis
1711 1564 1866 1627 πληροῑτόττ,

256 1658 300 1696 cot
311 1646 336 1696 iu
348 1647 452 1696 eandem
463 1647 559 1708 iocum,
573 1648 599 1695 ci
615 1645 681 1695 veliti
692 1644 788 1704 sedem
804 1659 835 1697 ex
848 1658 896 1709 qus
917 1645 1041 1708 progressi
1085 1642 1140 1691 ὅταν
1152 1645 1251 1693 ἁπασῶν
1262 1651 1309 1693 τῶν
1322 1645 1386 1694 ὀκτὼ
1400 1645 1515 1710 περιόδων
1529 1647 1559 1695 τὰ
1570 1649 1628 1712 πρὸς
1643 1649 1733 1706 ἄλληλα
1745 1652 1868 1715 inprecer·

256 1734 361 1795 iueraat,
379 1734 552 1797 representari,
573 1733 615 1783 sed
630 1732 667 1783 rei
680 1734 785 1783 transire
799 1736 883 1806 coget,
900 1732 1041 1783 reticuisse
1085 1731 1152 1782 iimcc
1167 1730 1229 1794 τάχη
1243 1739 1291 1795 σχῇ
1308 1735 1409 1794 κεφαλὴν
1428 1739 1462 1796 τῷ
1474 1738 1515 1783 τοῦ
1531 1735 1616 1786 ταύτοῦ
1628 1739 1668 1786 ssi
1686 1737 1773 1801 ὁμοίως
1792 1739 1866 1798 ἰόντος

256 1821 425 1884 progressione
438 1821 536 1872 minime
551 1833 679 1882 occurrere
688 1820 718 1870 nd
739 1821 866 1882 desbnata,
880 1824 945 1871 recte
962 1821 1038 1883 diiii,
1084 1802 1270 1882 ἆντμττρηοέντα
1281 1821 1373 1886 κύκλῳ.

255 1911 363 1960 errantes
385 1908 467 1957 sicitas
491 1908 516 1958 in
534 1908 640 1971 spiram,
663 1907 772 1958 circini
792 1907 918 1958 siaoosum
941 1907 1040 1956 ceratiti
1119 1909 1164 1956 Est
1176 1913 1266 1959 tarsen
1278 1911 1415 1962 intellectu
1432 1911 1607 1976 snciie,qnod
1620 1913 1754 1978 perfectus
1768 1919 1865 1979 tempo-

255 1998 383 2059 voiumea,
397 1997 485 2059 rotari,
504 1999 536 2046 db
550 1999 742 2058 inconstantem,
762 1999 835 2060 etque
850 1996 1039 2060 inaequabilem,
1085 2001 1122 2048 ris
1145 2012 1271 2051 numerus
1291 1997 1440 2062 perfectum
1462 2012 1564 2050 nnnrtm
1581 1999 1709 2062 complent
1732 2004 1796 2052 tunc
1824 2000 1866 2051 de·

255 2087 493 2139 circumvectionem.
526 2087 690 2144 Ut,sisteita
704 2086 876 2136 testeveneris
893 2089 926 2137 sii
940 2088 964 2136 in
979 2089 1040 2137 crie-
1084 2099 1170 2148 mum,
1194 2099 1253 2136 crem
1278 2089 1396 2135 oninium
1422 2090 1479 2136 octo
1508 2089 1741 2136 circumactionum
1770 2099 1865 2138 cursus

255 2175 287 2226 iis
304 2176 388 2238 signo,
405 2175 493 2227 deiude
511 2176 589 2238 rapiat
606 2188 660 2225 earu
680 2175 765 2224 mnndi
785 2174 921 2237 conversio,
936 2178 963 2225 ui
982 2188 1037 2224 enm
1082 2178 1185 2237 per-ucis¹
1202 2175 1274 2224 cciut
1295 2174 1332 2224 cd
1344 2176 1471 2236 originem
1488 2177 1569 2238 atone
1590 2174 1728 2224 exordium
1750 2175 1864 2224 circem-

254 2263 375 2326 iongiusa
389 2263 501 2326 pridiana
511 2262 677 2326 progressione
690 2262 828 2331 protrahat,
840 2268 906 2313 certe
921 2265 980 2313 tunc
993 2264 1038 2313 sii·
1084 2265 1195 2312 actionis
1206 2263 1321 2312 citerius
1334 2265 1520 2323 reuertuntur,
1534 2274 1617 2325 quam
1628 2273 1729 2324 semper
1738 2261 1806 2312 idem
1822 2263 1863 2312 ct·

255 2363 304 2413 qua
319 2350 624 2402 iieisbsrieiediscessio.
669 2352 816 2413 Quintoque
830 2350 913 2412 piures
933 2365 1038 2401 couver-
1084 2363 1135 2412 pue
1155 2349 1297 2414 caniformis
1311 2353 1397 2400 motus
1416 2351 1578 2400 dimetietur.

256 2438 336 2490 sicces
351 2439 424 2500 beni,
438 2438 610 2500 teutotongius
620 2437 652 2486 ab
663 2437 736 2487 suere
748 2437 778 2487 ad
793 2440 956 2500 precedentis
969 2441 1038 2500 signs
1116 2436 1253 2486 Perfectum
1270 2437 1384 2500 temporis
1399 2450 1536 2499 numerum,
1547 2437 1589 2500 qui
1597 2437 1728 2499 perrectum
1741 2437 1862 2500 completi

255 2526 374 2584 dbomei,
386 2528 411 2576 ei
424 2526 455 2576 sd
465 2529 613 2587 postremum
625 2526 654 2574 ad
667 2524 761 2588 pisces,
774 2530 848 2588 sique
860 2526 955 2575 indeed
966 2539 1040 2589 aquu-
1083 2538 1190 2586 anuum,
1211 2525 1315 2588 sppcitut
1332 2539 1405 2585 erum,
1419 2538 1467 2587 quo
1484 2526 1535 2574 tam
1552 2527 1643 2586 septem
1661 2526 1770 2589 planetes,-
1790 2539 1862 2588 quom

256 2614 329 2674 rium,
345 2612 498 2676 provehetur.
532 2613 639 2672 centn,
652 2611 672 2660 si
693 2610 815 2660 remissior
828 2611 876 2661 erit
893 2610 994 2670 ronco,
1008 2612 1040 2662 ab
1083 2621 1178 2664 cetere
1198 2613 1286 2676 stetim,
1305 2626 1360 2676 qum
1372 2613 1486 2662 dicuntur
1503 2617 1577 2675 ratas,
1590 2617 1769 2674 representem
1789 2613 1858 2676 origi·

255 2700 331 2752 ariete
342 2701 373 2750 ad
386 2702 484 2750 taurum
501 2707 587 2750 sersus
601 2698 712 2760 recedet,
729 2701 756 2749 et
775 2698 806 2748 sd
826 2699 1039 2762 gemmosisque
1083 2701 1178 2750 noiibus
1200 2701 1313 2763 sedibus,
1340 2714 1395 2762 qum
1424 2701 1467 2749 tuit
1488 2701 1556 2750 initio
1578 2713 1672 2760 rerum,
1695 2701 1859 2763 principioque

255 2800 379 2846 cancrum,
391 2787 481 2850 iniquis
491 2799 588 2848 semper
603 2784 682 2848 aris,
693 2785 719 2835 ei
733 2784 916 2836 deflectentibus
930 2786 1040 2837 abenor-
1083 2789 1181 2852 mundi,
1204 2791 1302 2842 eandem
1328 2790 1507 2841 constitutionis
1528 2789 1635 2840 eiiciuni
1657 2787 1862 2850 designationem

256 2880 316 2939 dic,
340 2881 413 2942 atquc
437 2877 605 2928 oberrantibus
623 2889 639 2926 ιι
660 2875 811 2926 convenienti
834 2877 924 2938 rigore.
970 2880 1039 2936 Quos
1082 2877 1116 2926 iis
1131 2879 1158 2926 ut
1176 2881 1201 2926 ci
1213 2877 1336 2940 prolixitas
1356 2875 1502 2940 prolixitati,
1517 2883 1541 2927 ei
1553 2876 1733 2926 interssliorum
1749 2875 1862 2938 pristino·

256 2965 356 3031 quidem
365 2979 437 3029 grros
448 2966 527 3015 Grseci
538 2966 616 3021 ἱλιιοτ
628 2964 764 3027 appellani3
775 2978 880 3025 unorum
891 2965 1039 3015 incrementa
1083 2979 1138 3014 rum
1157 2965 1277 3016 latitudini
1293 2966 1408 3025 intiiudc,
1427 2971 1451 3015 ei
1464 2964 1621 3027 profunditsti
1637 2963 1786 3028 profunditas
1803 2976 1861 3029 qut·

256 3056 288 3105 ab
305 3053 530 3114 imminutiouibns,
547 3052 728 3103 imminutiones
747 3066 819 3115 porro
831 3053 862 3102 ab
884 3052 1039 3103 incrementis
1083 3052 1145 3131 drei.
1179 3054 1232 3103 Hoc
1251 3058 1332 3103 nutem
1348 3056 1444 3115 tempus
1461 3054 1573 3103 continet
1587 3066 1706 3103 annorum
1724 3052 1862 3102 innumera·

257 3139 381 3200 nohntur,
391 3140 495 3198 suntque
505 3136 596 3185 simiies
603 3135 774 3197 ejusiormulae
781 3149 836 3198 que
843 3135 927 3186 subter
935 3136 1039 3199 ascripta
1083 3140 1156 3190 bitem
1172 3142 1273 3202 seriem,
1288 3142 1378 3203 quippe
1395 3154 1451 3190 curn
1469 3140 1594 3189 stettarum
1608 3141 1739 3189 errantium
1751 3136 1863 3188 circuitus

257 3226 295 3274 esi
306 3224 385 3286 (Vide
400 3224 511 3283 figuram
522 3223 615 3285 xiiii).
1083 3228 1184 3291 impares
1207 3228 1270 3289 siut,
1298 3228 1480 3289 necessarioque
1498 3226 1602 3275 dirersis
1617 3226 1766 3287 temporibus
1777 3236 1863 3274 cursus

287 3312 372 3360 cxiii.
385 3307 476 3359 Deinde
490 3310 525 3359 aii
540 3324 547 3358 ι
1082 3326 1139 3363 suos
1155 3312 1306 3376 corripimur,
1320 3316 1435 3375 prseterea
1456 3311 1527 3360 istius
1542 3312 1596 3359 aiiae
1607 3324 1621 3359 o
1634 3312 1764 3363 medietate
1779 3307 1864 3361 mundi

288 3398 425 3456 ‘tundirin
436 3399 517 3461 pisper
537 3398 629 3460 ἐναργές
642 3414 664 3445 τι
681 3400 737 3459 πρὸς
754 3398 841 3454 ἄλληλα
861 3399 987 3460 βραδυτῆτι
998 3399 1038 3445 mi
1081 3399 1220 3461 evagentur,
1241 3396 1365 3459 angustius
1377 3410 1435 3446 vero
1453 3397 1507 3445 aiiae
1525 3396 1556 3447 ad
1572 3397 1646 3445 austri
1665 3398 1866 3459 septenis-ionicae

256 3486 338 3551 τάχιι,
351 3487 392 3535 καὶ
403 3486 434 3535 τὰ
451 3486 503 3548 sccpi
514 3485 556 3541 τὰς
574 3483 638 3533 ὀκτὼ
657 3485 728 3547 φορὰς
743 3485 960 3547 reprimerent
980 3484 1038 3539 θεὸς
1080 3499 1190 3538 convexa
1200 3484 1327 3547 ,celsiores
1338 3484 1394 3533 siim
1405 3498 1419 3533 a
1429 3488 1491 3533 icrrs
1501 3484 1558 3547 sint,
1576 3484 1630 3533 aiioe
1650 3496 1697 3533 non
1717 3482 1778 3533 adeo
1787 3482 1864 3548 iongc

256 3575 343 3638 ἀνῆψεν
356 3575 380 3623 ἐν
390 3579 420 3637 τῇ
431 3575 489 3637 πρὸς
499 3580 543 3636 γῆν
553 3574 648 3637 δευτέρᾳ
662 3578 709 3622 τῶν
723 3573 855 3636 cupidior,
872 3574 886 3621 ὃ
903 3575 931 3630 δὴ
944 3577 985 3620 νῦν
995 3588 1037 3621 νε·
1082 3572 1212 3624 sititudinis
1239 3572 1367 3622 interrsiio
1392 3572 1481 3622 distent
1504 3584 1518 3620 s
1536 3571 1632 3633 regione
1645 3574 1731 3630 terrm,
1751 3570 1863 3621 diversos

256 3663 459 3725 diupisticum.
1080 3675 1178 3726 quoque
1194 3661 1256 3711 inter
1266 3672 1293 3711 sc
1314 3662 1395 3709 motus
1405 3666 1493 3722 egani,
1505 3662 1534 3709 ut
1552 3660 1606 3708 oiim
1619 3656 1785 3719 tordioribns,
1798 3656 1860 3707 ultra

287 3753 371 3814 Atque
385 3752 417 3800 ιιι
427 3746 596 3799 rationabilis
607 3751 633 3799 et
645 3749 770 3799 cumcito
785 3748 840 3799 bec
857 3753 975 3800 troicum
991 3761 1038 3798 uc·
1083 3748 1259 3814 progredientes
1269 3756 1399 3799 retrorsum
1412 3746 1587 3808 recedentibus,
1603 3745 1735 3796 bumiiibus
1746 3746 1858 3807 eiecisse,

257 3840 337 3889 rtcim
347 3841 374 3888 et
384 3836 591 3888 moderatissime
600 3848 700 3901 quoque
708 3840 859 3899 notaretur,
868 3840 1039 3899 omniumque
1084 3839 1190 3891 dextere
1214 3838 1331 3899 sinistris,
1358 3836 1516 3887 sinisteriores
1541 3834 1715 3885 dexterioribus
1736 3836 1862 3883 occurrant

256 3930 311 3980 ceto
329 3930 450 3979 οιοιιιιιιιι
471 3930 612 3991 perspicue
635 3925 932 3988 arcesseremusne
953 3924 1039 3975 lucem
1082 3930 1107 3978 in
1135 3942 1220 3980 uuum.
1253 3927 1364 3989 bibitque
1387 3925 1486 3975 omnino
1507 3924 1538 3974 sii
1557 3922 1622 3986 quod
1649 3922 1673 3972 in
1697 3921 1860 3983 designatione

257 4018 434 4070 clarissimum
453 4020 525 4067 Dein
543 4028 634 4065 rerum
647 4014 796 4065 conditore
811 4017 918 4077 rectene
928 4014 1038 4065 recursus
1082 4017 1176 4067 diiierat
1202 4018 1379 4065 coeterorum
1404 4015 1525 4064 astrorum
1551 4012 1650 4073 babitu,
1677 4010 1774 4073 specie,
1800 4008 1859 4070 tigu-

258 4120 277 4158 a
291 4105 461 4169 terrcpicbi5
475 4116 555 4169 quum
567 4103 650 4153 lucem
659 4103 740 4155 solem
755 4114 884 4153 vocamus.
1081 4105 1125 4155 ris.
1158 4107 1238 4165 Atque
1251 4103 1278 4151 ut
1291 4086 1374 4151 omnes
1389 4101 1516 4161 omuibus,
1530 4100 1606 4163 aequis
1620 4098 1746 4149 diametris
1758 4096 1856 4157 distent,

288 4198 351 4246 cum
363 4195 567 4257 proptercssterss
577 4192 710 4243 imitabiles
718 4190 1038 4253 utilitates,quasuniverso
1082 4204 1205 4252 unumque
1246 4192 1347 4247 nutum,
1374 4189 1446 4250 atque
1478 4200 1551 4237 unam
1581 4185 1687 4236 efficient
1737 4184 1860 4235 steiiarum

257 4282 401 4333 mundoSoi
421 4280 526 4343 invehit,
541 4284 594 4330 ium
610 4280 821 4344 etiampropieree
839 4279 902 4341 ignis
915 4278 1037 4341 ejusmodi
1081 4280 1190 4328 omnium
1216 4275 1445 4338 conformationem,
1467 4288 1523 4325 cnm
1537 4274 1569 4323 sit
1590 4286 1701 4333 necesse,
1714 4272 1736 4322 si
1746 4284 1808 4321 unus
1819 4270 1860 4320 aii-

257 4370 316 4422 dicii
329 4370 451 4421 exstitisse
461 4369 605 4432 genituram,
615 4370 641 4417 ut
651 4369 719 4417 mnia
734 4379 816 4417 rerum
827 4366 962 4429 designatio
972 4366 1039 4415 nutis
1082 4366 1138 4429 quis
1150 4379 1182 4415 en
1196 4364 1291 4427 ignibus
1305 4364 1490 4426 representatus
1502 4362 1573 4411 tuerit
1587 4360 1612 4410 in
1621 4362 1726 4423 antiquie
1735 4358 1861 4409 constetis-

257 4462 377 4525 tegeretur
387 4460 542 4524 obscuritate
1081 4454 1154 4505 tionis
1163 4456 1252 4503 sisium
1267 4450 1335 4514 justu
1349 4450 1466 4500 rstionem
1485 4450 1549 4499 torte
1567 4448 1720 4508 aitiiudinir,
1741 4444 1861 4497 latitudini

287 4552 342 4601 Ἰνα
350 4551 386 4600 ὅτι
395 4550 498 4614 μάλιστα
511 4549 544 4604 sic
552 4548 646 4596 ἅπαντα
657 4546 734 4607 φαίνοι
744 4548 784 4595 τὸν
796 4546 907 4610 οὐρανόν,
922 4546 1038 4609 μετάσχοι
1081 4548 1161 4595 tamen
1178 4554 1227 4592 neti
1238 4540 1270 4591 sir
1288 4540 1472 4603 repraesentatus
1481 4537 1601 4600 eutitium
1615 4536 1653 4587 vei
1671 4535 1692 4585 s!
1704 4534 1807 4597 perfecie
1820 4546 1861 4595 per

256 4656 282 4688 rs
294 4641 393 4703 ἀριθμοῦ
413 4640 443 4688 τὰ
460 4642 519 4702 ζῷα,
534 4636 641 4697 dccciv
656 4643 785 4699 προσῆκον,
798 4634 901 4697 μαθόντα
918 4635 982 4697 παρὰ
998 4640 1038 4693 τῆς
1082 4630 1292 4683 omniumomenta
1305 4640 1368 4678 unus
1381 4628 1509 4677 revocatus
1520 4625 1552 4675 ad
1563 4624 1691 4688 antiquum
1705 4624 1795 4672 sisium
1808 4622 1861 4671 iue-

256 4726 492 4789 recrescentes
505 4730 639 4790 περιφορᾶς.
673 4723 774 4784 Νὺξμὲν
789 4720 830 4771 οὖν
845 4722 1040 4785 ἡμίρατιγέγο·
1082 4721 1121 4782 rii,
1136 4724 1278 4771 ceterorum
1292 4720 1381 4777 tamen,
1396 4726 1500 4777 quorum
1512 4715 1549 4764 ssi
1559 4712 1655 4763 diversa
1667 4708 1791 4769 conditio,
1808 4722 1861 4772 per·

257 4832 295 4866 νιν
304 4815 381 4876 οὕτω,
398 4815 437 4864 sci
449 4815 488 4864 διὰ
505 4819 590 4875 ταῦτα,
604 4816 673 4872 bric
685 4817 739 4875 μιᾶς
753 4812 793 4861 ντὶ
809 4811 983 4873 φρονιμωτάτης
995 4826 1040 4858 κο·
1084 4811 1144 4859 tecte
1162 4804 1338 4870 representatis
1353 4802 1450 4853 minime
1466 4800 1618 4864 pervenerit,
1629 4810 1727 4849 necesse
1744 4797 1776 4846 sit
1786 4798 1859 4847 etiam

258 4905 365 4965 πιλήσεως
376 4904 490 4967 περίοδος.
521 4904 579 4959 sict<
590 4903 624 4960 δι’,
634 4903 726 4951 ἐπειδὰν
736 4900 821 4958 σελήνη
832 4899 988 4962 περιελθοῦσα
999 4898 1039 4947 τὸν
1082 4897 1135 4959 ejus
1149 4892 1342 4957 steiie,queiu
1362 4888 1575 4954 representatione
1591 4886 1696 4950 perfecta
1714 4884 1859 4943 intimetur,

259 4992 440 5052 &meretrice
460 4993 524 5050 ἣλιον
539 4990 708 5053 ἐντιτοταλάόῃ.
752 4989 872 5043 Ἐνιιυτὸς
899 4986 938 5044 δέ,
951 4985 1039 5035 ὁπόταν
1084 5000 1178 5037 rursum
1194 4985 1245 5036 tisri
1259 4983 1329 5033 sitnm
1347 4981 1519 5041 mutationem,
1536 4976 1615 5041 quoad
1636 4974 1801 5039 opportunitss
1820 4972 1859 5022 iiia

259 5081 324 5138 ἣλιος
340 5081 380 5130 τὸν
392 5083 478 5130 icusoir
489 5082 597 5145 περιέλθῃ
608 5080 702 5130 κύκλον.
1084 5074 1220 5139 proveniat,
1233 5086 1289 5135 qum
1300 5084 1373 5121 unnm
1384 5069 1480 5131 iaciens,
1488 5070 1560 5130 sique
1571 5064 1681 5125 undem,
1693 5060 1859 5127 representet,

294 5174 395 5226 tttcsm
408 5170 478 5223 idem
495 5170 571 5222 reinss
586 5170 800 5225 cotoremdcret,
818 5171 876 5220 tum
892 5168 974 5219 etism
987 5176 1040 5215 nst·
1083 5176 1137 5227 que
1147 5162 1192 5212 tuit
1202 5161 1232 5211 ab
1241 5158 1413 5210 initiomundi.
1448 5158 1525 5215 Quem
1534 5154 1632 5218 quidem
1642 5153 1745 5211 motum,
1753 5150 1778 5200 et
1786 5158 1859 5211 uuum
