3959 5925
668 350 813 412 MAXIM!
835 349 965 411 CYNICI
985 348 1237 411 FRAGMENTA.
1693 360 1745 413 iiii

148 482 243 548 οὕτως·
266 481 314 541 Ἂν
333 480 420 543 eois„
434 485 493 543 ᾶνςὶ
508 481 684 545 ψωνένννχνλ
704 485 801 542 Πυλῶν
821 479 928 565 Χερρό.
974 482 1755 549 quamnimonodsiqrophocensibuseinniischersonesnm

147 595 224 644 νησος
238 572 274 638 ὡς
286 569 404 651 περίεστι
416 574 450 651 τῇ
461 568 552 644 πόλει,
564 570 644 650 λέγῃ,
655 569 720 651 πρὸς
735 569 796 638 Διὸς
806 569 853 629 καὶ
863 573 927 629 θεῶν
973 584 1109 635 superesse
1127 572 1278 635 reipublicae
1296 573 1466 637 dienerinnen
1477 576 1566 625 ionem
1586 578 1613 626 ei
1632 575 1692 627 deos
1713 588 1755 628 sos

148 660 186 738 μὴ
199 657 373 729 ἀποδέξησθε.
388 658 531 719 'Risimus
545 660 596 738 γὰρ
611 658 650 717 ἂν,
660 661 683 717 ei
699 659 737 736 μὴ
752 657 796 718 διὰ
808 658 926 730 τούτους,
974 660 1095 722 obtestor,
1105 660 1463 726 needmiitoiisqpoiuissetis
1473 664 1543 713 enim
1552 662 1666 715 otiorum
1676 677 1756 729 opero

147 747 192 807 καί
212 746 381 829 Χεῤῥόνησον
401 747 447 805 χαί
468 746 561 815 Πύλας
581 746 627 807 καί
642 747 849 828 Φωκέαςέχειν,
893 749 928 807 Εἰ
973 750 999 799 ἀί
1010 747 1195 800 Chersonesum
1204 753 1231 801 ἀί
1242 749 1323 814 Pqios
1331 752 1356 801 θί
1365 749 1507 801 Phocenses
1519 748 1624 803 habere.
1657 752 1755 805 sienim

148 838 196 913 μὲν
215 836 268 917 γὰρ
291 834 391 910 ἀληθής
409 827 441 907 ἦν
457 834 530 903 λύσις
548 834 648 911 ἐκείνη,
662 831 702 897 ὅν,
724 838 754 895 οὔ
776 836 928 917 νννρνγέγρνν
973 849 1033 888 τοτε
1043 837 1133 887 eoiuiie
1145 836 1230 888 inisset
1242 838 1359 900 dicentis,
1374 837 1563 889 Chersonesum
1579 850 1630 889 non
1645 852 1699 891 esse
1714 854 1755 891 re-

96 976 102 993 ,
147 926 325 1009 Χερρόνησος·
350 924 408 984 ἐπεὶ
432 924 461 982 δέ
485 925 576 1004 ψεῦδος
596 917 639 1005 ήν,
653 927 684 985 τδ
705 924 822 1007 σόρισμα
845 926 928 985 έκεῖνο
974 925 1067 976 iiciom
1077 925 1289 987 Atheniensibus,
1302 926 1756 991 praesicessetcratori3sedquoniam

147 1014 259 1095 γέγονεν,
271 1014 343 1075 Ἀλλ’
355 1014 403 1072 οὐχ
418 1013 476 1073 ἀντὶ
489 1012 608 1073 Φωκέων
623 1014 669 1074 χαὶ
689 1016 795 1074 Πνλῶν,
838 1013 925 1076 Πάλνν
974 1013 1061 1064 iuiaum
1071 1014 1192 1077 isocerui,
1205 1014 1236 1063 sd
1246 1014 1313 1065 ssiam
1329 1015 1410 1079 potius
1427 1014 1604 1066 cavillationem
1619 1016 1756 1081 descendit,

149 1102 176 1161 δέ
190 1103 220 1162 τδ
235 1100 354 1183 δεύτερον
367 1104 415 1172 τῆς
429 1100 584 1169 ἀντιθέσεως
596 1102 674 1183 μέρος
688 1104 823 1182 εἰσήγαγε,
835 1104 928 1180 λέγων,
973 1105 1003 1153 oi
1024 1114 1075 1152 non
1094 1114 1145 1167 pro
1167 1102 1345 1153 Phocensibus
1360 1106 1388 1153 et
1408 1104 1491 1167 th‘s.
1523 1105 1586 1155 Hinc
1609 1105 1639 1155 ud
1657 1106 1757 1157 aiteram

145 1182 214 1250 Οἶδα
229 1191 314 1249 τοίνυν
332 1188 373 1247 ότι
390 1186 449 1255 τοὺς
468 1188 517 1265 μὲν
540 1187 605 1271 ὑπὲρ
630 1194 691 1249 τῶνΙ
705 1189 927 1269 κατηγορημένων
972 1189 1244 1253 objectationisqariem
1257 1192 1418 1253 transgressas
1429 1211 1436 1241 ε
1447 1191 1577 1255 Equidem
1590 1194 1656 1256 scio,
1666 1192 1756 1256 inquii,

147 1283 226 1339 αὐτοῦ
239 1279 245 1315 ¹
259 1278 352 1356 λόγους
368 1276 496 1357 Αἰσχίνης
507 1273 642 1359 φεύξεται·
654 1278 810 1359 βουλόμενος
821 1279 849 1338 δὲ
861 1281 929 1355 ὑμᾶς
974 1277 1126 1329 AEsohinem
1138 1278 1175 1329 od
1193 1281 1383 1330 accusationem
1396 1278 1465 1329 nihii
1483 1292 1537 1331 esse
1550 1292 1758 1344 responsurum:

146 1371 181 1436 ὡς
194 1365 356 1449 πορρωτάτω
367 1368 419 1424 τῶν
433 1363 624 1447 πεπραγμένων
635 1369 790 1446 ἀπαγαγεῖν,
800 1364 928 1439 διέξεισιν,
973 1367 1032 1428 sed,
1044 1380 1095 1431 quo
1107 1380 1151 1418 vos
1165 1379 1247 1433 quom
1262 1368 1411 1432 lonqissime
1421 1382 1439 1419 n
1451 1380 1533 1419 οαειεα
1549 1368 1677 1431 obducat,
1689 1382 1757 1421 com-

147 1456 225 1527 ἡλίκα
234 1464 316 1515 πᾶσιν
327 1452 473 1533 ἀνθρώποις
484 1454 570 1532 ἀγαθά
582 1457 612 1513 ἐκ
626 1458 672 1525 τῆς
686 1456 791 1534 εἰρήνης
801 1453 928 1533 γίγνεται,
973 1458 1196 1519 memoraturum,
1208 1458 1339 1520 quantum
1352 1455 1545 1507 commodorum
1562 1456 1680 1508 homines
1697 1461 1758 1510 uni-

149 1546 194 1603 καλ
205 1545 353 1604 τούναντίον
366 1545 396 1601 ἐκ
404 1546 450 1601 τοῦ
460 1544 578 1620 πολέμου
585 1542 665 1617 κακέ,
672 1544 717 1603 καί
729 1543 795 1610 ὅλως
807 1543 927 1621 ἐγκώμια
974 1545 1042 1593 viiii
1057 1556 1090 1593 θῶ
1108 1556 1171 1607 Ραΰθ
1191 1547 1316 1608 comem,
1326 1547 1419 1595 contra
1433 1556 1499 1607 quus
1512 1544 1579 1596 bello
1592 1545 1680 1597 clades
1697 1558 1757 1597 eon·

146 1631 249 1710 εἰρήνης
269 1633 339 1710 ἐρεῖ,
360 1630 406 1690 καὶ
425 1636 534 1691 τοιαῦτα
552 1631 758 1709 ἀπολογήσεται.
800 1624 927 1691 Ἔστιδὲ
974 1632 1099 1697 ironam,
1119 1646 1152 1684 oe
1173 1634 1288 1699 denique
1308 1637 1381 1698 poeis
1403 1634 1495 1685 laudes
1524 1636 1682 1697 detensionis
1704 1636 1758 1687 ioco

145 1718 191 1777 καί
206 1726 290 1778 ταῦτα
308 1719 412 1793 πάντα,
428 1717 637 1797 κατηγορήματα
651 1719 753 1779 τούτου.
795 1721 831 1780 Εἰ
845 1718 927 1798 γὰρὴ
973 1722 1133 1772 (illaturum.
1166 1725 1336 1774 sunioutem
1351 1735 1382 1774 eu
1400 1726 1488 1774 omnia
1501 1736 1562 1775 cum
1576 1725 1633 1787 ejus
1653 1737 1757 1776 dccviii·

145 1815 199 1874 τοῖς
217 1808 304 1873 ἀλλοις
321 1808 426 1883 ἀγαθῶν
440 1806 528 1883 αἰτία,
541 1804 669 1869 τοσούτων
693 1807 858 1887 πραγμάτων
882 1805 928 1865 καί
974 1812 1044 1861 tione
1052 1810 1202 1873 conjuncto.
1235 1814 1304 1861 iinm
1317 1816 1340 1861 si
1353 1823 1418 1875 poor,
1430 1824 1488 1876 quse
1502 1812 1564 1862 otiis
1581 1816 1619 1864 toi
1636 1813 1758 1864 bonorum

145 1892 306 1967 τηλικαύτης
320 1899 439 1975 ταραχῆς
454 1898 519 1971 ἡμῖν
534 1896 605 1955 αἰτία
630 1895 738 1974 γέγονε,
753 1894 780 1953 τί
800 1918 839 1961 τις
862 1883 928 1953 εἶναι
974 1911 1056 1949 sousa
1065 1902 1157 1961 esi,toi
1168 1903 1331 1963 mentiosum
1341 1903 1456 1951 ettoniee
1463 1900 1758 1965 perturbationiscnusn

146 1989 222 2042 τοῦτο
243 1982 325 2063 ραίη,
347 1984 416 2053 πλὴν
441 1982 482 2041 ότι
506 1980 726 2063 δῶρα,λαόόντες
745 1974 832 2061 οὗτοι,
847 1981 927 2044 καλὸν
973 1988 1049 2038 nobis
1061 1992 1177 2049 exstitit,
1188 1990 1255 2052 quid
1272 1988 1378 2040 tandem
1397 1989 1449 2040 dici
1469 1993 1675 2053 conveniei,nisi
1695 1993 1757 2041 istos
1796 1976 1798 1982 Α

150 2082 262 2151 πρᾶγμα
273 2062 359 2152 ριἰσει,
374 2075 462 2137 κακῶς
476 2070 614 2150 διέθηκαν;
628 2073 684 2133 Καί
694 2074 721 2131 ἰν
736 2074 849 2152 αὖτῆτῆ
864 2072 929 2130 διαι-

147 2159 214 2239 ρέσει
228 2158 378 2239 έσορίσατο.
422 2160 462 2218 Οὐ
477 2159 526 2237 γάρ
539 2158 643 2229 ἔλυσεν,
654 2158 695 2218 ότι
706 2160 786 2218 καλὸν
799 2166 816 2231 ή
829 2160 928 2239 εἰρήνη·

144 2246 217 2317 ἢούκ
233 2247 337 2325 εἰρήνην
350 2249 435 2322 ἄγετε.
448 2246 517 2307 Ἀλλ’
530 2247 713 2325 ἐζημιώθημεν
724 2248 750 2317 ἐξ
761 2252 849 2319 αὐτῆς,
857 2238 925 2307 εἰπε.

146 2336 201 2395 Καὶ
215 2336 245 2393 τὸ
255 2335 342 2415 ἕτερον
355 2333 382 2392 δέ
393 2334 470 2414 μέρος
476 2339 524 2406 τῆς
536 2335 690 2403 ἀντιθέσεως
702 2334 783 2403 οὕτως
794 2337 927 2414 εἰσήγαγε·

145 2426 180 2483 Τί
194 2422 241 2498 δέ,
256 2427 286 2483 οὗ
300 2422 414 2503 τριήρεις
426 2423 593 2502 τριακόσιαι,
604 2424 650 2483 καί
661 2425 742 2500 σκεύη
761 2425 869 2494 ταύταις
883 2426 928 2485 καί

144 2511 271 2592 χρήματα
284 2502 345 2589 ὑμίν
360 2510 487 2590 περίεστι,
496 2514 542 2570 καί
551 2512 688 2593 περιέσται
701 2514 799 2583 διδιτὴν
810 2515 927 2592 εἰρήνην;

145 2601 207 2667 ἴσοις
220 2602 253 2660 ἀν
267 2601 346 2660 εἰποι.
372 2600 441 2679 Πρὸς
456 2600 483 2659 δὲ
497 2606 581 2659 ταῦτα
592 2606 674 2661 έκεῖνο
689 2606 756 2678 ὑμᾶς
770 2600 927 2677 ὑπολαμόά-

144 2712 194 2748 νειν
216 2691 268 2762 δεῖ,
280 2689 365 2747 ότικαί
375 2687 409 2745 τδι
416 2690 554 2748 Φιλίππου
567 2692 714 2767 πράγματα
724 2692 754 2747 έκ
763 2693 812 2760 τῆς
824 2689 928 2768 εἰρήνης

144 2777 248 2856 γέγονεν
268 2775 433 2854 εὐπορώτερα
454 2778 564 2855 πολλῷ,
577 2777 623 2833 καὶ
647 2778 822 2843 κατασκευαῖς
840 2776 927 2835 όπλων

144 2863 189 2921 καὶ
203 2864 302 2942 χώραις
315 2862 361 2920 καί
374 2862 526 2941 προσόδοις,
539 2861 569 2921 αἰ
583 2863 720 2941 γεγόνασιν
734 2864 825 2943 ἐκείνῳ
843 2865 927 2943 μεγέ-

144 2955 202 3010 λαι·
214 2951 249 3012 τδι
269 2951 297 3010 δὲ
313 2951 409 3009 ἐκείνου
419 2951 510 3018 ὀὐδεὶς
525 2951 651 3025 ἀπέδοτο,
666 2956 701 3021 ὡς
716 2944 787 3013 οὗτοι
803 2952 837 3013 τά
858 2953 925 3032 ήμέ·

143 3063 218 3119 τερα.
263 3041 303 3099 Oi
319 3038 350 3110 δὴ
364 3038 463 3099 δίκαιον
478 3039 568 3120 ἐκείνῳ
581 3039 629 3117 μέν
645 3041 781 3122 ἀμφότερα
799 3041 928 3117 ηὐξῆσθαι

144 3129 186 3185 διδ
200 3129 321 3200 τούτους,
334 3127 379 3186 καὶ
393 3127 427 3184 sb
440 3132 488 3199 τῆς
500 3127 589 3208 χώρας
601 3130 645 3188 καί
656 3129 690 3188 eb
700 3134 752 3189 τῶν
768 3131 927 3211 συμμάχων·

144 3213 201 3273 ἀδέ
215 3218 279 3292 ἡμῖν
295 3213 402 3279 δικαίως
414 3212 446 3271 ἀν
461 3219 578 3294 ὑπῆρχεν
594 3217 624 3275 ἐκ
642 3219 689 3287 τῆς
711 3216 830 3295 εἰρήνης,
843 3223 926 3276 ταῦτα

143 3305 198 3362 ἀνθ’
210 3294 247 3363 ὧν
264 3303 390 3362 ἀπέδοντο
403 3294 489 3374 οὗτοι,
504 3305 664 3381 λογίζεσθαι·
676 3309 704 3365 οὗ
714 3305 765 3385 γάρ
776 3312 856 3371 ταῦτα
870 3308 927 3363 ἀντ’

94 3441 101 3456 ,
141 3390 245 3449 ἐκείνων
259 3391 376 3470 γέγονεν,
392 3388 450 3448 aiii
468 3391 568 3450 πολλοῦ
584 3393 633 3452 δεῖ.
677 3392 757 3451 'iiiii
771 3400 855 3452 ταῦτα
879 3393 926 3471 μέν

142 3469 221 3547 ῆνάν
239 3477 334 3554 δμοίως
353 3481 429 3555 ἡμῖν,
443 3479 530 3537 ἐκεῖνα
548 3478 576 3536 δὲ
597 3478 696 3547 τούτοις
718 3480 748 3538 ἀν
768 3487 885 3560 προσῆν,
904 3485 927 3541 εἰ

144 3564 181 3640 μὴ
195 3563 238 3623 ish
250 3564 365 3632 τούτους.
410 3566 450 3626 Τὸ
468 3566 586 3647 σόφισμα
601 3571 735 3628 κάνταῦθα
753 3570 816 3649 πρὸς
831 3572 862 3632 τὸ
876 3596 927 3648 με·

144 3649 266 3730 μερίσθαι
279 3650 326 3724 τὴν
340 3652 467 3712 ἀντίθεσιν
479 3655 584 3733 ἰκείνιρ,
598 3656 703 3734 γέγονε,
716 3657 762 3715 καί
775 3663 820 3716 τοῦ
835 3659 928 3737 μέρους

144 3738 216 3806 ὄντος
238 3744 286 3811 τῆς
310 3741 463 3808 ἀντιθέσεως
486 3740 590 3801 ἀλότου.
638 3745 685 3826 Μή
714 3744 855 3824 δυνάμενος
875 3747 926 3827 γάρ

143 3827 224 3885 εἰπεῖν
238 3825 279 3885 ότι
294 3831 341 3889 οὐκ
364 3828 455 3906 ἔχουσι
473 3826 587 3909 τριήρεις
609 3830 776 3910 τριακοσίας,
801 3832 926 3906 ἀντέθηκε

143 3915 246 3995 γήσας,
262 3915 302 3973 ότι
316 3915 362 3972 καὶ
375 3916 409 3974 τά
425 3914 564 3976 Φιλίππου
580 3917 724 3997 πράγματα
739 3919 830 3999 πολλῷ
845 3921 925 3978 εὐπο-

144 4002 244 4080 ρώτερα
263 4004 293 4061 έκ
307 4007 353 4075 τῆς
368 4002 472 4083 εἰρήνης
486 4003 600 4084 γέγονεν,
619 4009 706 4064 έκεῖνα
720 4005 748 4064 δὲ
760 4008 790 4065 οὗ
802 4007 926 4087 προδέδο·

142 4113 199 4161 ται,
213 4087 305 4169 ὥσπερ
322 4091 357 4150 τά
369 4090 497 4170 ἡμέτερα.

181 4176 220 4249 η’.
242 4182 283 4237 Δι’
297 4176 358 4237 όλου
374 4179 401 4236 δὲ
415 4183 459 4238 τοῦ
480 4177 559 4257 λόγου
582 4179 745 4258 μεθοδεόοεις
759 4183 806 4253 τήν
830 4183 925 4242 ἄλυτον

143 4264 284 4343 ἀντίθεσιν,
300 4265 423 4325 οὗδέποτε
447 4268 652 4346 προηγουμένως
675 4270 855 4351 παρεχόμενος
879 4271 925 4340 τάς

141 4355 245 4428 λύσεις,
261 4355 342 4423 οὕτως
357 4359 392 4423 tn
407 4360 421 4414 δ
438 4357 608 4434 Δημοσθένης
630 4360 657 4416 έν
670 4363 709 4438 τῷ
732 4358 802 4419 κατδι
823 4359 926 4436 Ὀλυμ-

141 4443 281 4523 πιυδιίιρου,
292 4443 331 4502 bis
342 4446 371 4502 οὗ
382 4444 510 4524 προσήκει
520 4468 561 4506 σοι
572 4450 624 4504 τῶν
636 4446 756 4514 Κόνωνος
765 4453 810 4506 τοῦ
821 4449 923 4516 ἁλιέως·

141 4530 193 4607 ἐγὼ
207 4531 258 4611 γάρ
271 4529 317 4590 καὶ
329 4531 538 4612 ήμρισόήτησα,
552 4533 597 4592 καὶ
610 4533 732 4592 εἰσελθὼν
747 4537 782 4601 εἰς
796 4535 923 4607 δικαστή-

143 4640 195 4695 ριον
209 4617 333 4691 ἐνίκησα,
348 4618 393 4676 καί
408 4620 535 4692 δεσπότης
548 4619 617 4694 εἰμί·
632 4619 664 4679 σὺ
678 4620 705 4679 δέ
716 4623 739 4678 εἰ
750 4622 923 4701 ήμιρισόήτεις

140 4710 186 4761 τοῦ
202 4704 313 4784 κλήρου,
327 4707 380 4786 πρὸ
394 4711 441 4779 τῆς
456 4711 508 4766 τῶν
520 4709 650 4767 δικαστῶν
665 4708 821 4789 ἀποράσεως
842 4711 922 4790 ἐχρῆν

973 2078 1127 2127 muneribus
1146 2080 1271 2141 acceptis,
1287 2090 1343 2127 rem
1359 2082 1453 2141 suopte
1467 2082 1567 2130 nature
1581 2079 1675 2129 bonnm
1688 2080 1761 2129 maie

973 2168 1143 2229 corrupisset
1153 2168 1230 2215 Etiam
1240 2167 1264 2215 in
1275 2166 1320 2216 hae
1330 2166 1450 2217 divisione
1460 2168 1536 2217 artem
1546 2166 1664 2217 adhibuit.
1676 2170 1759 2230 Neque

961 2255 1038 2303 *enim
1062 2253 1136 2304 solvit
1157 2253 1362 2317 obiectationem,
1381 2255 1492 2317 negando
1523 2268 1606 2317 pacem
1632 2268 1687 2306 esse
1708 2266 1757 2305 sem

972 2341 1079 2403 bonam,
1093 2344 1135 2392 aut
1152 2356 1235 2405 pacem
1252 2348 1301 2393 non
1313 2344 1406 2405 agitare
1421 2343 1596 2405 Athenienses,
1607 2344 1650 2393 sed
1664 2344 1757 2393 incom-

973 2430 1054 2479 modis
1066 2430 1122 2481 inde
1133 2431 1194 2480 ustis
1208 2430 1308 2480 aiieutos
1322 2444 1376 2481 esse
1388 2430 1526 2480 aiiirmevit.
1560 2432 1608 2481 Sed
1620 2436 1644 2481 et
1659 2430 1757 2481 aiteram

973 2518 1139 2578 obiectationis
1151 2521 1245 2581 partem
1260 2519 1325 2567 hune
1334 2519 1360 2568 in
1369 2518 1468 2567 modum
1481 2520 1574 2581 uiiingii
1587 2538 1593 2567 ι
1604 2520 1673 2577 Quid
1679 2526 1759 2570 nero?

974 2619 1060 2656 nonne
1072 2609 1190 2657 triremes
1205 2610 1328 2657 trecentae
1341 2610 1367 2657 et
1378 2610 1544 2658 ormontenio
1554 2608 1667 2657 iliorum
1680 2611 1705 2657 ei
1712 2620 1757 2670 pe·
1815 2660 1816 2663 ,

973 2696 1059 2743 cunin
1076 2694 1148 2743 oobis
1160 2697 1304 2758 supernum
1319 2698 1345 2745 et
1362 2697 1519 2758 supererunt
1530 2698 1638 2759 propter·
1647 2702 1759 2758 qsooemr²

972 2780 1088 2845 sortasse
1107 2782 1188 2833 dicet.
1227 2783 1299 2833 Vobis
1320 2786 1411 2833 antem
1428 2786 1520 2834 contro
1538 2786 1577 2835 ito
1592 2783 1758 2834 sentiendum

972 2873 1026 2932 est,
1038 2873 1120 2921 etiem
1135 2870 1253 2935 Philippi
1267 2884 1326 2934 opes
1345 2885 1377 2921 eo
1387 2884 1454 2934 poce
1466 2872 1551 2922 mniio
1562 2874 1692 2923 auctiores
1704 2884 1759 2921 esse

973 2956 1076 3022 socios,
1092 2963 1117 3010 ei
1127 2964 1260 3024 apparatu
1281 2973 1418 3011 armorum
1432 2963 1457 3012 ei
1469 2963 1612 3024 prouinciis
1624 2965 1650 3013 et
1663 2963 1758 3013 rediti-

974 3048 1035 3110 bus,
1048 3062 1110 3112 qnos
1122 3050 1169 3099 iiie
1187 3052 1282 3100 nactus
1296 3052 1335 3101 est
1352 3051 1468 3112 inqenies
1478 3065 1487 3100 :
1499 3052 1528 3100 oi
1546 3049 1620 3100 iiiins
1630 3063 1673 3101 res
1686 3065 1758 3104 nenio

973 3134 1117 3198 oiienooii,
1129 3141 1159 3187 ut
1169 3139 1215 3187 isti
1226 3140 1330 3188 nostros
1344 3136 1521 3188 tradiderunt.
1556 3140 1613 3188 Non
1625 3142 1664 3188 est
1677 3141 1759 3202 iqitnr

972 3237 1084 3288 nqnnm,
1097 3225 1139 3274 itii
1152 3227 1265 3288 utroque
1275 3237 1329 3274 esse
1338 3228 1418 3275 ancia
1427 3237 1478 3288 per
1487 3227 1560 3286 istos,
1571 3228 1597 3275 ei
1605 3230 1758 3290 provincius

972 3319 997 3365 et
1011 3313 1156 3378 foederatos
1170 3317 1333 3365 civitatens
1344 3311 1520 3378 nobisecqu'n
1529 3315 1560 3364 ob
1568 3327 1658 3378 pacem
1667 3319 1758 3368 nterito

973 3408 1119 3454 teneremus
1131 3404 1241 3454 iliorum
1255 3403 1308 3452 ioco
1321 3415 1378 3466 quar
1393 3402 1499 3452 abistis
1514 3402 1621 3452 vendito
1633 3408 1695 3454 sunt
1709 3405 1758 3454 im·

972 3495 1035 3544 beri.
1057 3477 1210 3542 'ivon'enim
1223 3491 1277 3542 hnc
1293 3503 1342 3554 pro
1359 3491 1416 3540 iliis
1430 3493 1594 3553 occepimus
1605 3503 1667 3540 nem
1684 3491 1758 3554 ionqe

972 3582 1042 3631 obesi
1058 3582 1088 3628 ni
1102 3582 1142 3629 ito
1155 3581 1199 3628 sii.
1233 3575 1283 3626 sed
1300 3578 1327 3626 ei
1341 3574 1396 3624 hnc
1411 3573 1497 3623 eodem
1511 3572 1586 3623 modo
1598 3577 1756 3636 teneremus,

972 3674 998 3720 et
1009 3670 1059 3719 iiia
1069 3668 1111 3718 his
1121 3667 1299 3724 accessissent,
1311 3665 1363 3712 nisi
1379 3665 1425 3712 isti
1444 3661 1589 3712 obstarent.
1622 3661 1757 3713 Asiiiicium

970 3762 1043 3811 eiiam
1060 3759 1100 3808 hic
1117 3759 1142 3806 in
1161 3755 1291 3805 dividenda
1313 3753 1443 3803 adversarii
1462 3752 1624 3816 objectatione
1644 3757 1756 3817 apparet,

971 3845 1085 3910 quoniam
1101 3857 1157 3906 pars
1169 3855 1265 3905 quoque
1276 3840 1341 3890 iilius
1355 3838 1488 3890 insolubilis
1503 3842 1549 3889 est.
1568 3843 1667 3904 ¹itaque
1679 3855 1755 3904 quum

971 3950 1019 3985 nen
1031 3935 1113 3998 posset
1127 3944 1215 3993 negare
1227 3931 1347 3980 trecentas
1361 3929 1471 4005 irisemes
1485 3941 1539 3980 esse
1549 3929 1753 3992 Atheniensibus,

971 4023 1084 4087 opposuit
1093 4020 1161 4070 hisce
1170 4025 1195 4069 et
1208 4018 1311 4081 Philippi
1322 4031 1361 4068 res
1371 4031 1400 4068 ea
1410 4031 1472 4080 pace
1480 4017 1583 4068 mulium
1596 4021 1691 4080 auctas,
1700 4033 1755 4082 qum

970 4113 1052 4160 iumen
1073 4107 1169 4157 neniis
1185 4106 1284 4169 proditae
1299 4107 1395 4167 essent,
1406 4107 1433 4155 ui
1452 4108 1543 4156 nostrae
1559 4106 1752 4157 Atheniensium.

1002 4203 1025 4248 8.
1036 4193 1753 4257 Pestetamoraiionemeludesinsolubilemobjectationem,
1776 4230 1780 4236 -

970 4289 1136 4338 nunquamne
1153 4273 1263 4323 instituio
1278 4273 1421 4322 solutionem
1440 4273 1494 4334 eius
1513 4272 1650 4336 protessus,
1664 4276 1693 4322 ut
1704 4275 1753 4324 Du·

969 4357 1108 4406 mosthenes
1119 4354 1143 4402 in
1157 4353 1265 4402 eratione
1279 4354 1363 4402 conisa
1379 4351 1589 4414 olympiodorum,
1622 4351 1675 4400 Nou
1686 4364 1753 4401 com-

970 4437 1029 4497 petit
1045 4433 1086 4483 tibi
1102 4431 1209 4482 cononis
1223 4431 1347 4492 piscaturis
1368 4430 1495 4480 iserediias.
1528 4433 1591 4480 iiam
1610 4442 1655 4493 ego
1668 4431 1710 4493 qui
1723 4432 1753 4482 de

970 4529 996 4565 se
1015 4513 1167 4574 ambigebam
1190 4512 1214 4561 in
1236 4511 1276 4572 ius
1290 4511 1349 4571 abii,
1364 4513 1389 4559 et
1411 4522 1511 4559 eausam
1527 4509 1637 4570 obtinui,
1653 4509 1752 4573 ideoque

968 4593 1127 4644 hereditatem
1141 4595 1286 4640 consecutus
1298 4603 1361 4639 eum.
1395 4591 1429 4639 Te
1450 4603 1517 4651 reso,
1532 4588 1553 4638 si
1569 4588 1600 4638 de
1617 4588 1657 4638 ilis
1673 4589 1751 4638 ambi-

967 4672 1053 4735 gebas,
1063 4669 1190 4733 oportebat
1204 4669 1259 4718 aute
1269 4669 1377 4732 judicum
1387 4668 1530 4718 senientiam
1544 4667 1699 4718 hereditatem
1709 4669 1751 4718 tibi

968 4749 1098 4799 vindicare.
1131 4747 1307 4796 Demosthenes
1325 4744 1496 4807 objectationes
1509 4746 1650 4807 neutiquam
1666 4759 1697 4795 ex
1713 4746 1750 4795 in·

141 4796 321 4865 ἀίτίποῑῆσαί·
363 4793 421 4861 Τὰς
436 4794 484 4873 μὲν
498 4796 640 4862 ἀντιθέσει(
660 4798 921 4877 Οὐδαμῶίπέοηίου·
966 4831 1054 4880 siiiuio
1073 4829 1155 4890 ponii,
1169 4831 1196 4876 ai
1213 4839 1255 4890 per
1273 4828 1350 4875 totam
1368 4825 1504 4875 ursionem
1521 4839 1572 4888 prm
1591 4839 1617 4876 se
1635 4827 1680 4876 ieri
1695 4841 1749 4876 ειιιιι

142 4881 223 4949 “5th
238 4882 330 4960 ἔθηκεν
344 4885 413 4960 λὲἰῑῑ
425 4883 452 4941 δὲ
468 4885 502 4941 3¹⁹
512 4885 573 4943 ὅλου
586 4890 632 4943 ῒθῧ
647 4883 738 4961 ἰόἰθυι
750 4884 790 4942 ὅτι
803 4909 846 4961 μοι
858 4885 922 4965 πρὸς
967 4907 1140 4972 olympiodoro
1158 4897 1293 4969 pactionem
1302 4905 1388 4956 iniiam
1404 4918 1469 4968 esse,
1480 4909 1508 4954 ut
1523 4905 1682 4968 oomnsuniter
1693 4918 1749 4955 eum

141 4966 358 5049 Ὀλυμπιόδωρον
382 4972 510 5043 συνθῆκαί
531 4995 598 5038 τινες
620 4971 762 5050 έγέθοντῦν.
778 4972 821 5030 ἵνα
847 4977 921 5052 κοινῇ
966 4989 1062 5039 οωῑειίι
1077 4991 1239 5046 certaremus,
1253 4992 1277 5035 ei
1291 4985 1389 5034 dimidia
1402 4983 1543 5035 hereditatis
1556 4995 1610 5047 pars
1626 4983 1655 5033 ad
1670 4985 1749 5047 ipsum

140 5056 205 5135 πρδς
217 5058 278 5126 τοὺς
293 5060 387 5126 ἀλλους
398 5057 645 5138 ἀγωνισώμεθα·τδ
656 5053 710 5139 μέν
728 5061 812 5137 ἥμισυ
830 5066 921 5120 τοῦτον
966 5073 1074 5135 reniret,
1094 5072 1218 5122 dimidiam
1233 5086 1276 5134 ego
1289 5084 1412 5134 caperem.
1448 5071 1600 5131 Quinetiam
1616 5069 1747 5131 coniunctis

140 5143 210 5224 ἔχειν
225 5153 270 5205 τοῦ
283 5147 398 5228 κλήρου,
413 5147 445 5206 τδ
464 5148 490 5207 δὲ
512 5148 595 5225 ῆμισυ
607 5147 664 5225 ἐμέ.
706 5149 762 5208 liei
777 5149 921 5228 ὠμόσαμεν
964 5161 990 5210 in
1003 5173 1079 5210 unum
1092 5159 1184 5209 visibus
1196 5172 1240 5209 nos
1254 5171 1309 5208 cnm
1325 5157 1451 5220 quibusvis
1465 5160 1599 5207 certaturos
1613 5168 1666 5206 esse
1683 5155 1746 5217 jura·
