3959 5925
632 393 866 455 FRAGMENTA
889 396 1019 459 vitun.
1571 413 1606 461 St

41 527 177 606 Ιωςηρηιίγν
193 526 319 605 ὑπάρχειν
332 523 376 580 καί
387 525 439 580 ein
451 522 514 601 πρὸς
523 524 622 602 ὑγίειαν
636 523 799 600 ἐπιστήμονα
817 555 819 569 =
844 530 895 592 τοῖς
910 526 937 584 δέ
951 527 1057 606 φαύλοις
1071 527 1136 605 μηδὲ
1150 529 1197 598 τήν
1208 529 1287 606 μονήν
1303 534 1327 590 ἐν
1342 534 1379 610 τῷ
1393 535 1450 607 ζῆν,
1464 531 1530 608 εἰμὴ
1544 534 1611 607 μέλ-

40 616 221 696 ωμφερόντων.
237 615 298 691 Οὑχ
311 602 363 670 οἷόν
380 636 409 670 τε
423 609 457 669 δὲ’
465 610 669 686 μεθυσθήσεσθαι
682 613 727 671 eto
741 621 798 673 νοῦν
842 615 911 670 λοιεν
925 614 1028 673 ἔσεσθαι
1041 616 1130 694 σοφοί,
1148 617 1205 676 οὔτε
1220 619 1270 696 γὰρ
1281 618 1329 690 τήν
1346 619 1439 698 ἀρετὴν
1451 620 1570 698 κατέχειν
1585 625 1610 676 ἐν

43 710 131 786 ἔχοντα·
147 704 197 772 τὴν
215 703 266 780 γάρ
280 700 361 776 μέθην
376 700 552 777 ἁμαρτητικὸν
564 698 705 780 περιέχειν,
717 702 798 780 λήρη-
842 703 879 777 τῷ
889 704 947 770 ζῆν,
961 702 1020 760 οὑτε
1030 701 1077 772 τήν
1093 703 1185 762 κακίαν
1199 705 1343 767 ἐκύάλλειν·
1357 716 1412 772 τοῖς
1429 707 1454 766 δὲ
1470 707 1612 778 καθήκουσι

41 794 73 851 σίν
82 817 107 851 τι
119 782 187 850 εἶναι
198 789 258 868 περί
268 790 312 847 τὸν
322 779 401 857 οἶνον,
416 791 442 845 έν
457 788 547 860 μηδενί
560 788 588 847 δέ
600 790 645 847 τὸν
658 791 799 850 σπουδαῖον
840 788 887 842 καὶ
900 787 1033 864 τοῖςπαρδι
1046 789 1075 846 τὸ
1090 796 1201 861 καθῆκον
1215 799 1363 870 μετρεῖσθαι
1376 798 1422 862 τήν
1438 818 1464 852 τε
1485 795 1552 864 ζωήν
1568 796 1613 852 καί

41 880 199 959 ἆραρτάνειν,
215 879 249 936 δι’
269 879 383 936 θπάντα
404 879 461 934 κατ’
476 877 568 955 α’ρετδν
589 885 670 935 ποιεῖν
691 879 735 936 καί
755 872 820 957 toul
842 873 886 932 τὸν
913 874 1032 934 θάνατον.
1055 877 1165 953 Λέγουσι
1187 879 1275 937 δὲκαὶ
1298 881 1341 936 τὸν
1360 884 1437 960 σοφδν
1459 881 1611 960 άνύύριστου

40 971 82 1028 άπὸ
94 968 189 1037 ταύτης
200 967 276 1043 θρθῦν
289 966 376 1040 λόγον.
386 965 461 1040 Τρεῖς
476 963 503 1019 δέ
515 964 720 1041 προηγουμένους
733 955 814 1025 εἶναι,
842 952 925 1039 εἶναι,
950 962 1005 1020 οὔθ’
1029 963 1062 1020 ὑύ
1081 963 1176 1032 ίζεσθαι
1195 965 1244 1046 γάρ
1259 965 1311 1024 οὔθ’
1326 967 1447 1046 ὑδρίζειν,
1464 969 1507 1026 διδι
1521 969 1549 1027 τὸ
1564 970 1611 1039 τήν

41 1058 113 1134 filum,
127 1055 171 1112 ςόυ
187 1076 216 1110 τε
231 1052 377 1130 βασιλικόν,
393 1051 437 1108 καὶ
453 1051 496 1108 τὸν
508 1053 648 1122 πολιτικόν,
658 1053 703 1109 καί
713 1053 798 1131 τρίτον
845 1047 917 1126 ύύριν
931 1048 1032 1106 ἀδικίαν
1044 987 1109 1108 alpem
1122 1051 1345 1131 καταισχύνουσαν
1357 1054 1402 1112 καί
1418 1055 1528 1132 βλάύην·
1545 1055 1612 1131 μήτε

43 1148 74 1202 τὸν
83 1141 290 1214 ἐπιστημονικόν·
306 1138 400 1217 δμοίως
414 1136 500 1195 δὲκαὶ
514 1137 715 1217 χρηματισμούς
731 1147 799 1217 τρεῖς
843 1135 869 1192 δέ
882 1137 1025 1196 ἀδικεῖσθαι
1040 1138 1107 1214 μήτε
1123 1139 1283 1217 βλάπτεσθαι
1298 1141 1340 1197 τδν
1354 1146 1501 1214 σπουδαῖον,
1516 1147 1609 1215 άδικη·

42 1230 251 1310 αροηγουμένους,
267 1227 310 1285 τόν
328 1248 358 1284 τε
372 1225 425 1283 άπδ
442 1229 489 1295 τῆς
504 1226 648 1302 βασιλείας,
663 1230 721 1284 καθ’
742 1226 770 1285 δν
785 1231 799 1286 ὑ
843 1226 921 1288 τικῶς
935 1223 1022 1298 μέντοι
1036 1228 1067 1302 γέ
1078 1250 1147 1292 τινας
1160 1231 1230 1305 αὐτῷ
1242 1230 1430 1308 προσφέρεσθαι
1440 1233 1484 1288 καί
1495 1233 1611 1310 ὑόριστι-

40 1319 103 1382 alnoo
122 1316 274 1394 βασιλεύσει
288 1311 325 1348 ¹⁰⁸
345 1310 390 1371 καί
408 1315 570 1391 μοναρχικῶς
587 1312 729 1390 χρημάτων
753 1315 798 1371 τύ·
842 1316 907 1382 κῶς,
927 1311 972 1370 καί
990 1314 1062 1372 κατά
1083 1319 1157 1371 τοῦτο
1180 1316 1206 1372 δέ
1228 1317 1433 1394 δικαιοπραγεῖν,
1451 1319 1513 1398 πρός
1533 1345 1562 1379 ςς
1580 1323 1609 1379 ςὸ

44 1407 143 1483 ιορήσιι·
158 1403 278 1480 δεύτερον
301 1402 345 1472 δέ,
366 1399 410 1458 τὸν
425 1399 477 1457 σἰττδ
491 1403 538 1470 τῆς
559 1398 705 1467 πολιτείας,
721 1402 797 1458 πολι·
842 1401 922 1474 μηδὲν
937 1398 1073 1458 άπούᾶσαν
1089 1401 1127 1436 ²⁰⁰
1140 1403 1241 1460 ἀδικίαν
1251 1393 1315 1460 εἶναι
1325 1405 1371 1475 τὴν
1386 1404 1468 1484 θόρεν,
1483 1409 1550 1467 αλλὰ
1564 1433 1611 1466 κα·

40 1499 144 1550 αύεσθσι
167 1493 223 1570 γθρ
245 1487 313 1547 κατδι
338 1487 381 1545 τὀν
412 1486 604 1564 προηγούμενον
632 1489 717 1562 λόγον·
750 1489 819 1560 καίγ
842 1489 1030 1566 ταιοχύνουσαν
1045 1490 1089 1546 καί
1110 1491 1261 1568 ὑύριστικήν
1278 1484 1366 1548 οὖσαν.
1384 1493 1573 1569 Ἀπερίπτωτον
1587 1496 1610 1552 δ’

40 1582 80 1656 qi?
97 1578 241 1656 γαμήσειν,
260 1575 305 1635 καί
317 1573 564 1643 παιδοποιήσεσθαι,
580 1575 729 1632 ἀκολουθεῖν
744 1575 794 1652 γάρ
815 1561 818 1660 ί
841 1579 966 1654 ὑπάρχειν
980 1581 1024 1633 τὸν
1039 1583 1097 1634 νοῦν
1120 1581 1211 1654 έχοντα
1231 1576 1325 1648 ταύτης
1338 1578 1392 1650 ²⁰¹,
1419 1581 1463 1638 καὶ
1485 1583 1611 1658 μηδαμῶς

40 1673 111 1723 ταῦτα
130 1671 163 1746 τῇ
185 1669 235 1724 τοῦ
258 1667 405 1741 λογιστικοῦ
426 1663 492 1742 ζῴου
512 1661 558 1720 καί
576 1669 727 1721 κοινωνικοῦ
752 1668 797 1724 καί
841 1662 1074 1742 καταισχύνεσθαι,
1099 1667 1124 1721 έν
1145 1668 1229 1741 ἑαυτῷ
1244 1663 1294 1741 γάρ
1317 1664 1385 1742 ἔχειν
1406 1669 1435 1726 τδ
1449 1670 1543 1744 &pullu
1566 1672 1610 1728 καί

40 1753 184 1832 φιλτλλήλου
201 1750 288 1831 φύσει.
342 1752 552 1827 Χρηματιεῖσθαι
568 1741 611 1806 οῦν
626 1752 670 1808 καὶ
685 1751 737 1808 άπὸ
751 1757 797 1822 τῆς
840 1749 887 1820 τήν
902 1752 971 1808 θείαν
986 1753 1094 1830 ἀρετήν,
1107 1755 1139 1809 δι’
1152 1752 1218 1811 δκαί
1231 1754 1316 1822 πάσης
1330 1755 1498 1831 ἀπηλλάχθαι
1513 1759 1608 1822 κακίας

40 1842 170 1912 πολιτείας,
196 1840 245 1898 καὶ
269 1837 322 1896 άπδ
344 1841 396 1896 τῶν
420 1837 514 1916 φίλων,
533 1841 584 1895 τῶν
606 1839 633 1894 ἐν
658 1841 795 1917 ὑπεροχαῖς
821 1837 885 1895 ’καὶ
897 1837 1007 1914 βλάύης.
1026 1838 1078 1897 Καὶ
1093 1840 1254 1916 βασιλεύσειν
1265 1842 1292 1898 τέ
1302 1863 1364 1899 ποτε
1376 1840 1420 1897 τὸν
1434 1848 1493 1899 νοῦν
1504 1841 1608 1921 έχοντα,

38 1928 118 1986 όντων.
167 1927 235 2007 Περὶ
250 1926 278 1984 δέ
288 1930 333 1984 τοῦ
347 1925 504 2001 σοφιστεύειν
518 1925 562 1982 καὶ
580 1925 631 1982 άπὸ
649 1926 796 2002 σοφιστείας
841 1925 886 1984 καί
909 1927 1012 2003 βασιλεῖ
1033 1925 1243 2001 συμύιώσεσθαι,
1266 1929 1311 1986 καί
1331 1922 1435 2006 εὐφυίαν
1461 1931 1610 2009 ἐμφαίνοντι

40 2016 177 2090 εύπορήσειν
190 2013 353 2092 χρημάτων,
374 2009 511 2080 διέστησαν
536 2014 561 2068 οἱ
587 2010 639 2068 άπδ
659 2015 705 2081 τῆς
722 2011 792 2085 αἱρέ·
840 2013 884 2071 καί
898 2013 1080 2092 φιλομάθειαν.
1122 2013 1245 2096 Ἔφαμεν
1261 2015 1282 2074 δ’
1297 2013 1335 2074 ότι
1359 2019 1404 2075 καὶ
1427 2019 1608 2094 πολιτεύεσθαι

40 2126 93 2167 mox
110 2101 174 2159 κατὰ
192 2102 224 2159 τδ
243 2097 441 2176 σημαινόμενον.
501 2097 540 2156 'l'i
555 2095 601 2174 μέν
621 2099 670 2174 γάρ
690 2122 796 2177 χρημα·
841 2100 908 2158 κατὰ
922 2100 967 2158 τδν
980 2099 1173 2179 προηγούμενον
1187 2101 1261 2179 λόγον
1275 2093 1326 2160 οἶόν
1343 2105 1413 2175 lon,
1430 2104 1466 2179 μὴ
1477 2107 1609 2163 πολιτεύε-

40 2196 134 2246 τιεῑσθοιι
147 2188 197 2246 ιἰπδ
207 2190 263 2245 τῶν
273 2185 341 2244 κατὰ
349 2185 396 2254 τὴν
409 2183 545 2258 παιδείαν,
557 2184 601 2242 καί
617 2185 722 2252 μισθούς
732 2210 795 2246 ποτε
840 2191 899 2245 σθαι
911 2187 939 2246 δέ
951 2187 996 2245 ἐάν
1010 2211 1035 2244 τι
1047 2186 1085 2222 ²⁰²
1100 2189 1247 2264 ἐμπόδισμα
1265 2181 1282 2264 ᾖ
1298 2195 1342 2248 τοῦ
1359 2192 1462 2250 διοικεῖν
1475 2189 1521 2260 τὴν
1535 2186 1609 2250 πόλιν

41 2279 152 2355 λήψεσθαι
165 2275 241 2355 παρδι
255 2277 306 2331 τῶν
321 2273 541 2350 φιλομαθοῦντων,
558 2273 796 2351 διωμολογήσαντο·
840 2277 884 2332 καί
901 2275 1015 2350 μάλιστα
1031 2273 1111 2350 μηδέν
1126 2278 1234 2354 ὠφελεῖν
1250 2275 1332 2351 μέλλῃ
1347 2277 1394 2346 τήν
1407 2278 1536 2353 πατρίδα,
1555 2302 1609 2337 κιν-

40 2364 90 2440 περί
104 2363 128 2420 δὲ
142 2361 374 2436 τδσημαινύμενον
388 2359 488 2437 ῖγένετό
501 2383 539 2426 τις
557 2361 681 2427 ίναύτοῖς
695 2366 793 2441 άμφισ-
841 2359 928 2426 δύνους
942 2361 970 2419 δέ
990 2364 1194 2440 παρακολουθεῖν
1213 2362 1388 2440 ὑπολαμύάνῃ
1413 2365 1540 2442 μεγάλους
1564 2366 1608 2424 καὶ

39 2450 204 2520 ίήτησις,τῦν
216 2446 266 2524 μὲν
281 2447 343 2507 αύτθ
355 2452 430 2505 τοῦτο
441 2447 567 2525 λεγόντων
579 2447 749 2527 σοφιστεύειν,
764 2452 795 2510 τδ
839 2448 1011 2524 χαλεποδςέκ
1029 2453 1075 2518 τῆς
1088 2449 1230 2514 πολιτείας.
1265 2451 1392 2524 Λέγεσθαι
1406 2449 1447 2520 δέ,
1462 2448 1498 2525 μή
1511 2449 1609 2527 ψεύδε-

40 2538 77 2595 ίτί
88 2543 165 2618 μισθῷ
177 2536 345 2612 μεταδιδόναι
358 2539 409 2594 τῶν
422 2539 469 2606 τῆς
479 2535 628 2616 φιλοσοφίας
642 2537 791 2616 δογμάτων,
839 2541 899 2592 σθαι
914 2534 957 2592 τδν
980 2536 1075 2614 σοφόν,
1090 2539 1147 2594 ἄλλ’
1166 2539 1192 2593 ἐν
1210 2545 1290 2593 πᾶσιν
1307 2537 1449 2604 ἀληθεύειν·
1472 2540 1500 2594 οὐ
1514 2536 1565 2613 γὰρ
1580 2539 1606 2594 έν

40 2629 82 2680 τῶν
96 2629 116 2683 δ’
127 2625 346 2694 ὑποτοπησιίντων
360 2626 386 2680 ἐν
402 2627 438 2701 τῷ
455 2627 612 2698 σοφιστεύειν
627 2625 794 2703 περιέχεσθαί
838 2625 876 2700 τῷ
900 2622 983 2701 λέγειν
1001 2647 1027 2680 τι
1048 2624 1139 2702 ψεῦδος
1155 2621 1184 2680 τδ
1203 2624 1342 2703 ψεύδεσθαι
1357 2623 1492 2700 ὑπάρχειν,
1509 2626 1567 2680 ἀλλ’
1582 2626 1608 2679 έν

40 2735 61 2768 τι
73 2717 170 2792 φαῦλον,
187 2712 267 2771 οἱονεί
277 2712 366 2788 λόγους
382 2709 547 2781 καπηλεύειν,
559 2714 588 2768 ού
602 2711 724 2789 φαμένων
738 2715 792 2768 δεῖν
838 2713 875 2788 τῷ
891 2712 1055 2791 διαψιυστῶς
1074 2710 1104 2769 τὸ
1117 2711 1208 2788 ψεῦδος
1221 2711 1322 2787 λέγειν,
1339 2712 1382 2768 καί
1398 2713 1441 2769 ἐπὶ
1454 2713 1542 2788 ἀπάτῃ
1557 2717 1609 2770 τῶν

38 2800 83 2858 aino
94 2801 207 2866 παιδείας
225 2800 300 2878 παρὰ
311 2802 362 2856 τῶν
381 2793 554 2876 ἐπιτυχόντων
570 2798 792 2875 χρηματίζεσθαι,
838 2799 1015 2878 πλησίον.Τῷ
1023 2798 1110 2875 μέντοι
1119 2795 1277 2878 ψεύδειποτέ
1287 2799 1608 2876 συγχρήσασθαινομίζου-

39 2888 221 2966 καταδεέστερον
238 2885 290 2967 γθρ
303 2877 368 2943 εἶναι
382 2884 425 2942 τδν
440 2884 533 2963 τρόπον
554 2889 644 2942 τοῦτον
662 2891 708 2942 τοῦ
722 2909 790 2963 χρη·
838 2911 879 2946 σιν
894 2886 970 2945 αύτθν
982 2884 1051 2946 κατά
1067 2883 1176 2950 πολλοὺς
1190 2884 1299 2963 τρόπους
1315 2885 1375 2942 άνευ
1387 2884 1607 2964 συγκαταθέσεως·

40 2981 156 3050 ματισμοῦ
170 2980 213 3033 τοῦ
231 2978 279 3042 τῆς
297 2974 448 3053 φιλοσοφίας
464 2972 618 3045 ἀξιώματος.
673 2974 748 3031 Φασὶ
763 2973 792 3030 δέ
837 2975 884 3035 καί
906 2975 955 3055 γθιρ
970 2972 1212 3050 κατάστρατηγίαν
1227 2974 1290 3051 πρδς
1304 2970 1343 3009 ²⁰³
1358 2973 1416 3040 τοὺς
1433 2974 1607 3047 ἀντιπάλους,

38 3065 139 3120 ποτικοί
152 3060 199 3133 τήν
213 3060 347 3139 ἐξαγωγήν
360 3060 398 3096 ‘⁰'
413 3061 459 3131 τήν
473 3062 503 3118 ἔκ
518 3066 561 3118 τοῦ
575 3061 631 3138 βίου
642 3063 693 3124 τοῖς
710 3082 791 3119 σπου·
839 3061 883 3119 καί
898 3062 968 3118 κατά
982 3060 1030 3131 τήν
1054 3065 1099 3117 τοῦ
1124 3060 1296 3138 συμφέροντος
1318 3061 1467 3140 προόρασιν,
1489 3060 1533 3118 καί
1548 3064 1606 3118 κατ’

38 3148 105 3215 δσίοις
121 3151 284 3223 καθηκόντως
297 3147 365 3207 κατὰ
386 3147 497 3214 πολλοὺς
512 3146 621 3226 τρόπους
643 3147 792 3224 γίγνεσθαι,
838 3147 918 3213 ἄλλος
940 3148 1087 3226 οἰκονομίας
1108 3153 1155 3205 τοῦ
1170 3148 1226 3226 βίου
1240 3150 1349 3214 πολλάς.
1400 3150 1506 3215 Ψεῦδος
1521 3148 1558 3185 ²⁰⁸
1581 3150 1607 3205 δὲ·

38 3347 131 3395 θιαάιυτ
141 3350 229 3396 rectam
241 3344 356 3395 rationem
370 3343 463 3393 reluat.
506 3344 560 3393 tam
574 3355 630 3391 τετυ
642 3342 687 3391 tela
699 3344 791 3404 ponunt
836 3342 908 3391 eliam
920 3355 1045 3392 οκοοιιυιιι
1058 3343 1129 3393 onita
1141 3342 1221 3405 probis
1234 3343 1369 3391 hominibus
1382 3345 1426 3392 rite
1436 3345 1516 3394 miultis
1529 3347 1608 3393 modis

38 3436 207 3496 pmcipnavitae
218 3446 316 3495 genera,
328 3432 430 3492 nepum,
441 3430 544 3480 olvlleci
554 3429 750 3492 philosophiam,
761 3442 791 3478 ac
837 3436 933 3491 patere,
946 3430 1067 3492 impiohoa
1084 3436 1168 3480 contra
1189 3444 1218 3481 ne
1233 3432 1380 3480 mansionum
1404 3432 1499 3493 quilleno
1521 3434 1544 3481 in
1559 3434 1608 3482 vita

36 3520 328 3583 sinititontnnupraecipuus
343 3518 449 3601 pecunia}
461 3517 699 3579 quonammodo,
714 3530 789 3566 onum
839 3517 936 3579 decern,
948 3518 994 3567 υἱεῖ
1009 3518 1190 3580 sapientes-tnui
1212 3519 1298 3578 uelint,
1314 3532 1389 3579 quum
1404 3533 1447 3567 nec
1460 3520 1570 3569 virtulem
1584 3520 1607 3567 lu

36 3613 78 3669 ipo
86 3627 160 3675 τιςαο,
169 3624 220 3674 quo
232 3609 369 3659 ideansimul
377 3609 458 3671 regnat
464 3608 535 3657 simul
545 3607 616 3668 regila
623 3607 789 3670 opibnaabun-
836 3606 884 3653 viia
896 3604 1015 3664 inchoant,
1029 3618 1073 3653 neo
1084 3606 1169 3653 vilium
1183 3605 1287 3666 lupinum
1301 3618 1371 3666 pono
1380 3606 1465 3655 oficiis
1475 3620 1608 3667 corumqnu

35 3701 183 3761 intuitorum
196 3698 298 3763 publicio
309 3698 414 3759 nogotiis,
423 3696 543 3759 siquidem
553 3696 683 3758 eapientem
693 3708 790 3767 quoqne
835 3692 962 3740 contrariis
971 3692 1044 3741 vitam
1054 3695 1078 3742 et
1086 3696 1186 3741 mortem
1199 3690 1298 3739 deliniri.
1314 3692 1376 3749 Quin
1389 3694 1459 3740 elium
1471 3692 1557 3752 inlunio
1567 3707 1605 3740 nu-

35 3790 130 3840 ισσοθετε
143 3791 174 3838 ad
191 3786 362 3849 oenpnirm
374 3800 389 3835 ο
403 3782 718 3846 prouocationemque,
733 3796 791 3832 ευιι-
836 3779 938 3838 pieutem
945 3792 1026 3827 meere
1038 3779 1132 3835 volunt,
1147 3779 1234 3839 quippe
1246 3778 1286 3838 qui
1297 3790 1403 3825 enmnec
1415 3779 1518 3839 patiatur
1529 3792 1607 3841 nequo

34 3876 227 3940 θειιςιιειικοτειιι
240 3875 368 3922 (lucturum
382 3875 406 3921 ct
418 3872 505 3921 lilieroa
519 3872 714 3932 procrealurnm,
725 3883 788 3932 quo·
835 3867 923 3925 iaciat,
944 3868 1009 3928 quod
1031 3866 1117 3925 iniuria
1131 3865 1164 3913 aii
1183 3864 1298 3925 injustitia
1317 3864 1432 3913 dedecora
1451 3869 1477 3914 el
1492 3865 1606 3915 damnum

33 3964 86 4013 aiam
98 3966 147 4015 hnc
158 3969 251 4013 natum
262 3960 389 4012 minantia
404 3962 457 4009 inm
469 3958 559 4008 notione
573 3957 681 4019 praediti,
696 3959 748 4006 tuni
758 3958 787 4005 ad
834 3952 1036 4021 alnieqpncterea
1048 3966 1125 4015 neque
1135 3952 1225 4001 ottenill
1238 3965 1315 4013 neque
1334 3952 1387 4001 lmeli
1404 3953 1481 4001 virum
1499 3954 1602 4007 Ιιυιιυιιι.

35 4052 80 4099 nito
87 4052 280 4101 communitatem
292 4051 450 4109 mutunmqne
459 4059 565 4095 amonem
577 4046 624 4094 uati
634 4045 786 4095 conveniunt.
835 4045 907 4101 atquc
923 4040 1030 4089 accidere
1040 4041 1138 4101 quintani
1151 4038 1271 4088 intentum
1290 4042 1316 4087 nl
1330 4040 1438 4091 nonnulli
1455 4041 1568 4102 injuriose
1583 4049 1608 4090 et

33 4142 166 4201 Quapropter
180 4140 250 4189 lucra
263 4150 320 4185 eom
333 4137 451 4185 lacinium
463 4146 515 4182 esse
530 4132 615 4193 purtim
630 4147 643 4181 ε
657 4134 787 4195 republica,
834 4127 1005 4177 contumeliose
1025 4141 1080 4175 eum
1099 4130 1211 4187 tractent,
1228 4128 1268 4176 not
1291 4128 1356 4175 illum
1372 4129 1409 4177 vel
1429 4130 1463 4177 sic
1484 4130 1507 4177 in
1525 4130 1605 4179 officio

34 4227 241 4289 perimanegotiia
260 4238 316 4286 qum
329 4236 385 4271 cum
407 4222 490 4271 amicis
510 4220 606 4269 fortuna
626 4220 787 4281 aiipcrioribun
834 4227 946 4275 manere,
968 4215 1154 4276 injustitiamque
1169 4214 1199 4263 ad
1220 4215 1321 4263 nihilum
1339 4218 1458 4263 tantoniam
1476 4229 1528 4265 esse
1545 4218 1606 4278 iuqu-

36 4314 101 4364 tuin.
114 4318 147 4365 De
157 4312 288 4377 sophistica
299 4317 380 4359 alitem
393 4314 445 4358 ane
456 4307 602 4371 pecuniaque
616 4308 670 4356 indo
681 4308 787 4356 facientia
833 4301 908 4361 niam,
920 4300 979 4350 aliou
990 4302 1068 4364 potino
1080 4301 1262 4351 dedecorantem
1276 4303 1317 4363 qui
1332 4315 1384 4350 enan
1398 4302 1511 4351 inierunt.
1540 4305 1607 4352 Litiu-

34 4401 93 4447 stoici
105 4402 234 4451 secundum
248 4398 369 4448 notionem
383 4393 710 4444 intercolumnium
724 4393 786 4441 enim
833 4401 885 4435 τιιιιι
899 4390 981 4436 nutem
995 4389 1026 4436 ala
1036 4402 1065 4436 ca
1076 4402 1127 4437 esau
1140 4390 1270 4453 sopientpui
1285 4389 1325 4448 qui
1347 4390 1495 4439 dehonestari
1507 4392 1606 4438 omniun

34 4485 141 4546 tironibus
160 4485 278 4535 doctrinm
300 4482 415 4532 θευοθοῖο
436 4480 632 4542 acquirendum
646 4478 756 4527 mercede
772 4493 786 4526 a
832 4478 951 4537 nequent,'
966 4476 1079 4537 quoniam
1092 4476 1115 4524 iu
1130 4490 1155 4525 se
1180 4478 1230 4536 ipso
1243 4476 1328 4525 liabent
1345 4475 1434 4525 boumn
1454 4477 1605 4525 aquilinam

36 4574 127 4623 ιιυθῖοεὶι
137 4572 268 4635 aliqnando
279 4570 395 4633 exigenda
404 4571 574 4619 conuensemni
587 4581 593 4610 :
609 4567 642 4615 ita
651 4566 681 4615 do
691 4566 786 4615 notione
832 4566 944 4612 virtulem
953 4568 977 4612 et
990 4564 1078 4613 idcirco
1087 4577 1177 4611 vacuus
1186 4564 1217 4612 ait
1226 4564 1327 4611 alionini
1339 4564 1395 4612 vitio
1403 4570 1426 4612 et
1434 4577 1504 4611 ιιακο.
1516 4568 1604 4625 Regna·

34 4661 124 4717 quodam
131 4662 245 4711 iniliuter
255 4661 309 4709 illoa
319 4658 447 4719 θὶεοοιισίο,
459 4670 532 4718 qnuau
541 4656 581 4705 alil
592 4656 637 4704 lanc
646 4656 723 4717 ipsum
736 4670 786 4704 cmc
832 4657 911 4701 turum
920 4652 1150 4714 quoquealiquantlo
1161 4652 1228 4712 ajunt
1238 4653 1459 4713 eapientemeloum
1470 4654 1603 4713 ruginosu-

34 4747 119 4799 lioennt
139 4751 270 4813 sophistam
290 4761 372 4808 εςειο,
392 4751 488 4807 accepta
509 4744 617 4793 mercede
632 4744 786 4806 philosophico
831 4742 981 4804 nonuunqut
993 4743 1078 4792 bonam
1088 4742 1190 4791 indolem
1200 4742 1503 4804 nodiuoenuinnpnlitntom
1517 4757 1566 4805 γιιαι
1579 4758 1604 4791 so

35 4838 128 4895 tintepla
148 4837 261 4892 inaniora,
275 4834 315 4882 alii
331 4847 380 4881 rem
398 4832 462 4881 illam
477 4830 611 4892 impaobum
629 4830 687 4892 quid
710 4830 786 4879 conti·
832 4829 915 4878 leuant.
927 4830 1118 4878 Dixiinnsautem
1125 4830 1265 4891 procedenti
1273 4828 1423 4890 explicationi
1432 4831 1603 4879 conuenienter

35 4931 76 4967 une
90 4924 267 4991 ariiqureniur,
287 4922 355 4983 quasi
370 4922 492 4968 literarum
512 4920 599 4975 studia,
610 4918 676 4967 lucro
696 4918 783 4979 prosti-
830 4919 950 4969 civitatem
962 4918 1033 4967 etiam
1044 4931 1058 4965 a
1069 4919 1174 4980 sapiente
1188 4918 1235 4978 regi
1249 4930 1325 4980 posse.
1336 4922 1359 4965 at
1370 4929 1417 4965 non
1438 4930 1506 4978 ponae
1519 4920 1566 4977 rupi
1583 4920 1602 4966 ui

34 5011 93 5062 tuero.
103 5024 176 5072 noque
188 5011 448 5059 decernematimorenl
464 5006 635 5068 aquibntiuet
647 5004 786 5054 luminibus
830 5020 879 5069 qun
894 5020 931 5055 τοι
945 5006 990 5068 ipsi
1004 5008 1067 5055 casei
1087 5004 1256 5065 impedimento
1270 5001 1298 5051 ad
1313 5004 1481 5065 rempublicam
1501 5004 1604 5055 admini-

33 5183 385 5250 ntiuapluilosopluiaedignitate
399 5184 543 5234 antiocneni.
571 5184 643 5243 allent
657 5182 784 5243 aliquando
833 5181 981 5243 publicorum
998 5181 1146 5241 negotiorum
1161 5179 1265 5240 gestione
1281 5192 1363 5240 nninqno
1378 5179 1485 5241 dumque
1500 5180 1602 5239 quricula

1500 5268 1521 5308 υ.
