3959 5925
344 383 380 434 ης
987 366 1331 429 PYTHAGOREORUM

342 501 536 581 ὑπολαμθόνειν
558 491 679 559 οθδέποτέ
702 520 766 579 ρασι
785 498 827 557 τδν
846 496 936 577 σορόν,
952 496 1010 557 niet
1024 497 1120 555 τόποι·
1168 498 1213 558 καὶ
1226 497 1277 579 γάρ
1291 496 1388 557 τούτων
1403 496 1513 556 ἕκαστον
1528 495 1634 576 ἔχεσθαι
1648 496 1781 573 νομίζουσι
1796 499 1878 556 τῶνδε
1894 501 1944 557 τῶν

344 591 429 670 ράποιν
442 588 621 668 ἀκαταλήπτῳ
632 587 682 646 τινί
694 585 937 665 συγκατατίθεσθαι,
951 584 995 644 διδ
1009 585 1038 645 τδ
1053 584 1121 663 μηδὲ
1168 590 1269 667 ψευδῶν
1285 586 1325 622 ²⁰⁹
1341 584 1565 664 συγκαταθέσεων.
1577 584 1641 644 Οὐδ’
1655 588 1772 644 ὑπονοεῖν
1786 585 1889 664 δόρασι
1904 593 1945 645 τόν

344 676 456 746 δοξάζειν
471 676 561 753 αὐτόν,
585 675 649 753 μηδ’
669 677 768 753 ἀγνοεῖν
792 675 886 751 μηδέν.
941 673 998 744 Τὴν
1013 673 1064 753 γθρ
1088 674 1120 734 ά·

344 786 431 842 γνοιαν
455 761 628 839 μεταπτωτὴν
644 753 725 839 ε’ίναι,
745 762 933 839 συγκατάθεσιν
958 761 985 819 δὲ
1011 764 1119 833 ἀσθενῆ.

344 852 435 922 Μηδὲν
451 854 473 909 δ
487 850 682 929 ὑπολαμόάνειν
697 854 825 921 ἀσθενῶς,
840 849 908 908 ἀλλδι
924 852 1023 925 μᾶλλον
1036 856 1121 931 ἀσρα-

344 944 395 1007 λῶς
412 940 456 998 καί
477 938 602 1018 βεὺαίως,
618 939 650 998 δι’
667 938 680 998 δ
695 938 740 997 καὶ
754 938 822 1015 μηδὲ
842 937 955 1007 δοξάζειν
970 938 1015 997 τὸν
1030 940 1120 1022 σορόν.

345 1027 440 1094 Διττθς
453 1027 504 1107 γὰρ
518 1019 583 1085 εἶναι
597 1026 681 1101 δόξας,
696 1026 743 1098 τὴν
757 1026 803 1103 μίν
814 1026 1009 1099 ἀκαταληπτων
1022 1050 1121 1105 ουγκα·

345 1118 378 1174 τά
380 1123 518 1187 θεσιν,τν
471 1116 560 1185 τνδὴ
573 1114 702 1196 ὑπόληψιν
717 1116 824 1185 ἀσθενῆ·
837 1114 970 1182 ταύταςδ’
986 1116 1124 1227 ἀλλοτρίας

314 1222 320 1239 ·
346 1195 456 1261 ε’ίναι
424 1227 470 1274 της
484 1209 528 1261 τοῦ
547 1226 625 1283 σορου
608 1201 793 1273 διαθέσεως,
806 1200 873 1262 διότι
888 1227 932 1262 και
922 1201 1014 1239 ²⁰⁵
989 1224 1020 1261 το
1031 1205 1124 1318 προπί·

346 1314 419 1351 πτειν
434 1292 485 1373 πρὸ
500 1292 683 1371 καταλήψεως,
692 1316 737 1350 και
728 1291 985 1369 συγκατατίθεσθαι
999 1294 1069 1353 κατὰ
1079 1293 1123 1352 τὸν

345 1386 507 1462 προπετῆ,
495 1380 595 1445 οαύλου
609 1371 692 1453 εἶναι,
705 1379 751 1439 καί
767 1379 849 1485 μὴ’
819 1403 922 1438 πιπτειν
937 1382 1007 1448 εἰς
983 1406 1027 1442 τον
1041 1383 1124 1464 εθρυῆ

346 1471 392 1530 καί
403 1470 501 1531 τέλειον
514 1469 595 1549 ἀνδρα
613 1470 658 1529 καί
673 1469 823 1528 σπουδαῖον.
867 1469 935 1529 Olet
950 1468 1084 1528 λανθάνειν
1097 1468 1124 1527 δὲ

347 1583 423 1622 αυτον
431 1583 492 1631 τι,
476 1558 563 1630 τ”ήν
536 1582 586 1638 γαρ
596 1557 726 1637 ἀγνωσίαν
740 1554 781 1593 ²⁰⁶
797 1546 863 1615 είναι
872 1556 979 1635 ψεύδους
994 1557 1124 1637 ὑποληψιν

347 1646 525 1728 ἀποφαντικήν
539 1646 702 1727 πράγματος.
743 1644 851 1711 Τούτοις
872 1644 896 1702 δ’
918 1646 1104 1709 ἀκολούθως’
1078 1668 1125 1704 ουκ

347 1740 486 1807 ἀπιστεῖν,
502 1734 550 1806 τὴν
565 1733 644 1847 γάρ’
630 1731 782 1793 απιστίανε
780 1723 838 1791 ναι
857 1732 965 1811 ψεύδους
981 1734 1122 1813 ὑπόληψιν,

307 1872 310 1879 .
348 1825 396 1884 τήν
412 1823 440 1883 δὲ
458 1822 545 1882 πίστιν
564 1826 666 1881 ἀστεῖον
685 1820 856 1899 ὑπάρχεινμ
843 1812 953 1880 εἶναι
925 1846 976 1902 γαρ
992 1824 1124 1901 ὑπόληψιν

348 1912 466 1993 ἰπρυράν,
482 1910 672 1989 βεθαιοθααν
649 1934 679 1969 το
692 1908 951 1987 ὑπολαμόανόμενον.
967 1908 1112 1983 Ὁμοίως
1098 1910 1125 1967 οὲ

348 2005 393 2060 καὶ
403 2001 451 2072 τὴν
462 1998 612 2075 ἐπιστήμην
622 1997 809 2106 ἀμετάπτωτον
823 1998 873 2056 ὑπδ
884 1998 972 2107 λόγου·
985 1995 1029 2055 διθι
1040 1996 1124 2056 ταῦτά

348 2112 412 2160 φασι
436 2091 503 2167 μήτε
517 2085 673 2146 ἐπίστασθαί
686 2108 741 2144 τιτ
726 2084 770 2145 τόν
786 2088 884 2166 φαῦλον
902 2086 970 2160 μήτε
980 2086 1121 2145 πιστεύειν.

347 2174 499 2252 Ἐρομίνως
519 2173 546 2232 δὲ
560 2172 657 2232 τούτων
671 2171 759 2209 ²⁰⁷
731 2196 789 2232 ουτε
803 2173 959 2241 πλεονάζοσθ
961 2197 991 2231 αι
1013 2173 1056 2231 τὸν
1081 2196 1125 2231 σο·

348 2288 414 2343 ρον,
429 2262 487 2321 οὔτε
504 2264 701 2341 βουκολεῖσθαι,
717 2259 776 2319 οὔτε
791 2261 984 2337 διαπατᾶοθαι,
998 2259 1057 2319 οὔτε
1071 2284 1123 2318 πα-

350 2358 494 2432 ραριθμεῖν,
506 2352 563 2411 τότε
576 2350 617 2431 ὑφ’
632 2351 719 2428 ἑτέρου
730 2349 966 2427 παραριθμεῖσθαι,
980 2353 1064 2405 ταῦτα
1076 2344 1126 2425 γὰρ

348 2440 437 2500 πάντα
459 2437 507 2511 τὴν
523 2437 626 2507 ἀπάτην
641 2440 791 2515 περιέχειν,
807 2436 853 2495 καί
873 2445 925 2502 τοῖς
941 2436 1010 2495 κατὰ
1025 2437 1068 2494 τὸν
1080 2435 1126 2493 τό·

348 2548 397 2585 πον
412 2525 519 2606 ψεύδεσι
533 2527 681 2599 πρόσθεσιν.
726 2524 829 2585 Οὐδένα
842 2523 869 2583 δὲ
884 2528 936 2583 τῶν
951 2524 1060 2583 ἀστείων
1073 2521 1126 2582 οὔθ’

349 2614 407 2673 ὁδοῦ
434 2612 637 2691 διαμαρτάνειν,
658 2610 711 2670 οὔτ’
730 2612 829 2683 οἰκίας,
854 2612 912 2670 οὔτι
938 2617 1048 2670 σκοποῦ·
1066 2610 1124 2670 ἀλλ’

349 2702 407 2760 οὐδὲ
421 2711 538 2781 παρορᾶν
548 2698 587 2736 ²⁰³
601 2698 658 2760 οὐδὲ
667 2700 825 2777 παρακούειν
836 2698 969 2775 νομίζουσι
980 2700 1024 2757 τὸν
1032 2699 1124 2778 σορόν,

350 2789 447 2849 οὐδὲτὸ
461 2789 566 2848 σύνολον
580 2786 741 2867 παραπαίειν
756 2787 825 2846 κατά
839 2809 863 2843 τι
873 2791 926 2846 τῶν
936 2785 1123 2868 αἰσθητηρίων,

1168 673 1264 754 σορόν,
1283 675 1328 732 καὶ
1340 673 1391 754 γάρ
1404 671 1451 745 τὴν
1468 672 1589 733 ὑπόνοιαν
1607 673 1800 745 ἀκαταλήπτων
1816 674 1857 709 ²⁴⁰
1878 664 1945 734 εἶναι

1169 764 1207 841 τῷ
1221 761 1290 841 γε’νει
1304 762 1512 839 συγκατάθεσιν,
1528 760 1587 821 οὐδὲ
1603 762 1738 838 μετανοεῖν
1754 762 1777 843 δ’
1791 761 1947 839 ὑπολαμόά-

1170 874 1242 910 νουσι
1255 852 1298 911 τὸν
1309 855 1368 909 νοῦν
1383 850 1496 929 ἔχοντα,
1510 849 1555 909 καὶ
1569 850 1619 929 γάρ
1630 848 1677 922 τὴν
1689 851 1829 928 μετάνοιαν
1843 851 1947 932 ἔχεσθαι

1170 938 1280 1018 ψεύδους
1306 940 1535 1015 συγκαταθέσεως,
1558 940 1594 1002 ὡς
1618 935 1650 995 ἀν
1671 938 1945 1018 προδιαπεπτωκότος.

1170 1027 1239 1086 Οθδί
1257 1027 1506 1101 μεταὺοίλλεσθαιδδ
1523 1029 1581 1085 κατ’
1599 1026 1691 1085 οθδένα
1705 1027 1817 1105 τρόπον,
1832 1027 1889 1087 ούδί
1902 1053 1947 1104 με·

1169 1115 1320 1174 τατίθεσθαι
1328 1157 1337 1186 ,
1352 1116 1411 1174 οὐδὲ
1423 1116 1595 1196 σραλλεσθαι·
1613 1120 1698 1173 ταῦτα
1712 1114 1764 1196 γάρ
1779 1106 1846 1174 εἶναι
1860 1116 1947 1174 πάντα

1169 1205 1221 1260 τῶν
1234 1208 1288 1269 τοῖς
1302 1203 1418 1281 δόγμασι
1433 1200 1667 1279 μεταπιπτόντων,
1681 1200 1747 1283 ὑπερ
1762 1202 1897 1285 ἀλλότριον
1913 1195 1949 1263 εἶ·

1170 1311 1213 1348 ναι
1235 1295 1281 1349 τοῦ
1303 1294 1363 1349 νοῦν
1382 1288 1495 1370 ἔχοντος.
1537 1290 1607 1350 obet
1628 1291 1713 1351 δοκεῖν
1735 1294 1809 1371 αὑτῷ
1821 1292 1847 1350 τί
1870 1314 1949 1372 φασι,

1170 1377 1362 1459 παραπλησίως
1374 1386 1428 1444 τοῖς
1439 1378 1595 1457 είρημίνοις.
1638 1378 1778 1456 lipsano
1792 1380 1820 1439 δὲ
1832 1380 1878 1439 καί
1894 1382 1949 1439 δια·

1170 1466 1300 1537 λεληθότα
1316 1466 1376 1527 τινδι
1398 1466 1477 1547 σορὸν
1495 1467 1644 1540 νομίζουσι,
1666 1465 1736 1525 κατδι
1750 1466 1810 1533 τοὺς
1833 1468 1950 1546 πρώτους

1170 1555 1293 1634 χρόνους,
1315 1553 1374 1615 οὔτε
1390 1554 1546 1634 ὀρεγόμενόν
1561 1578 1638 1627 τινος,
1655 1554 1714 1616 οὗτε
1729 1556 1861 1613 ἱπιποθεῖν
1886 1559 1949 1633 βου·

1170 1643 1279 1721 λόμενον
1301 1643 1329 1703 ἕν
1362 1668 1387 1701 τι
1409 1646 1461 1702 τῶν
1489 1644 1515 1701 ἐν
1544 1648 1598 1711 τοῖς
1625 1645 1762 1723 βουλητοῖς
1791 1644 1880 1701 ίδικιῗνν
1905 1645 1948 1703 ὄν·

1172 1755 1235 1806 των,
1250 1732 1286 1767 ²¹¹
1306 1734 1349 1791 διὰ
1366 1732 1448 1808 τὸμὴ
1464 1732 1560 1812 κρίνειν
1580 1755 1606 1791 τι
1625 1736 1696 1813 αὐτῷ
1715 1735 1820 1791 ἀπεῖναι
1833 1720 1869 1789 όνν
1888 1732 1950 1812 χρή.

1175 1822 1215 1878 Οὐ
1231 1818 1308 1897 μόνον
1324 1822 1346 1879 δ’
1362 1819 1407 1880 ἐπὶ
1416 1824 1464 1891 τῆς
1479 1822 1628 1900 φρονήσεως
1642 1820 1711 1880 ἀλλά
1723 1821 1768 1880 καί
1782 1820 1825 1878 ἐπὶ
1836 1822 1887 1878 τῶν
1898 1823 1950 1879 άλ-

1171 1912 1225 1968 λων
1238 1912 1339 1987 τεχνῶν
1351 1908 1399 1976 τάς
1419 1908 1541 1975 τοιαύτας
1557 1908 1663 1967 ἔσεσθαι
1679 1908 1824 1991 διαλήψεις.
1875 1908 1948 1983 Ἔτι,

1171 1993 1277 2054 πάντων
1288 2018 1317 2054 τε
1330 1998 1382 2054 τῶν
1416 1996 1620 2077 ἀμαρτημοίτων
1646 1998 1710 2056 ἴσων
1723 1996 1804 2056 όντων
1828 1997 1874 2057 καὶ
1899 2000 1951 2056 τῶν

1171 2082 1400 2160 κατορθωμάτων,
1434 2083 1481 2143 καί
1508 2084 1568 2152 τοθς
1595 2083 1709 2166 ἀρρονας
1734 2085 1826 2155 ἐπίσης
1853 2086 1952 2150 πάντας

1173 2168 1284 2250 ἀρρονας
1298 2161 1380 2243 ε’ίναι,
1400 2170 1448 2243 τήν
1464 2172 1546 2244 αὐτὴν
1568 2173 1613 2231 καί
1628 2173 1688 2246 ίσην
1703 2172 1811 2255 ἔχοντας
1824 2173 1951 2233 διάθεσιν.

1171 2255 1250 2318 ’ίσων
1264 2260 1291 2318 δὲ
1303 2259 1385 2319 όντων
1396 2264 1451 2325 ,τῶν
1472 2260 1683 2341 ἁμαρτημάτων,
1695 2254 1762 2321 εἶναί
1774 2286 1845 2328 τινας
1862 2264 1890 2320 ἐν
1905 2265 1951 2321 αθ·

1173 2354 1225 2414 τοῖς
1235 2347 1378 2427 διαροράς,
1393 2350 1452 2408 καθ’
1470 2350 1530 2409 ὅσον
1551 2352 1585 2409 τά
1610 2349 1657 2427 μὲν
1671 2352 1758 2409 αὑτῶν
1774 2350 1826 2410 ἀπὸ
1838 2351 1953 2425 σκληρᾶς

1172 2437 1217 2495 καὶ
1232 2436 1355 2497 δυσιάτου
1370 2436 1511 2505 διαθίσεως
1527 2440 1653 2517 γίγνεται,
1668 2439 1701 2498 τδ
1710 2440 1733 2498 δ’
1748 2438 1788 2498 οὗ.
1831 2438 1884 2498 Καὶ
1899 2442 1951 2496 τῶν

1175 2526 1324 2586 σπουδαίων
1348 2526 1376 2584 δὲ
1400 2527 1494 2596 ἀλλους
1513 2528 1600 2587 ἄλλων
1618 2528 1889 2609 προτρεπτικωτέρους
1909 2526 1953 2604 γί-

1174 2618 1283 2696 γνεσθαι
1294 2614 1340 2673 καὶ
1354 2615 1566 2695 πιστικωτίρους,
1578 2614 1617 2675 ἔτι
1630 2618 1656 2675 δὲ
1670 2618 1715 2675 καὶ
1726 2618 1953 2696 ἀγρινουστέρους,

1174 2700 1243 2758 κατὰ
1263 2701 1296 2759 τά
1312 2702 1381 2779 μέσα
1395 2702 1428 2761 τὰ
1444 2703 1727 2785 ἐμπεριλαμόανόμενα
1739 2708 1791 2762 τῶν
1806 2704 1951 2762 ίπιτάαεων

1173 2790 1385 2877 συμὺαινοοσῶν.
1429 2795 1566 2852 Εὑτειινεῑν
1581 2793 1608 2851 δὲ
1620 2794 1698 2871 μόνον
1709 2793 1754 2851 τὸν
1770 2796 1886 2865 ἀστεῖον,
1905 2793 1949 2852 ού·

351 2983 610 3045 orituraoseeputarel.
619 2982 907 3044 Diolinsnpersapientem
915 2958 963 3032 non
972 2982 1077 3042 mentiri,
1086 2983 1128 3033 sert
1154 2985 1957 3052 iquiamnequeererleredelenrlnnt.llinepetetnequeinsolesrere

352 3082 394 3131 per
404 3069 485 3117 omnla
503 3081 612 3118 veraeem
627 3081 696 3130 σατις
710 3081 788 3129 neque
802 3069 866 3118 enin:
881 3070 906 3118 ln
921 3083 950 3120 eo
964 3068 1027 3133 qnod
1042 3070 1128 3120 laleum
1176 3073 1318 3136 eripientem,
1327 3073 1518 3136 nequerleleniri,
1528 3076 1702 3138 nequedeeipi,
1714 3091 1792 3140 neque
1802 3077 1956 3142 lrauldrrlenla

351 3157 388 3206 ent
396 3155 496 3205 dicendo
505 3156 657 3206 mendacium
669 3155 743 3218 nerui,
754 3156 796 3206 seul
808 3157 831 3206 in
840 3158 912 3207 rebus
922 3157 1054 3218 nugatoriis
1063 3157 1130 3208 lalln·
1176 3159 1340 3209 numeratione
1358 3164 1399 3210 aul
1421 3161 1502 3211 tallere
1520 3165 1563 3212 aut
1580 3162 1612 3210 ab
1624 3163 1672 3212 olio
1691 3164 1754 3223 latii,
1774 3165 1885 3227 quioniam
1904 3165 1958 3214 luee

352 3244 412 3294 citer
420 3243 450 3292 al
456 3243 608 3306 decipiendos
617 3243 677 3293 alios
685 3244 844 3294 venditandis.
856 3245 1130 3295 Mendaciotameneum
1175 3247 1257 3296 omnia
1266 3247 1374 3297 lrandem
1385 3249 1522 3299 contineant
1530 3252 1603 3312 atque
1615 3251 1640 3299 in
1648 3252 1748 3312 singulis
1759 3253 1830 3302 rebus
1842 3253 1957 3303 salsorum

352 3331 473 3386 interdurn
488 3331 559 3380 nnriis
571 3331 649 3381 mortis
660 3333 711 3382 sine
723 3345 821 3382 οεοοιιευ
833 3333 868 3382 uti
885 3346 957 3394 pomo
969 3334 1128 3394 arbitrantur,
1176 3334 1408 3396 comprobationem.
1449 3337 1574 3386 Neminem
1590 3351 1646 3388 uero
1660 3339 1815 3389 lioueslornm
1829 3341 1957 3390 bominum

352 3418 418 3468 verbi
431 3420 506 3482 gretie
523 3420 548 3468 in
568 3419 690 3468 eluctando
712 3421 834 3480 exercitu,
856 3420 971 3471 adversus
991 3420 1086 3483 lrostea,
1107 3426 1132 3470 et

353 3507 394 3556 nbi
407 3507 486 3556 uideat
502 3505 663 3569 profuturum,
674 3509 699 3557 el
713 3507 736 3556 in
750 3508 803 3557 aliia
820 3507 929 3570 plurimis
951 3508 986 3558 rei
1010 3509 1132 3560 larariliaris

354 3595 463 3657 negotiu.
481 3597 512 3644 lll
523 3594 673 3644 mendacium
690 3609 811 3659 nunqnam
826 3595 923 3646 eredere
935 3596 1084 3646 contendunt
1094 3609 1131 3646 εα-

333 3733 335 3736 ,
354 3682 456 3744 pientem
470 3695 546 3744 neque
558 3684 657 3732 omnino
677 3697 727 3732 rem
736 3665 962 3745 incomprehensam
983 3685 1130 3745 approbare,

352 3763 549 3832 proptereaquorl
565 3782 643 3832 neque
652 3771 773 3831 optinetur,
787 3783 866 3833 neque
881 3771 975 3832 ignoret
986 3771 1129 3834 quidquam.

353 3857 515 3918 Ignorantiam
527 3857 591 3907 enirn
601 3871 651 3907 eise
662 3859 950 3920 rriruabilem,osseusum
962 3865 1044 3910 aulem
1054 3861 1132 3910 imbe-

1175 3433 1278 3483 uequeu
1293 3423 1332 3470 uia
1345 3423 1464 3482 aberrare,
1478 3437 1582 3486 nequeo
1593 3425 1680 3484 domo,
1691 3438 1770 3487 neque
1784 3440 1798 3475 ο
1810 3441 1901 3490 reop03
1913 3431 1956 3478 saul

1176 3497 1254 3571 neque
1266 3523 1350 3572 μοιιιιιι
1364 3511 1445 3561 uidere
1455 3524 1534 3574 neque
1546 3513 1646 3586 ouilibus
1657 3515 1773 3577 gravitale
1788 3516 1899 3568 laborare
1915 3533 1957 3567 sa·

1176 3598 1279 3658 pientenr
1290 3599 1442 3660 existimant,
1459 3612 1538 3662 neque
1552 3602 1652 3651 enruino
1662 3601 1738 3651 ullum
1750 3616 1848 3654 sensnm
1866 3605 1957 3656 bebere

1176 3684 1333 3745 hebetiorem,
1356 3693 1478 3749 propterea
1499 3689 1564 3751 ηιιοιΙ
1585 3690 1640 3740 lame
1653 3690 1746 3754 singulo
1760 3706 1817 3750 curu
1834 3694 1896 3743 lnlso
1908 3695 1957 3744 islo

1176 3785 1275 3822 assensu
1288 3775 1434 3825 cohaereant.
1451 3778 1534 3839 Neque
1552 3791 1611 3828 nero
1628 3781 1743 3843 suspicari
1762 3780 1847 3831 volunt
1859 3783 1958 3844 sapien-

1177 3865 1241 3920 lem,
1262 3876 1338 3924 ηιιιιιιι
1363 3866 1468 3927 suspicio
1491 3867 1522 3916 sit
1539 3881 1621 3917 reuun
1644 3870 1739 3930 generis
1763 3869 1958 3933 iueornprelrensi

353 3945 443 3994 eillnru.
459 3944 521 3995 llilril
533 3959 589 3994 uero
603 3945 719 3996 imbecille
730 3946 828 3996 eredere
849 3947 988 4009 sapientem,
997 3949 1133 3998 sedoninin
1176 3951 1357 4013 rorrrprobelio,
1373 3965 1451 4016 neque
1462 3954 1583 4004 liornluem
1602 3956 1772 4020 intelligentem
1786 3958 1958 4020 poenitentiam

354 4033 710 4095 potinal'rrnriteretconstunter
712 4036 1079 4098 ,atquelmncebenusenreurn
1089 4051 1130 4087 ue·
1176 4051 1245 4100 agere
1258 4041 1308 4102 pub
1309 4043 1356 4102 int,
1370 4043 1482 4102 quonium
1496 4043 1634 4104 peeniteutia
1647 4058 1703 4094 euin
1716 4045 1775 4095 laiso
1788 4059 1886 4096 mensu
1897 4061 1959 4099 eon-

354 4135 400 4181 ουε
407 4122 509 4183 opinari.
519 4121 645 4183 Drrprlicem
652 4121 716 4172 enirn
723 4135 773 4172 eme
785 4123 930 4186 opinionem,
943 4124 1132 4174 alteramrernrn
1175 4126 1259 4187 jurleta
1272 4127 1377 4177 luoruiuis
1389 4130 1420 4179 sit
1431 4134 1511 4192 aratea,
1525 4134 1553 4181 nl
1569 4123 1620 4181 lieri
1633 4133 1703 4194 solet,
1712 4147 1756 4196 per
1769 4148 1874 4185 errorem
1888 4138 1958 4199 tapsi.

353 4223 401 4258 non
425 4213 591 4272 perceptarum
607 4210 820 4272 approbationem,
833 4213 939 4280 'alteram
956 4213 1033 4263 lenern
1047 4215 1132 4264 existi·
1177 4214 1212 4262 Ad
1224 4214 1270 4263 boe
1278 4215 1410 4277 sapientem
1423 4217 1563 4280 iuleoneque
1574 4222 1667 4270 niutare
1677 4223 1819 4272 sententium
1828 4225 1876 4274 ulto
1886 4232 1960 4288 poeto

354 4299 499 4358 moltonnum
515 4299 643 4360 nlrauupre
656 4311 714 4347 roro
728 4298 829 4348 alienam
842 4313 895 4352 esse
915 4314 930 4350 a
953 4301 1069 4365 sapientis
1082 4304 1133 4367 spi·
1176 4293 1387 4362 υόουοιείεοτῑοτο
1395 4304 1466 4363 dieta,
1475 4317 1552 4368 neque
1558 4320 1648 4368 errare,
1658 4309 1715 4371 quia
1723 4310 1775 4359 lme
1783 4311 1864 4360 onmia
1870 4327 1958 4364 eorum

355 4389 418 4448 ritu,
431 4387 494 4446 ςιιοιΙ
507 4389 531 4436 el
547 4392 602 4436 nuto
624 4386 770 4437 iutelleutnm
788 4401 869 4451 ruere,
884 4391 910 4440 el
924 4404 1078 4454 prepropere
1092 4405 1132 4441 as·

353 4474 510 4537 sentiriprnri
522 4477 616 4524 tentum
626 4474 780 4537 lierniuinsit,
790 4483 927 4528 nouantem
937 4479 1009 4529 eadat
1019 4482 1042 4529 iu
1053 4480 1133 4530 uirum

353 4564 512 4624 ingeniosum,
524 4563 655 4624 perlectum
664 4568 688 4612 et
699 4565 808 4627 probum.
817 4568 899 4628 neque
909 4567 982 4617 latero
995 4581 1052 4619 enm
1064 4569 1133 4632 quiid·

1178 4389 1225 4436 oirrt
1243 4389 1284 4450 qui
1302 4389 1333 4438 ab
1353 4391 1501 4442 institutione
1515 4406 1559 4443 aua
1574 4394 1717 4457 doneiseant,
1735 4399 1801 4460 quod
1814 4411 1829 4446 a
1842 4401 1960 4463 sapientia

1177 4473 1293 4536 dignitate
1305 4477 1442 4528 abborreat.
1489 4484 1572 4543 Neque
1584 4481 1660 4533 villeri
1676 4484 1808 4546 quindenam
1819 4487 1841 4535 ei
1856 4490 1960 4538 eonten-

1178 4561 1248 4622 dunt,
1264 4564 1287 4613 id
1302 4567 1367 4627 quod
1379 4571 1436 4617 ente
1447 4568 1517 4617 dietis
1528 4570 1606 4619 simile
1616 4571 1662 4621 eat.
1690 4571 1737 4622 sed
1751 4573 1860 4634 ignotum
1878 4589 1959 4637 quen-

354 4665 436 4714 quam,
451 4651 506 4714 qrria
520 4651 637 4710 ignoratio
650 4651 682 4700 eit
695 4651 753 4702 latse
768 4655 903 4714 persuasio,
927 4668 1041 4718 quarem
1055 4657 1088 4706 ita
1104 4671 1131 4707 se
1178 4652 1234 4701 (lam
1250 4655 1382 4715 seuientem
1401 4656 1484 4718 primis
1502 4658 1576 4708 etiam
1593 4659 1742 4722 temporibus
1763 4643 1886 4713 exetilisee
1901 4677 1958 4714 ere·

355 4741 441 4789 babere
453 4726 592 4799 simpliciter
601 4739 750 4790 altirrnamus
760 4740 797 4791 vel
810 4755 933 4804 negnmrra.
947 4743 994 4793 Sed
1009 4744 1046 4793 bie
1059 4747 1132 4795 ralio-
1179 4744 1254 4804 θοαί,
1276 4746 1409 4810 quinoque
1430 4751 1555 4812 expeteret
1568 4750 1716 4812 quidquam,
1731 4765 1810 4814 neque
1821 4753 1962 4806 desiderare

354 4829 426 4878 nibus
438 4829 597 4888 congruenter
609 4841 666 4876 eum
689 4841 737 4877 non
752 4829 875 4890 dillidere,
887 4830 984 4881 *ideireo
1000 4833 1057 4894 quin
1068 4834 1133 4883 oiln-
1180 4833 1252 4883 vellet
1265 4834 1339 4884 ollam
1354 4849 1405 4885 rem
1418 4849 1451 4886 ax
1462 4837 1507 4897 iin,
1520 4851 1580 4899 quar
1592 4838 1743 4900 pecualiarller
1757 4841 1868 4890 beminen
1880 4846 1961 4906 requii-

354 4917 435 4968 ‹leatio
447 4918 504 4968 laisa
515 4918 597 4979 opinio
610 4918 752 4982 appelletur,
766 4933 842 4983 quum
861 4920 921 4970 fides
932 4925 1017 4972 contra
1033 4922 1132 4974 lrouesta
1179 4935 1232 4971 rere
1242 4929 1435 4987 consueverunt,
1448 4925 1503 4987 quia
1518 4925 1577 4974 niliil
1599 4939 1681 4976 rernm
1699 4929 1891 4980 necessariarum
1913 4932 1961 4981 aibt

355 5007 458 5067 dicator,
469 5005 588 5068 siquidem
599 5004 788 5058 bunasententie
798 5009 1132 5068 est,eonlrrmanaereditnnr.
1178 5011 1262 5062 deesse
1271 5011 1407 5073 judieareb·
1431 5015 1553 5062 caeterum
1566 5027 1614 5064 non
1626 5017 1699 5066 ιιιοθο
1712 5017 1744 5066 θα
1761 5018 1899 5080 prudentia,
1913 5033 1955 5069 νε-

354 5087 602 5144 similiter'nnienliam
619 5107 717 5157 quoqne
729 5095 818 5144 uerbis·
828 5095 915 5147 multari
928 5111 976 5147 non
986 5111 1055 5160 nosse
1066 5101 1133 5151 arbl-
1180 5115 1234 5152 rum
1249 5102 1322 5152 etiam
1345 5102 1376 5153 de
1396 5103 1494 5166 reliquis
1511 5105 1604 5154 artibus
1625 5108 1687 5156 talea
1706 5109 1756 5157 lore
1774 5109 1961 5170 disputationes.

355 5183 462 5241 trantnr;
478 5181 634 5243 quamobrem
650 5195 750 5244 pravum
765 5185 886 5236 bominem
898 5199 974 5248 neque
985 5188 1047 5239 aeine
1060 5189 1130 5253 ηιιίιΙ-
1184 5194 1302 5243 ΡιεεΙετοο
1325 5206 1400 5256 quum
1417 5193 1498 5243 omnia
1520 5201 1617 5256 peceato
1633 5209 1680 5246 non
1704 5209 1772 5247 serris
1792 5201 1866 5261 alque
1880 5200 1964 5248 oninia
