3959 5925
215 390 270 443 ινο
785 376 944 439 eoncrn
972 339 1230 453 reuertenti.

252 508 438 590 (Plutarchus
452 508 494 565 De
502 508 660 567 mulierum
674 508 753 570 virtt.
768 509 832 569 init.
843 510 905 571 νοΙ.
919 510 988 570 vlit
1033 512 1119 572 οὐδ’
1101 534 1227 593 ουιροιτον,
1242 512 1345 573 ἀλλ’
1316 535 1424 592 ευχοιριν
1445 535 1492 570 και
1480 510 1612 583 πιθανλν
1626 513 1813 593 προστίθησιν

214 620 243 678 p.
260 600 317 657 263
342 599 389 655 ed.
403 594 541 673 Hutten.)
950 666 952 672 Ι
1034 598 1122 679 ωσπερ
1133 624 1179 659 και
1191 600 1236 659 τον
1251 599 1383 679 Αἰσχύλον
1397 601 1475 678 κτλ.)

252 706 287 745 ιιι.
308 683 405 760 Ομὲν
416 682 467 762 qt
481 683 590 763 ι’λος
565 706 631 762 ουρ,
646 682 736 764 ωσπερ
749 708 905 763 «nequivero
920 690 987 768 Γορ-
1073 708 1110 748 αι.
1126 693 1186 747 Δειν
1198 688 1247 768 ἔφη
1263 691 1300 749 Γο
1302 686 1418 768 ργλας
1390 712 1458 764 την
1453 684 1501 745 adr
1516 684 1632 756 σπουδλν
1645 687 1811 769 διαφθείρειν

210 774 283 851 pter,
302 773 372 851 οὗτοι
353 770 435 846 μὲν
453 768 557 839 ἀξιώσει
571 771 605 830 τὰ
620 771 755 829 δίκαια
732 794 775 829 τον
793 770 896 852 φίλον
888 796 989 855 υπυυρ-
1034 780 1085 836 τῶν
1101 775 1187 835 trent
1178 800 1223 833 οιν
1233 776 1343 853 γέλωτι
1353 775 1437 834 τὸνδὲ
1447 776 1557 853 γέλωτα
1566 776 1679 854 σπουδῇ.

210 870 279 939 γεῖν,
294 859 428 938 λιιείνιριλ1
447 858 524 924 αὐτὸς
548 858 708 939 ὑπηρετήσει
728 861 813 919 πολλα
825 862 871 923 και
885 886 936 922 των
948 863 986 941 μὴ
1074 863 1429 941 (AriptoteleeRhet.tib.
1453 863 1495 923 iii
1519 865 1655 941 cap.18.
1679 863 1815 923 Hiscon·

210 948 327 1007 δικαίων.
1034 964 1170 1011 centanea
1185 965 1254 1010 sunt
1264 971 1329 1029 quae
1345 953 1482 1028 leguntur
1501 951 1579 1031 apud
1599 964 1729 1009 veterem
1745 952 1816 1011 Pie·-

250 1034 492 1115 [PiuturchusDe
510 1034 587 1093 adul.
602 1048 631 1091 et
646 1035 731 1096 amic.
750 1036 837 1097 discr.
860 1058 923 1117 cap.
949 1040 986 1108 34
1033 1040 1111 1098 tonis
1136 1040 1334 1119 interpretem.
1357 1039 1490 1117 Namque
1512 1038 1548 1097 ad
1572 1039 1663 1114 Gorg.
1687 1060 1719 1117 p.
1739 1041 1812 1110 348

212 1124 273 1184 νοΙ.
289 1123 385 1201 vttp.
399 1143 454 1197 207
471 1122 516 1181 ed.
533 1122 650 1181 Hutten.
659 1120 668 1203 J
1035 1126 1202 1203 hujusmodi
1215 1126 1433 1187 annotationem
1441 1126 1594 1270 perimit.
1609 1145 1688 1183 τουτο
1701 1126 1813 1206 παράγ-

248 1232 282 1272 te.
303 1209 413 1289 ro'ppoe
427 1212 474 1281 τὴν
492 1209 639 1289 τραγῳδίαν
654 1200 727 1268 εἶπεν
744 1210 906 1285 &cerquitu
928 1212 984 1274 ὅτε
1033 1216 1118 1290 γελμα
1135 1214 1262 1325 Γοργίριρ,
1273 1213 1360 1279 τοτλς
1372 1214 1454 1271 σπου
1455 1237 1487 1278 ας
1500 1236 1552 1271 τιον
1565 1211 1704 1269 ἅντιδικων
1714 1213 1814 1289 γέλωτι

213 1299 352 1371 λπατήοας
375 1297 531 1376 δικαιότερος
551 1303 596 1355 τοῦ
609 1297 651 1373 μὴ
678 1297 873 1373 ἀπατήσαντος,
901 1326 947 1361 ιιαι
971 1306 985 1361 ὁ
1033 1299 1108 1359 ἔκλυε
1098 1325 1145 1377 tv,
1163 1301 1241 1360 vite
1232 1303 1344 1379 γελοια
1357 1325 1414 1367 ται
1429 1301 1554 1366 σπουδαῖς
1568 1298 1660 1377 ἐκκρ’
1632 1322 1714 1360 ουειν.
1723 1301 1733 1378 J

214 1388 319 1458 ἅπαιηθ
322 1385 357 1453 Εἷς
372 1384 515 1466 σῠφώτῑρθς
528 1407 573 1443 τοῦ
556 1383 627 1461 μλ
642 1383 828 1457 ἀπατηθέντος
1073 1389 1165 1450 ου’[ὸ
1179 1389 1207 1448 δὲ
1221 1388 1331 1468 Ιοργίου
1344 1388 1421 1456 εἰς
1392 1413 1441 1459 την
1454 1387 1623 1468 χελιδόναβ
1611 1387 1665 1447 erret
1682 1391 1743 1446 κατ’
1757 1390 1811 1447 αιἰ-

256 1474 443 1551 (Plutarchus
453 1477 496 1531 De
505 1472 641 1534 nudtend
655 1486 733 1551 poet.
745 1495 807 1552 rep.
826 1477 911 1534 tvol
925 1476 988 1551 vti,
1033 1482 1078 1536 τοῦ
1102 1477 1233 1554 πετομένη
1261 1480 1347 1558 epipam
1376 1476 1408 1534 τὸ
1433 1477 1606 1584 περίττωμα,
1638 1476 1734 1555 ἄριστα
1760 1499 1814 1535 των

213 1584 244 1639 p.
263 1564 300 1641 59
315 1564 361 1622 ed.
380 1562 495 1622 Huttett.
516 1560 561 1622 Cf.
593 1562 634 1619 De
656 1562 730 1637 glor.
757 1562 861 1623 Athen.
884 1583 948 1643 cap.
970 1525 988 1622 5
1033 1570 1170 1645 τραγικῶν·
1188 1555 1334 1646 ιῖπεγλρι
1347 1552 1731 1644 αἷαρρόνγιωψιλομήλα.ι
1742 1557 1813 1642 ''Op-

216 1652 280 1711 rnl.
297 1650 375 1731 lXp.
390 1671 439 1727 9¹·
449 1652 459 1728 )
1033 1658 1083 1712 νιθι
1101 1653 1197 1729 μὲν’
1163 1676 1238 1763 γαρ,
1245 1675 1268 1710 ει
1259 1652 1421 1725 'tudinem
1436 1656 1483 1711 οὐκ
1501 1651 1595 1729 eto-pp'
1581 1674 1623 1720 ον,
1612 1649 1765 1745 παρθένῳ
1785 1648 1816 1709 δὲ

163 1770 167 1780 ·
250 1758 285 1797 ιο.
302 1737 409 1818 Ὥσπερ
423 1736 502 1796 ιιαλ
479 1760 523 1795 τον
533 1735 665 1815 Αἰσχύλον
674 1737 779 1815 iero
749 1760 807 1794 onor
823 1735 870 1803 λς
882 1760 986 1817 τραγυι
1035 1739 1154 1820 αἰσχρόν.
1198 1729 1282 1797 Ευ
1251 1763 1296 1798 ουν
1307 1740 1471 1820 ἐλοιοορησεν
1486 1733 1628 1799 ιῖπὼνὸ
1610 1764 1652 1813 ην,
1665 1741 1725 1799 ἀλλ’
1733 1739 1812 1820 οὗχὸ

212 1824 268 1893 δίας
282 1826 408 1903 ἕμπιόντα
418 1848 499 1883 nourr
506 1847 552 1883 και
565 1827 623 1903 οὐχ,
634 1825 669 1889 ως
683 1822 793 1903 Γοργίας
804 1813 910 1900 εἶπεν,
897 1846 923 1881 εν
936 1830 988 1880 τῶν
1034 1826 1115 1889 ἔστιν.

213 1914 393 1993 δραμάτων’
365 1937 443 1973 αυτου
462 1934 557 1989 pretor
572 1909 669 1991 Ἄρεως
683 1901 764 1983 εἶναι,
783 1910 843 1977 τους
858 1909 926 1970 ἑπτὰ
943 1912 989 1970 ἐπὶ
1074 1915 1262 1994 (Aristoteles
1277 1916 1361 1977 tibet.
1381 1916 1436 1975 lib.
1458 1914 1502 1973 Ill
1524 1934 1588 1994 cap.
1604 1917 1633 1976 3.
1654 1918 1697 1976 De
1711 1915 1813 1973 Phiio-

212 2002 321 2074 θήὸτς,
337 2002 404 2061 ἀλλὰ
419 2001 505 2060 πάντα
517 1998 655 2059 Διονύσου.
1036 2004 1110 2061 meta
1123 2004 1156 2062 in
1169 2004 1419 2075 hirundinemvel
1434 2017 1467 2062 ut
1484 2004 1537 2061 alii
1557 2004 1664 2061 voiunt
1679 2005 1711 2062 in
1725 2004 1815 2061 lusci·

253 2088 443 2161 (Plutarchus
468 2088 649 2165 Symposiac.
674 2084 726 2147 lib.
748 2085 809 2146 VH.
832 2100 933 2164 quaest.
963 2086 988 2144 X
1034 2091 1113 2149 niam
1138 2111 1278 2151 conversa
1300 2092 1432 2151 fabulose
1445 2092 1537 2150 muita
1560 2104 1673 2153 reteres
1698 2091 1812 2149 retute-

213 2198 276 2256 cap.
294 2175 451 2247 2‚v01.xt
467 2196 496 2253 p.
510 2177 566 2233 336
581 2174 629 2235 ed.
644 2180 773 2234 fluitent
785 2175 888 2241 πολλοῖς
901 2176 924 2231 δ’
936 2176 990 2232 ἰτα-
1036 2192 1113 2238 runt.
1128 2178 1193 2239 Vid.
1215 2178 1321 2256 Hygin.
1342 2179 1398 2237 sab.
1421 2180 1471 2248 45.
1487 2177 1623 2256 Apollod.
1638 2177 1696 2248 itt,
1716 2184 1762 2247 td,
1782 2177 1810 2237 8.

213 2262 313 2340 μότητα
335 2264 444 2341 θάρσους
472 2262 592 2342 συνεργὸν
615 2266 629 2319 ὁ
654 2262 786 2342 ἄκρατος,
811 2262 839 2320 οὗ
864 2262 988 2343 βδελυρὰν
1035 2265 1120 2324 ovid.
1135 2266 1204 2326 Met.
1220 2266 1269 2339 Vi,
1286 2274 1343 2335 imi}
1359 2266 1460 2343 seqq.)
1632 2278 1638 2291 '

246 2438 282 2485 ιδ.
300 2438 384 2497 Neque
397 2435 598 2484 enimrenrmeet
611 2430 986 2495 qnodGorgiecdirit,umtoum
1039 2436 1122 2484 Martis
1141 2448 1195 2485 esse
1215 2435 1326 2497 plenum,
1359 2434 1402 2484 ced
1433 2435 1516 2483 omnia
1545 2434 1667 2491 Bacchum
1693 2433 1814 2482 redotent.

212 2522 242 2572 ab
255 2522 332 2571 emico
352 2522 376 2571 in
394 2522 466 2571 rebus
483 2524 577 2571 tentum
597 2520 670 2581 tusus
689 2532 759 2582 opem
779 2520 925 2583 petiturum,
943 2519 989 2582 ipsi
1067 2526 1104 2572 ιι.
1122 2523 1222 2585 Gorgias
1231 2521 1581 2573 seriaodrersariorumrerbe
1592 2520 1813 2581 risndiscutiende,
1872 2541 1875 2546 ⁴

213 2612 296 2661 nutem
308 2611 332 2659 in
345 2610 427 2659 moitis
439 2609 615 2671 etieminjustis
626 2608 698 2658 rebus
710 2620 808 2670 operam
823 2607 944 2657 daturum.
1034 2613 1060 2658 nt
1072 2610 1148 2658 risum
1164 2610 1232 2659 certis
1251 2609 1404 2660 refutandum
1416 2608 1569 2671 eeceeiebat.

247 2704 283 2751 to.
300 2700 401 2761 Gorgiae
411 2699 554 2762 iregoediem
568 2698 696 2761 appetierit
712 2696 829 2759 irendem,
847 2709 895 2760 qne
907 2701 931 2747 et
945 2696 987 2759 qui
1067 2703 1107 2747 ιι.
1120 2697 1184 2747 iliud
1197 2702 1278 2748 autem
1291 2699 1385 2761 Gorgiae
1394 2698 1418 2747 in
1431 2697 1595 2757 hirundinem,
1609 2709 1686 2760 quum
1701 2695 1817 2746 devotans

214 2786 335 2851 deciperet
355 2800 405 2835 ιιοιι
418 2786 552 2849 decipiente
561 2786 659 2849 justior,
675 2785 754 2848 etqui
770 2786 920 2848 deciperetur
939 2797 988 2833 non
1037 2785 1118 2834 morde
1131 2782 1211 2847 ipsum
1221 2785 1446 2847 inquinassetmire
1455 2785 1650 2847 dooettregiooe3
1661 2783 1722 2832 dixit
1733 2784 1813 2833 enim:

215 2875 315 2936 decepto
324 2874 459 2937 ·sepientior
470 2876 542 2924 esset.
1036 2891 1049 2916 α
1066 2876 1143 2936 turpe
1152 2876 1244 2937 utique
1255 2886 1270 2922 ο
1280 2870 1434 2922 Philomela.
1447 2890 1460 2914 »
1476 2870 1597 2921 Nimirum
1606 2870 1662 2932 eri,
1672 2869 1693 2919 ei
1709 2867 1733 2917 id
1746 2867 1816 2918 iecis-

245 2969 282 3012 20.
300 2963 339 3011 Sic
358 2964 383 3011 et
400 2961 541 3024 AEechylum
555 2963 653 3011 narrant
665 2961 727 3011 hene
739 2964 823 3024 potum
834 2973 892 3010 sues
912 2959 989 3023 strip·
1035 2964 1086 3022 eet,
1101 2975 1147 3010 non
1163 2963 1226 3011 eesct
1237 2965 1323 3023 turpe;
1334 2958 1421 3021 virgini
1435 2973 1492 3009 roro
1503 2962 1574 3021 turpe
1584 2957 1653 3008 toret.
1670 2961 1745 3008 Recte
1770 2955 1813 3019 igi-

216 3047 607 3110 siesetregoedine,nequererum
617 3047 723 3108 estquod
733 3046 990 3110 Gorgiucdirit‚unum
1035 3047 1121 3096 turitii
1146 3047 1283 3097 convicium
1302 3047 1373 3105 iecit,
1395 3059 1586 3096 commemorans
1609 3045 1673 3107 quod
1688 3046 1743 3105 init,
1766 3057 1812 3092 non

215 3147 245 3184 ex
259 3133 408 3184 dramatibus
425 3135 489 3194 quod
503 3133 641 3185 inscribitur
650 3138 742 3198 septem
758 3135 874 3185 advertus
885 3135 989 3193 Tircbes,
1036 3133 1101 3197 quod
1116 3141 1162 3184 est.
