3959 5925
740 394 976 457 FRAGMENTA
998 394 1128 454 VARIA.
1690 394 1725 443 tlh

141 538 228 612 ρεσθαι
244 530 371 609 τάγαθόν,
394 530 427 589 τά
440 552 468 587 τε
492 533 598 588 τοιαῦτα
622 526 708 586 πάντα
723 527 806 603 όνομα
826 526 911 585 κοινὸν
956 523 1015 591 τοὺς
1033 523 1060 581 δὲ
1077 522 1195 600 μείζονας
1211 520 1230 594 λ
1245 519 1382 587 ἐλάττονας
1402 519 1523 599 φθείρειν.
1565 515 1683 594 Ὁμοίως
1701 517 1728 577 δέ

140 620 207 698 ἔχειν
226 618 312 695 μόνον,
334 617 377 676 τόν
392 616 419 675 δὲ
433 621 477 675 τοῦ
499 621 584 685 κοινοῦ
607 616 731 693 ὀνόματος
756 616 831 693 λόγον
856 615 912 671 ἕτε-
956 614 1001 670 καὶ
1015 610 1058 669 ἐπὶ
1073 615 1124 669 τῶν
1139 610 1225 669 ἀλλων
1246 605 1423 686 άρετῶν,τδις
1441 607 1489 685 μὲν
1500 604 1577 672 οὔσας
1598 606 1730 685 rapiar&

141 688 182 786 ρύν
198 705 250 766 222.
956 698 1041 756 πάντα
1066 695 1213 775 ὑπερθαλάς
1235 694 1280 753 καί
1296 695 1423 775 ἐλλείψεις
1444 693 1555 775 φθείρειν
1577 694 1655 772 φασίν
1676 690 1727 728 ²⁵⁷·

180 793 287 853 Τούτων
302 790 328 851 δέ
352 791 383 862 δὴ
400 789 583 870 διωρισμένων,
599 792 713 850 ἐπελθεῖν
730 787 911 869 ἀκριόίστερον
955 785 1002 853 τὰς
1026 785 1053 842 δέ
1078 786 1247 864 μετριότητας
1276 780 1372 851 αὔξειν.
1414 786 1454 841 ot
1478 782 1555 856 μόνον
1583 780 1729 847 θὲτοιίτοις

141 882 278 957 ἀναγκαῖον
291 880 325 939 τὰ
340 879 400 958 περὶ
415 884 460 949 τῆς
474 882 564 949 ἠθικῆς
576 881 670 957 θριτῆς
684 878 822 955 λεγόμενα.
839 877 911 935 Ταύ-
957 872 1123 953 ἀφορίζεσθαι
1146 871 1194 942 τὴν
1219 870 1331 950 ἀρετάν,
1360 868 1428 927 dili
1455 870 1500 928 καὶ
1516 870 1598 946 ἡδονῇ
1622 869 1667 925 καί
1683 868 1731 925 λύ-

140 992 187 1039 την
198 968 247 1046 γάρ
265 966 480 1043 ὑπολαμδάνουσι
496 968 555 1045 περὶ
569 967 599 1024 τὸ
615 967 706 1045 ἀλογον
731 966 806 1044 μίρος
826 964 912 1043 γίγνε-
956 982 994 1039 πῃ
1008 957 1059 1019 ²⁸⁸.
1075 958 1127 1019 Διά
1141 962 1191 1038 γθρ
1204 959 1251 1029 τλν
1266 958 1359 1028 ἡδονὴν
1370 956 1404 1015 τθ
1417 961 1504 1039 φαῦλα
1515 956 1638 1034 πράττειν
1651 962 1730 1031 ἡμᾶς,

141 1058 204 1111 σθαι
219 1058 266 1124 τῆς
279 1056 378 1133 ψυχῆς,
403 1050 492 1122 ἐπειθδΙ
514 1054 606 1130 διμερῆ
627 1052 689 1130 πρὸς
709 1051 755 1121 τὴν
777 1056 910 1130 παροῦσαν
957 1048 1000 1105 διὰ
1014 1047 1040 1105 δὲ
1051 1047 1098 1117 τὴν
1109 1048 1195 1119 λύπην
1215 1045 1360 1125 άπίχεσθαι
1377 1048 1428 1101 τῶν
1446 1046 1545 1102 καλῶν·
1560 1044 1607 1102 οὑκ
1621 1034 1688 1101 εἶναι
1702 1044 1730 1102 δὲ
1785 1067 1787 1070 ·

141 1141 249 1218 θεωρίαν
269 1137 391 1199 ὑπέθεντο
405 1139 451 1208 τὴν
467 1140 570 1219 ψυχήν,
589 1140 620 1197 τθ
641 1138 687 1214 μὲν
703 1138 824 1218 λογικόν,
839 1138 869 1196 τδ
890 1140 912 1196 δ’
957 1137 1048 1195 λαῦεῑν
1069 1134 1123 1195 οὔτ’
1137 1135 1232 1214 ἀρετὴν
1247 1134 1306 1192 arira
1322 1132 1415 1191 κακίαν
1439 1132 1498 1190 ἀνευ
1512 1130 1597 1202 λύπης
1611 1131 1655 1187 καί
1666 1132 1730 1199 ἡδο-

142 1228 233 1303 ἀλογον
247 1225 294 1284 ²⁵³.
310 1226 364 1285 Καὶ
374 1224 433 1305 περί
449 1227 494 1302 μὲν
503 1226 533 1284 τὸ
546 1226 650 1304 λογικδν
661 1226 707 1297 τὴν
720 1226 912 1301 καλοκαγαθίαν
957 1229 1013 1294 νῆς.
1025 1224 1082 1296 Τὴν
1097 1215 1140 1282 σύν
1155 1222 1249 1303 ἀρετὴν
1262 1222 1322 1302 περλ
1331 1220 1426 1294 ἦδονθς
1439 1222 1484 1279 καὶ
1493 1220 1578 1287 λύπας
1586 1221 1728 1299 ὑπάρχειν.

141 1314 287 1390 γίγνεσθαι,
300 1312 402 1382 κοίτην
419 1314 540 1393 φρόνησιν
551 1359 562 1389 ,
576 1314 621 1370 καί
635 1312 681 1383 rhu
700 1311 851 1390 ἀγχίνοιαν,
868 1314 912 1371 καὶ
959 1314 1030 1388 Πρὸς
1039 1314 1066 1370 δέ
1084 1310 1113 1369 τδ
1122 1315 1211 1390 σαφῶς
1222 1312 1338 1382 δηλῶσαι
1349 1310 1382 1367 τά
1392 1309 1452 1391 περὶ
1462 1310 1574 1381 τούτων,
1589 1313 1729 1385 ἀναγκαῖον

142 1400 245 1480 σοφίαν,
260 1400 305 1458 καί
320 1400 476 1475 εὐμάθειαν,
497 1399 677 1476 καίιμνήμην,
691 1401 735 1458 iai
752 1400 911 1477 τδιςὺμοίας·
937 1406 1066 1486 γήγοῦντο
1086 1397 1120 1459 τά
1142 1398 1203 1477 περὶ
1228 1397 1315 1478 ψυχὴν
1346 1403 1485 1476 γιγνόμενα
1510 1398 1668 1476 προσλαόεῖν
1692 1400 1731 1476 τῷ

142 1487 202 1567 περί
216 1486 243 1545 δὲ
256 1486 286 1545 τύ
302 1488 404 1564 ἄλογον,
420 1487 605 1566 σωφροσύνην,
621 1488 665 1545 καί
683 1486 856 1558 δικαιοσύνην,
868 1487 912 1545 καὶ
957 1488 1035 1566 λόγῳ·
1062 1492 1145 1544 ταῦτα
1160 1486 1193 1555 δή
1210 1508 1289 1564 φασιν
1311 1484 1437 1563 ὑπάρχειν
1453 1488 1479 1543 ἐν
1497 1493 1553 1550 ταῖς
1566 1487 1662 1564 ψυχαῖς
1679 1488 1731 1542 τῶν

143 1572 273 1653 ἀνδριίαν,
286 1573 331 1631 καί
345 1576 388 1639 τὰς
405 1574 484 1640 ἄλλος
505 1573 551 1639 τάς
570 1575 662 1644 ἠθικὰς
677 1572 839 1649 καλουμένας
853 1577 912 1651 άρε·
959 1574 1116 1652 ἀνθρώπων,
1135 1572 1224 1646 πάθη,
1240 1574 1377 1647 δυνάμεις,
1393 1572 1455 1639 ἕξεις
1467 1569 1518 1630 222.
1537 1572 1614 1642 Πάθη
1625 1571 1648 1628 δ’
1663 1562 1729 1629 εἶναι

141 1661 198 1726 τάς.
266 1661 371 1727 Ταύτας
386 1660 417 1730 δή
432 1683 509 1739 φασιν
521 1661 565 1718 ὑπ’
584 1660 679 1727 ἐνδείας
701 1660 745 1718 καί
769 1652 914 1738 ὑπερόολῆς
959 1662 1053 1739 ὀργήν,
1069 1661 1165 1737 ρόῦον,
1181 1664 1270 1736 μῖσος,
1282 1660 1370 1731 πόθον,
1381 1662 1478 1732 ζῆλον,
1496 1657 1584 1735 ἔλεον,
1601 1657 1634 1716 τθ
1646 1682 1731 1736 παρα·

143 1748 301 1828 φθείρεσθαι.
318 1748 388 1825 Πρὸς
399 1748 426 1807 δὲ
440 1747 488 1817 τὴν
505 1747 608 1814 ἔνδειξιν
623 1747 732 1817 τούτου,
748 1756 800 1813 τοῖς
819 1750 847 1805 ἐκ
862 1752 913 1806 τῶν
959 1749 1060 1819 πλήσια
1071 1747 1185 1825 τούτοις,
1199 1737 1236 1813 οἷς
1252 1746 1297 1805 καὶ
1305 1750 1509 1825 παρακολουθεῖν
1523 1746 1617 1817 ἡδονὴν
1632 1746 1676 1804 καὶ
1686 1747 1732 1805 λύ-

143 1834 286 1905 «tattaeus
299 1836 448 1914 propropter<
465 1839 596 1913 χρῶνται,
614 1833 763 1913 βουλόμενοι
780 1838 830 1891 τῶν
845 1839 913 1915 ἀρα·
959 1860 1020 1907 αην·
1046 1835 1168 1910 δυνάμεις
1193 1834 1316 1906 δι’,καθ
1339 1833 1369 1898 ἀς
1389 1832 1530 1905 παθητικαί
1545 1834 1642 1891 τούτων
1666 1824 1732 1891 εἶναι

145 1926 195 1979 νῦν
212 1922 259 1990 τὴν
279 1926 308 1980 ἐκ
329 1925 380 1979 τῶν
396 1926 511 2001 φανερῶν
534 1921 695 1999 παρέχεσθαι
718 1920 817 1982 πίστιν.
859 1924 914 1982 hl·
959 1924 1106 2000 λεγόμεθα,
1120 1914 1172 1981 οἷον
1192 1923 1250 1980 καθ’
1274 1919 1484 1999 θςόργιζόμεθα,
1500 1919 1665 2000 φοόούμεθα,
1681 1923 1730 1993 ζη-

144 2010 203 2067 τίκα
218 2008 256 2049 252
275 2010 325 2085 γὰρ
339 2007 390 2066 ὑπὸ
408 2012 459 2065 τῶν
475 2008 640 2084 γυμνασίων,
654 2008 779 2065 πλειόνων
794 2031 821 2065 τε
843 2030 915 2085 γενο-
958 2016 1073 2087 λοῦμεν,
1095 2015 1146 2069 τῶν
1170 2010 1292 2068 τοιούτων
1317 2013 1401 2068 ὁτιοῦν
1415 2007 1590 2085 πεπόνθαμεν·
1612 2006 1674 2075 ἔξεις
1689 2008 1733 2078 δι’,

146 2095 230 2171 μένων
250 2091 267 2165 ἢ
291 2094 446 2165 ἐλαττόνων,
470 2092 616 2175 φθείρεσθαι
640 2091 686 2164 τὴν
705 2094 788 2173 ἰσχύν·
803 2094 848 2151 καί
870 2095 913 2152 ἐπί
938 2094 941 2193 ψ
959 2102 1018 2159 καθ’
1033 2099 1063 2165 θς
1075 2098 1138 2176 πρός
1151 2096 1236 2155 ταῦτά
1250 2120 1304 2162 πως
1318 2094 1426 2175 ἔχομεν,
1437 2095 1482 2153 καλ
1493 2097 1537 2173 ἀφ’
1553 2084 1618 2165 dari
1634 2092 1732 2153 τούτων

144 2186 196 2239 τῶν
217 2187 303 2240 ποτῶν
327 2181 371 2240 καὶ
393 2182 481 2239 σιτίων
502 2181 635 2246 ὡσαύτως·
660 2181 785 2238 πλειόνων
802 2178 841 2215 ²⁵³
862 2181 914 2261 γὰρ
939 2186 1073 2264 [ἐνέργεια
1094 2176 1122 2243 ιθ
1142 2182 1259 2253 tratri<
1273 2185 1448 2241 ἀποτελεῖται.
1492 2184 1534 2240 Δι’
1547 2180 1570 2252 ὅ,
1585 2183 1608 2238 εἰ
1622 2180 1669 2255 μὲν
1683 2179 1730 2238 nl-

144 2268 359 2349 προσφερομένων
380 2264 396 2338 ἐγ
413 2268 556 2327 ἐλαττόνων
573 2266 721 2346 ψίλείρεῦῦαῑ
738 2266 784 2337 τὴν
801 2266 915 2342 ὑγίειαν,
928 2282 941 2319 Ἰ
959 2282 1010 2338 kap<
1022 2297 1061 2337 τις
1074 2272 1202 2352 ὀργίζοιτο
1217 2269 1329 2350 ῥᾳδίως,
1345 2267 1414 2327 ὥστε
1429 2268 1471 2329 ἐπὶ
1488 2268 1583 2342 παντί,
1603 2268 1648 2325 καὶ
1661 2268 1730 2327 πάγ-

146 2357 300 2436 συμμέτρων
316 2355 354 2392 222
376 2356 402 2415 δὲ
427 2360 479 2414 τῶν
502 2357 647 2433 εἰρημένων
670 2354 765 2429 όντων,
790 2354 916 2423 σώζεσθαι
960 2384 1028 2430 τως,
1041 2360 1091 2428 ’τὴν
1106 2358 1157 2426 ἕξιν
1173 2358 1205 2415 θν
1225 2356 1295 2437 ἔχων
1310 2356 1402 2437 φανείη
1438 2356 1485 2424 τὴν
1499 2361 1545 2427 τῆς
1559 2355 1731 2434 ὀργιλότητος·

146 2444 193 2515 τήν
208 2466 235 2502 τε
250 2443 324 2523 ίοχὺν
340 2444 384 2501 καί
399 2442 446 2513 τὴν
457 2442 565 2521 ὑγίειαν
582 2442 774 2518 παραπλησίως
787 2434 832 2499 οὑν
844 2443 914 2521 ἔχειν
961 2448 983 2503 εἰ
996 2446 1023 2504 δὲ
1035 2446 1131 2516 οὑτως,
1149 2442 1216 2503 ὥστε
1238 2443 1336 2519 μηθίν,
1353 2442 1419 2520 μηδὲ
1443 2441 1484 2479 ²⁶⁰
1499 2444 1537 2521 ἐφ’
1553 2447 1668 2521 ὁτῳοῦν,
1684 2443 1733 2511 τὴν

146 2532 243 2590 καὶέπὶ
254 2538 300 2603 τῆς
312 2529 490 2610 σωφροσύνης,
505 2530 550 2588 καί
562 2526 693 2609 ἀνδρείας,
708 2529 813 2587 καὶτῶν
828 2530 915 2587 ἀλλων
960 2537 1006 2603 τῆς
1021 2534 1157 2616 paenulae·
1178 2532 1326 2610 ἀμφοτέρας
1348 2530 1371 2588 δ’
1382 2522 1448 2602 εἶναι
1472 2529 1588 2608 ψεκτάς,
1608 2531 1735 2588 ’ἐπαινοςμ

146 2622 252 2697 ἀρετῶν.
293 2617 347 2677 Τόν
362 2618 408 2692 μὲν
423 2618 473 2695 γθιρ
486 2622 599 2674 τοιοῦτον
611 2614 675 2675 όντα
687 2616 734 2686 τὴν
747 2615 833 2696 φύσιν,
848 2615 916 2675 ὥστε
961 2620 1042 2693 με’νην
1062 2620 1089 2677 δὲ
1110 2619 1160 2687 ἕξιν
1175 2617 1301 2697 ὑπάρχειν
1320 2617 1367 2687 την
1381 2615 1532 2695 πραότητα,
1549 2614 1606 2673 καθ’
1633 2615 1665 2685 ἣν
1690 2615 1735 2674 ότι

148 2706 214 2781 μηδὲ
230 2705 271 2763 τόν
292 2704 415 2784 κεραυνθν
434 2702 583 2785 ρούεῖσθαι,
598 2704 771 2781 μαινόμενον,
793 2704 850 2761 ἀλλ’
870 2708 917 2764 οὑκ
961 2706 1014 2775 θεῖ’,
1035 2705 1079 2764 καλ
1101 2709 1135 2771 ὡς
1149 2708 1198 2776 δεῖ,
1213 2705 1259 2763 καὶ
1278 2696 1367 2777 ridet,
1383 2706 1544 2782 ὀργιζόμεθα.
1560 2702 1657 2777 Διόπερ
1673 2702 1735 2769 ἔξεις

147 2794 262 2870 ἀνδρεῖον
288 2782 364 2861 εἶναι·
386 2794 431 2850 τὸν
455 2793 478 2849 δ’
504 2790 617 2863 ἔμπαλιν
640 2792 727 2850 πάντα
750 2789 917 2870 ροόούμενον,
961 2785 1027 2852 ε’ίναι
1038 2795 1084 2859 τὰς
1099 2791 1209 2871 ἀρετάς,
1223 2793 1266 2870 ἀφ’
1275 2815 1311 2849 ων
1325 2790 1372 2856 τάς
1385 2794 1411 2849 ἐν
1425 2798 1477 2855 τοῖς
1488 2790 1594 2849 πάθεσιν
1608 2784 1736 2868 ἐνεργείας

146 2880 214 2937 ὥστε
228 2881 273 2939 καὶ
287 2878 332 2949 τὴν
354 2880 445 2951 σκιάν,
468 2881 561 2952 ἀγεννῆ
585 2878 629 2936 καί
652 2878 743 2936 δειλόν·
765 2878 879 2957 ἀνδρεῖον
894 2880 917 2936 δ’
961 2882 1121 2939 ἐπαινεῖσθαι
1131 2877 1305 2955 συμὺίύηκεν.
1321 2876 1397 2937 Ἐπεί
1414 2867 1458 2935 οῦν
1472 2880 1489 2947 ἡ
1505 2876 1583 2953 ἀρετὴ
1600 2880 1650 2933 τῶν
1667 2900 1737 2957 πρα.

148 2967 374 3045 θμθλθγθνμίνως,
386 2967 429 3025 τὸν
444 2965 509 3042 μήτε
521 2967 608 3025 πάντα
618 2964 685 3040 μήτε
699 2965 782 3050 μηδὲνΙ
792 2965 918 3045 ροόούμε·
961 2973 1072 3043 κτικῶν,
1085 2980 1172 3028 πᾶσαν
1183 2968 1210 3025 δὲ
1224 2967 1318 3045 πρᾶξιν
1332 2968 1358 3024 ἐν
1372 2965 1492 3046 συνεχείᾳ
1503 2971 1653 3044 θεωρεῖσθαι
1664 2988 1736 3040 συμ-

146 3079 200 3115 νον.
242 3057 323 3112 Ταῦτ’
338 3054 389 3134 ἀρα
402 3055 446 3112 καὶ
464 3053 548 3122 αὔξειν
562 3054 607 3111 καί
626 3055 735 3133 φθείρειν
750 3053 796 3124 τὴν
810 3055 915 3132 ἀρετήν,
962 3055 1074 3127 ὑέόηκε,
1090 3055 1185 3121 παντὸς
1202 3053 1228 3112 δέ
1244 3058 1368 3132 συνεχοῦς
1385 3051 1474 3132 ὥσπερ
1490 3053 1584 3119 ἐντοῖς
1603 3053 1736 3130 μεγίθεσιν

147 3141 214 3202 ὥστε
229 3141 287 3208 τοὺς
301 3141 347 3217 μίν
370 3141 487 3219 μετρίους
505 3139 597 3220 φόὺους
620 3140 704 3209 αὔξειν
714 3140 766 3227 Ιτιλν
781 3141 916 3220 ἀνδρείαν,
942 3199 946 3204 ,
962 3134 1029 3202 εἷναί
1041 3167 1098 3202 τινα
1112 3141 1257 3222 ὑπερόολὴν
1275 3143 1321 3200 καὶ
1340 3142 1452 3219 ἔλλειψιν
1467 3141 1512 3200 καὶ
1533 3141 1680 3226 μεσότητα,
1693 3140 1739 3199 καί

148 3365 192 3422 sit,
209 3363 250 3413 sed
263 3361 484 3416 secundumdeeem
504 3361 633 3423 categorias
647 3361 821 3422 distinguantur
836 3380 842 3410 ι
856 3375 922 3410 cour-
965 3363 1094 3428 enimcum
1104 3363 1145 3425 qui
1156 3362 1198 3412 tali
1209 3367 1294 3411 natura
1302 3362 1341 3422 sit,
1357 3364 1385 3411 ut
1394 3374 1427 3410 ne
1436 3361 1526 3410 tulmen
1538 3360 1635 3422 quidem
1646 3361 1739 3420 tharai,

149 3449 215 3500 muni
228 3451 291 3499 euim
305 3449 421 3499 vocabulo
433 3448 496 3498 huna
513 3448 609 3510 quidem
625 3461 652 3497 ea
671 3447 801 3510 appellari,
816 3450 857 3498 sed
876 3450 921 3499 etsi
965 3451 1076 3500 insanum
1099 3463 1226 3510 vocamus,
1246 3463 1276 3498 au
1298 3461 1346 3498 nco
1370 3448 1471 3508 toriem,
1494 3454 1577 3497 eontra
1600 3446 1642 3509 qui
1658 3447 1739 3496 omnia

149 3537 205 3586 talia
222 3538 343 3585 cummuni
356 3537 451 3585 tautum
463 3535 558 3585 nornine
573 3534 720 3595 afficiantur,
739 3541 818 3584 muron
835 3549 920 3585 eorum
965 3536 1087 3597 ipsamque
1099 3535 1224 3591 umbram,
1237 3535 1348 3596 ignarum
1361 3547 1389 3582 ae
1402 3533 1529 3582 timidum:
1546 3533 1580 3582 sic
1591 3546 1619 3582 es
1631 3533 1741 3582 coutaaso

150 3623 266 3673 rationem
275 3625 432 3684 naturamque
443 3621 721 3672 nominiscommunioue
733 3635 784 3671 esse
794 3621 921 3674 diuersam.
967 3624 1052 3672 tortam
1064 3625 1104 3684 qui
1125 3635 1203 3684 neque
1216 3622 1296 3671 amnia
1315 3634 1394 3682 neque
1407 3620 1466 3670 nthit
1490 3619 1636 3670 relormidet.
1682 3623 1739 3668 ilaec

181 3709 225 3758 ilia
241 3708 314 3770 igitur
326 3709 450 3771 explicatis
460 3722 489 3757 ea
501 3721 555 3769 quae
571 3708 601 3757 ad
618 3705 722 3758 ethicam
742 3710 854 3758 virtutem
871 3723 921 3773 per·
965 3711 1037 3771 igitur
1048 3712 1192 3759 rirtrrtemet
1202 3721 1287 3770 augere
1300 3712 1325 3757 et
1331 3709 1496 3768 exstinguere,
1509 3706 1576 3756 itaut
1585 3704 1673 3755 modici
1685 3708 1739 3769 qui-

150 3796 228 3845 tineut
247 3795 379 3844 accuratius
400 3795 565 3858 pertractanda
587 3800 652 3845 sunt.
686 3798 755 3845 itanc
774 3795 838 3844 enim
858 3797 922 3846 circa
966 3798 1021 3847 dem
1031 3798 1127 3845 timores
1141 3794 1305 3844 tortitudinem
1313 3799 1431 3856 augeant,
1445 3793 1547 3855 majorca
1558 3797 1639 3843 nutem
1653 3807 1682 3843 ac
1693 3796 1741 3843 mi·

150 3884 224 3932 animi
233 3886 323 3946 partem
340 3885 430 3933 ratione
443 3889 563 3934 carentem
580 3884 668 3933 versari
689 3884 848 3943 arbitrantur,
862 3897 923 3946 quo·
969 3897 1040 3933 noros
1053 3883 1213 3944 exstinguant.
1233 3881 1348 3949 similiter
1365 3881 1436 3929 etiarn
1450 3880 1475 3928 iu
1488 3881 1585 3943 reliquis
1596 3879 1739 3943 uirtutibus,

152 3970 216 4019 uiam
229 3970 367 4033 bipartitum
381 3965 476 4020 ad'eam
488 3966 677 4033 disquisitionem
695 3971 802 4019 animuin
815 3976 922 4034 ponunt,
966 3981 1070 4031 quarum
1080 3980 1161 4016 reram
1178 3968 1226 4016 rim
1237 3967 1382 4017 abundantia
1399 3967 1497 4029 quidem
1516 3972 1541 4018 et
1552 3967 1631 4028 iuopia
1648 3968 1742 4028 penitus

151 4058 241 4107 ratione
250 4057 377 4119 praeditum
386 4059 579 4107 eteacareutem.
590 4061 667 4120 hique
676 4059 700 4108 iu
708 4057 817 4107 rationaii
825 4047 922 4121 quidem
968 4055 1229 4117 iraupi,mediocrttate
1242 4067 1299 4103 εειο
1312 4055 1393 4116 augeri
1402 4055 1559 4105 contendunt.
1599 4057 1743 4105 Nontamen
1784 4040 1808 4074 ‘¹

152 4148 217 4206 parte
241 4144 316 4193 inesse
341 4144 424 4193 retunt
440 4145 599 4207 probitatem,
627 4145 791 4208 prudentiam,
813 4147 926 4208 sagacita·
969 4143 1006 4191 his
1017 4142 1088 4191 modo
1099 4141 1191 4192 deduiri
1204 4142 1331 4200 uirtutem,
1343 4143 1385 4191 sed
1403 4142 1527 4205 voluptate
1540 4155 1636 4204 quoque
1649 4155 1678 4190 ac
1697 4142 1743 4189 do·

152 4233 216 4290 tem,
229 4230 377 4291 sapientiam,
394 4230 555 4291 docilitatem,
576 4231 713 4280 memoriam
729 4234 754 4280 et
769 4231 871 4293 reliquas
887 4245 925 4280 res
970 4229 1030 4280 tura.
1049 4231 1143 4292 Quippe
1157 4229 1189 4278 ob
1210 4229 1359 4291 voluptatem
1378 4231 1454 4279 muita
1471 4231 1584 4292 nequiter
1603 4243 1647 4279 uua
1665 4213 1768 4278 imre*

152 4316 258 4377 simites;
276 4315 299 4364 in
311 4316 440 4365 irrationali
458 4329 514 4367 vero
527 4317 706 4379 temperantiam
714 4355 722 4380 ,
737 4319 862 4378 iustitiam,
878 4319 925 4367 ior·
969 4321 1063 4367 mustei
1076 4320 1100 4366 et
1116 4323 1210 4381 propter
1220 4318 1324 4366 dotorem
1339 4319 1438 4366 tronmta
1450 4319 1546 4380 lugere;
1558 4322 1584 4366 at
1602 4329 1680 4380 nequo
1694 4316 1744 4365 rtr-

153 4402 278 4452 tttudinem
290 4405 315 4452 ct
330 4407 430 4452 emteras
445 4405 547 4453 uirtutes
559 4418 619 4466 quas
634 4405 724 4454 ethicas
734 4403 866 4454 nominant.
880 4408 927 4454 Fas
970 4407 1047 4454 tutem
1060 4419 1138 4468 nequa
1150 4406 1234 4454 riuum
1255 4405 1306 4454 sina
1320 4405 1402 4455 dolore
1419 4407 1463 4455 aut
1480 4406 1604 4465 voluptate
1619 4417 1705 4465 capere
1719 4406 1746 4452 et

152 4491 231 4538 autem
252 4490 330 4552 iuopia
348 4493 372 4540 et
385 4491 532 4540 abundantia
547 4493 623 4552 perire
641 4491 715 4552 ajunt.
756 4492 793 4541 hd
806 4491 869 4555 quod
886 4492 927 4546 de·
971 4494 1086 4555 consequi
1106 4506 1151 4542 uus
1170 4506 1255 4555 posaeq
1272 4494 1375 4556 ideoque
1394 4493 1506 4543 virtutem
1528 4494 1592 4541 circa
1612 4491 1746 4553 uoluptates

153 4578 332 4627 monstrandum
342 4591 455 4628 sensuum
471 4579 607 4628 testimonio
627 4582 735 4641 utuntur,
747 4582 774 4629 ut
791 4593 821 4629 ex
831 4581 929 4629 manite-
971 4580 1207 4629 etdotorearersari.
1239 4580 1284 4628 Sed
1299 4586 1326 4630 ut
1340 4579 1496 4642 philosophia
1511 4580 1591 4628 tecum
1609 4579 1651 4640 qui
1665 4578 1746 4628 eatde
1802 4633 1806 4639 ¹

153 4667 196 4713 stis
207 4664 307 4714 obscura
318 4666 482 4727 comprobent.
507 4669 590 4724 Quum,
600 4669 664 4716 cutm
678 4665 744 4715 uerbi
761 4667 836 4728 gratia
846 4680 927 4728 corpo·
972 4667 1009 4716 his
1021 4668 1092 4716 rebus
1102 4666 1222 4728 perspicue
1233 4671 1395 4729 exponerent,
1406 4680 1499 4728 eaquae
1509 4666 1539 4715 ad
1556 4667 1662 4714 animum
1673 4667 1746 4726 parti-

154 4753 186 4800 ria
197 4753 315 4801 exercitiis
326 4753 390 4816 justo
405 4754 441 4803 vet
460 4755 590 4814 maioribus
611 4753 647 4803 vel
674 4755 807 4804 minorihus
819 4767 927 4803 currum·
973 4757 1031 4804 ueut
1046 4753 1199 4816 disputationi
1215 4755 1364 4815 adiungenda
1378 4767 1429 4803 esse
1442 4753 1624 4814 existimabant,
1640 4753 1683 4802 tria
1693 4754 1747 4802 hcec

154 4841 224 4899 patur
242 4839 323 4898 robur,
341 4839 473 4902 eademque
488 4841 534 4890 cibi
554 4845 578 4890 et
599 4843 669 4903 potus
683 4843 744 4890 ratio
764 4843 809 4901 sit,
822 4842 887 4903 quia,
907 4842 928 4891 si
973 4841 1118 4890 affirmantes
1130 4841 1155 4889 iu
1167 4841 1291 4890 huminum
1305 4842 1391 4890 animis
1403 4841 1482 4896 cerui,
1493 4841 1602 4900 attactus,
1612 4840 1746 4899 iacuttatee,

153 4924 254 4974 nimium
268 4928 311 4975 aut
326 4940 410 4988 parum
424 4927 471 4976 eibi
488 4930 622 4989 potionisvc
634 4929 744 4990 sumitur,
755 4929 872 4977 amittitur
884 4941 928 4977 va·
975 4930 1078 4979 habitus.
1097 4931 1128 4978 et
1143 4929 1244 4978 atterius
1258 4928 1357 4990 quidem
1372 4941 1423 4978 erae
1436 4931 1511 4989 tram,
1527 4931 1632 4989 metum,
1644 4928 1745 4986 odium,

154 5012 249 5071 letudu,
267 5014 302 5062 sin
327 5014 447 5064 modicum
461 5015 542 5064 citrum
556 5020 580 5064 et
596 5018 677 5076 protum
697 5015 853 5074 adhibemus,
875 5029 930 5065 eon
973 5016 1132 5077 desiderium,
1150 5016 1344 5076 aemulationem,
1363 5014 1549 5076 misericordiam
1569 5019 1641 5078 atque
1660 5016 1745 5064 borum

154 5103 264 5150 servatur
287 5099 360 5150 robur
375 5105 399 5152 et
409 5101 520 5152 valetudo
542 5120 548 5150 ι
572 5101 655 5151 εοθειιι
674 5105 741 5162 pacto
759 5103 783 5151 iu
797 5106 930 5165 temperata·
974 5103 1074 5165 simllla,
1088 5103 1176 5164 quihus
1188 5104 1297 5164 voluptas
1311 5106 1336 5153 et
1349 5103 1417 5152 dolor
1428 5104 1526 5154 comites
1536 5103 1691 5162 adhaereant,
1706 5101 1743 5150 ta·

154 5187 202 5247 tia,
223 5187 361 5237 tortitudine
373 5191 396 5238 et
411 5189 509 5251 reliquis
522 5189 650 5238 uirtutibus
664 5202 713 5237 rern
722 5203 747 5239 se
758 5190 851 5240 bahem.
894 5191 927 5239 nt
974 5190 1076 5240 euitatos
1089 5202 1160 5251 aero,
1173 5189 1260 5252 quihus
1270 5191 1361 5254 praediti
1371 5192 1408 5240 his
1423 5192 1640 5254 perturbationibus
1654 5189 1746 5240 insellari
