3959 5925
149 3298 157 3308 .
273 3261 357 3318 χρῆται
374 3261 403 3318 τῇ
420 3263 530 3320 μουσικῇ.
551 3258 658 3308 AElianus
672 3272 723 3308 νοτ.
737 3260 793 3312 bisi.
805 3263 845 3312 lib.
860 3265 918 3314 xlv
936 3277 990 3327 tup-
1007 3271 1055 3315 ²³³

230 4030 234 4039 ¹
278 4033 288 4048 U

269 320 386 414 κριοί
710 348 719 367 ’
911 350 963 410 nn
986 350 1224 411 νντινκοοιικ

189 472 205 543 .’
268 492 374 545 iratum
387 489 500 563 placare
515 500 705 544 consueverat
717 486 788 561 (9ο).
801 485 945 554 Quocirca
954 503 1049 560 neque
1095 504 1174 541 mare
1197 504 1255 541 non
1280 486 1384 543 ausim.
1399 485 1494 554 Quum
1510 504 1582 543 vero
1602 485 1792 562 Pythagorici
1815 489 1888 546 sor·
1968 499 1969 502 ’

224 582 229 591 ’
268 574 426 651 castigabat
467 594 640 651 quemquam
683 594 776 650 neque
812 571 952 651 puniebat
989 573 1048 630 nisi
1094 571 1369 630 tunaemobilitatem
1378 572 1558 650 humanique
1567 574 1680 649 generis
1691 575 1889 650 fragilitatem
1968 631 1969 660 ,

267 665 365 722 animo
381 661 438 742 (91)
452 662 488 719 ab
511 663 556 719 ira
579 676 725 721 revocato.
742 662 837 731 Ouum
862 673 956 719 autem
982 680 1048 718 sua·
1094 660 1272 734 cogitantes,
1289 682 1354 719 cum
1377 661 1506 738 ejusdem
1535 674 1619 719 sectae
1643 661 1832 733 hominibus,
1858 666 1888 721 si

267 750 355 808 vibus
365 763 450 826 atque
461 750 599 807 modestis
611 749 867 825 moribusvitaque
877 748 1050 825 incorrupta
1096 746 1169 803 sorte
1195 748 1357 812 calamitate
1379 748 1479 806 afflicti
1502 761 1531 806 et
1551 749 1587 806 ad
1613 750 1743 827 inopiam
1766 752 1890 809 redacti
1968 803 1969 814 ,

266 851 356 908 esset,
372 839 461 895 multa
475 857 533 895 non
548 839 640 913 magis
655 836 810 915 probitatis
830 855 916 911 quam
932 836 1049 891 munili-
1093 847 1205 908 essent,
1226 836 1352 894 libenter
1375 850 1512 914 tanquam
1539 856 1605 895 cum
1633 835 1772 922 iratribus
1798 838 1890 898 bona

267 926 368 985 centias
382 927 557 984 documenta
570 926 651 985 dedit
662 928 734 1003 (92).
750 925 866 981 Accedit
879 922 958 1000 quod
971 941 987 980 a
998 943 1057 981 ve*
1094 942 1145 989 sua
1159 925 1340 1002 partirentur
1355 944 1363 983 ι
1379 926 1491 984 Cliniae
1505 944 1624 1002 quoque
1640 926 1727 984 Prori
1743 927 1890 1004 Cyrenaei
1968 919 1969 986 l

268 1012 336 1073 nere
355 1013 516 1072 abhorruit.
537 1015 735 1089 Interrogatus
758 1012 835 1076 enim
856 1010 978 1088 ¹quando
1002 1004 1050 1070 res
1094 1013 1261 1071 tenuitatem
1274 1033 1290 1071 e
1304 1014 1365 1071 suis
1379 1012 1492 1072 divitiis
1506 1014 1688 1073 sustentavit.
1703 1014 1783 1073 ticet
1797 1018 1887 1074 enim

226 1124 228 1127 ·
266 1123 333 1161 cum
359 1123 451 1160 uxore
488 1103 621 1161 habenda
650 1115 742 1172 esset,
771 1100 922 1177 respondit
948 1122 955 1156 :
982 1120 1049 1158 cum
1095 1119 1245 1175 nunquam
1262 1113 1346 1157 antea
1366 1100 1648 1159 vidissethominem
1664 1123 1670 1157 :
1687 1114 1782 1159 tamen
1806 1106 1890 1180 quia

267 1192 394 1250 maxime
420 1194 521 1251 vexari
547 1192 629 1250 voles
660 1190 731 1265 (93).
759 1189 951 1247 Aristoxenus
979 1201 1051 1247 teste
1094 1200 1122 1245 et
1136 1187 1349 1265 Pythagoreum
1363 1206 1425 1246 esse
1434 1202 1462 1245 et
1477 1188 1584 1272 opibus
1595 1189 1656 1247 suis
1671 1208 1738 1247 casu
1749 1192 1888 1266 quodam
1968 1263 1969 1266 γ

268 1280 400 1357 Diogene
419 1280 534 1339 Laertio
549 1279 608 1357 (94)
625 1280 655 1336 in
671 1278 887 1335 commentariis
902 1277 1051 1336 historicis
1095 1276 1241 1352 privatum
1257 1276 1289 1333 in
1304 1294 1416 1333 summa
1440 1289 1607 1353 paupertate
1628 1277 1730 1335 vivere
1752 1278 1830 1336 sama
1858 1294 1891 1337 et
1968 1283 1969 1302 ³

267 1368 414 1426 memoriae
428 1367 575 1447 prodidit,
588 1366 737 1424 Platonem
753 1366 911 1423 Democriti
928 1366 1048 1443 scripta,
1095 1362 1244 1421 auditione
1258 1378 1422 1442 acceperat,
1439 1384 1475 1421 ex
1487 1364 1571 1423 ltalia
1586 1364 1715 1442 Cyrenas
1728 1366 1889 1443 proiectus

268 1474 448 1534 quaecunque
461 1456 598 1531 colligere
612 1455 771 1531 potuisset,
784 1454 914 1512 voluisse
929 1453 1050 1512 combu·
1100 1451 1165 1507 viro
1179 1450 1308 1527 ejusdem
1324 1454 1473 1531 sapientiae
1488 1453 1618 1511 studioso
1631 1453 1767 1529 grandem
1783 1475 1891 1531 pecu-

267 1563 347 1614 rere,
363 1544 414 1602 sed
436 1543 579 1621 abJ'ecisse
604 1544 660 1601 hoc
684 1543 855 1614 consilium,
874 1543 1001 1619 Amyclae
1024 1556 1052 1601 et
1096 1540 1173 1597 niam
1195 1540 1316 1597 donavit
1337 1540 1406 1618 (96).
1427 1540 1508 1618 Talis
1523 1542 1613 1615 igitur
1629 1540 1758 1616 tantique
1779 1540 1891 1617 philo·
1968 1533 1969 1592 l

203 1653 204 1656 ¹
268 1629 372 1688 Cliniae
385 1631 646 1707 Pythagoricorum
662 1620 833 1688 auctoritate
855 1643 1046 1699 commotum,
1096 1626 1181 1704 sophi
1211 1627 1327 1686 elibro
1357 1629 1393 1687 de
1423 1631 1573 1688 sanctitate
1601 1641 1630 1685 et
1655 1629 1760 1705 pietate
1786 1650 1891 1689 unum

230 1752 235 1761 ·
269 1719 320 1793 qui
336 1720 410 1776 nihil
427 1719 458 1776 id
473 1710 578 1776 allerre
592 1718 726 1776 utilitatis
739 1717 884 1787 dicerent,
897 1718 966 1794 quia
980 1717 1052 1776 libri
1097 1734 1248 1792 superesse
1260 1729 1346 1795 caput
1365 1718 1411 1775 vel
1425 1719 1523 1795 potius
1543 1718 1638 1775 lacera
1650 1715 1780 1803 membra
1791 1720 1891 1780 vehe-
1968 1771 1969 1774 ,

269 1806 314 1863 illi
337 1805 398 1882 jam
432 1805 509 1883 apud
539 1806 683 1883 plurimos
717 1808 925 1883 reperirentur.
963 1805 1053 1864 Addit
1098 1817 1209 1862 menter
1219 1805 1359 1867 dolemus.
1968 1819 1969 1826 ’

269 1894 401 1953 Laertius
425 1891 561 1970 quamvis
581 1906 710 1951 veterum
728 1894 788 1950 lere
803 1893 936 1950 omnium
950 1894 1052 1951 memi-
1130 1894 1279 1950 {latorem
1301 1894 1532 1970 Pythagoreum,
1549 1896 1720 1972 scriptorem
1747 1897 1891 1977 luculen·
1968 1961 1969 1970 γ

268 1983 346 2039 uerit
358 1981 460 2058 Plato,
473 2000 615 2058 nusquam
631 1994 724 2039 tamen
741 2000 806 2038 eum
826 1980 984 2038 Democriti
1005 1978 1053 2055 je·
1097 1993 1176 2051 tum,
1193 2000 1210 2038 e
1224 1980 1308 2057 cujus
1324 1983 1523 2041 voluminede
1535 1982 1691 2061 prudentia
1705 1996 1734 2040 et
1744 1982 1893 2045 felicitate
1968 1989 1969 2064 f

270 2070 344 2127 cisse
379 2071 572 2140 mentionem,
599 2088 635 2126 ne
666 2070 704 2127 iis
731 2069 848 2145 quidem
877 2069 969 2135 locis,
989 2068 1054 2125 'ubi
1097 2065 1257 2144 fragmenta
1289 2069 1421 2147 quaedam
1454 2070 1586 2129 Stobaeus
1610 2072 1708 2147 petiit,
1730 2070 1892 2132 diversum

270 2155 391 2235 obloqui
401 2157 576 2229 eidebuerit,
587 2178 645 2215 non
657 2162 804 2233 ignarum,
817 2177 847 2217 se
860 2178 924 2215 cum
936 2157 1049 2235 optimo
1098 2170 1233 2234 putamus
1255 2156 1292 2215 ab
1318 2159 1497 2218 Atheniensi.
1509 2159 1642 2235 Namque
1667 2158 1704 2215 de
1724 2159 1774 2218 illo
1796 2162 1894 2239 cujus

271 2244 513 2324 philosophorum
549 2245 691 2303 initurum
716 2254 779 2303 'esse
804 2258 957 2303 certamen.
980 2243 1054 2301 Vide
1098 2247 1217 2326 nomine
1231 2247 1313 2305 Plato
1335 2248 1483 2324 dialogum
1498 2248 1650 2324 inscripsit
1664 2268 1723 2304 non
1744 2251 1893 2327 estquod
1968 2311 1969 2314 ,

272 2354 336 2412 quae
349 2333 403 2390 hac
418 2334 497 2391 dere
518 2332 589 2391 alibi
605 2333 750 2411 disputavi
767 2332 837 2411 (95).
852 2333 957 2391 Verum
979 2352 1055 2409 quo·
1098 2331 1154 2390 hoc
1173 2334 1238 2391 loco
1259 2335 1444 2395 disseramus.
1458 2334 1531 2393 Vide
1554 2334 1713 2409 Diogenem
1735 2335 1893 2397 laertium
1968 2377 1969 2418 γ

272 2423 351 2479 niam
375 2422 543 2479 Aristoxeni
567 2421 786 2479 narratiuncula
809 2420 895 2479 fidem
922 2421 1054 2492 excedit,
1100 2419 1152 2481 lib.
1169 2420 1208 2493 ll,
1226 2422 1756 2483 raretFabric.Bibl.Graec.vol.ll
1773 2446 1805 2502 p.
1824 2430 1890 2499 715
1968 2435 1969 2442 ’

273 2508 304 2566 id
320 2508 399 2585 quod
419 2507 454 2565 de
470 2508 568 2566 Clinia
587 2506 636 2565 hic
657 2508 781 2567 refertur
802 2528 857 2586 pro
876 2521 955 2567 certo
972 2509 1055 2566 affir-
1099 2508 1146 2568 ed.
1166 2510 1244 2569 Harl.
1259 2511 1458 2588 Pythagoreus
1479 2523 1573 2568 autem
1589 2510 1706 2588 quando
1724 2512 1836 2571 vixerit
1862 2530 1894 2573 et

1100 2612 1239 2673 quantum
1257 2598 1344 2658 libris
1358 2599 1445 2657 editis
1459 2597 1653 2677 philosophiae
1667 2599 1764 2657 lumen
1780 2604 1894 2660 attule-

272 2704 325 2753 μοι.
345 2699 375 2743 ae
393 2692 431 2741 ed.
445 2692 632 2756 Gratti-(90)
649 2692 778 2744 Allienum
794 2694 834 2744 lib.
848 2698 903 2745 xlv
916 2708 940 2757 p.
956 2700 1001 2745 tat
1018 2699 1055 2746 F:
1099 2684 1154 2759 rit,
1169 2688 1382 2765 incompertum
1402 2684 1613 2767 habemnsDe
1635 2687 1750 2763 reliquo
1772 2688 1893 2750 Stobaei

1968 4654 1969 4699 l

1968 4704 1969 4731 l

1968 4768 1969 4809 l

271 2761 376 2819 ¹0-th
401 2768 457 2825 ταῡν
475 2766 488 2813 ⁶
510 2764 682 2827 Πνθανόιιιιατκ
702 2768 734 2821 tx
755 2767 893 2827 Χαμαιλέων
912 2767 1057 2823 suamne
1100 2771 1275 2832 membranae
1289 2776 1319 2832 in
1335 2774 1492 2849 Florilegio
1506 2774 1583 2834 inter
1596 2771 1725 2833 Critonis
1736 2788 1764 2831 et
1778 2776 1893 2834 Dama-

271 2835 423 2921 ῑσῖλίεῖικαῖ
437 2840 472 2898 τῷ
485 2835 664 2919 βίῳδωίέίωνι
677 2836 896 2923 ελποτῗσυνέὸαίῗε
909 2838 1057 2925 χαὶεπίίνῑῐν
1100 2862 1124 2919 si
1168 2863 1176 2919 i
1211 2864 1243 2921 in
1271 2863 1339 2920 Eclo
1361 2865 1385 2922 's
1409 2865 1486 2922 inter
1510 2863 1640 2922 Critonis
1664 2878 1693 2922 et
1716 2865 1894 2929 Charitonis

270 2920 341 2953 αντον
353 2906 384 2953 δι’
397 2906 477 2968 ὀργήν,
490 2906 658 2970 usurpantur
676 2925 716 2967 την
730 2911 799 2972 λυραν
819 2910 939 2973 ἐκιθαριζε.
954 2914 1015 2975 Προς
1031 2910 1057 2961 δὲ
1127 2882 1193 2964 pp)
1341 2884 1369 2939 gl
1591 2926 1594 2930 '

271 2977 323 3032 τοὺς
332 2976 492 3034 ἐπιζητοῦντας
503 2980 544 3036 τὴν
552 2979 628 3028 αἰτίαν
635 2979 707 3038 ἔλεγε,
718 2999 729 3020 «
739 2980 874 3042 Πραύνομαι
884 2994 906 3024 ν·
913 2984 972 3030 καίθ
982 2983 1056 3042 Ὀμη·
1099 2969 1219 3009 ”mmm
1232 2951 1382 3043 fluctuant?
1547 3041 1553 3051 Ι

272 3047 333 3109 μκὸς
345 3047 369 3095 δὲ
388 3049 502 3110 Ἀχιλλεὺς
512 3053 542 3111 τῇ
553 3049 636 3112 κιθάρα
652 3050 835 3114 κατεπραύνετο,
849 3052 876 3109 ἣν
893 3051 993 3113 atrata
1008 3057 1056 3101 κον
1141 3042 1226 3096 Polus
1249 3040 1381 3099 Lucanus
1395 3041 1619 3120 Pythagoricus,
1637 3061 1674 3100 ex
1689 3043 1772 3120 cujus
1785 3046 1823 3103 de
1835 3047 1892 3123 ju·

275 3117 401 3171 Ἠιιίιιναι
417 3119 522 3180 θανιίιαιιν
540 3117 612 3180 nima
624 3120 729 3182 Ὄμηρος
750 3121 882 3184 χαρίζεται,
894 3125 1057 3175 aerumnam
1100 3127 1181 3186 stitia
1197 3130 1414 3188 commentariis
1434 3141 1521 3206 caput
1537 3131 1706 3206 praeclarum
1722 3134 1801 3209 apud
1811 3134 1894 3192 Sto-

272 3187 300 3235 τθ
319 3187 422 3246 πυρῶδες
441 3187 514 3236 αὐτοῦ
525 3187 660 3248 unvamma.
682 3189 758 3246 Miror
776 3196 832 3252 ”²⁴³⁹
849 3193 873 3240 tv
884 3193 961 3243 'MP
981 3197 1055 3258 ταύτῃ
1099 3213 1193 3274 baeum
1209 3231 1313 3288 exstat,
1335 3217 1502 3276 Graecorum
1522 3217 1676 3277 annalibus
1691 3219 1807 3294 ignotus
1829 3238 1892 3281 est.

274 3326 379 3382 Κλεινίας
391 3327 448 3390 ἀνὴρ
464 3328 493 3388 ἦν
511 3329 637 3384 σπουδαῖος
649 3331 689 3378 τὸν
702 3331 795 3393 τρόπον,
809 3335 964 3397 Πυθαγόρειος
977 3337 1002 3386 δὲ
1015 3338 1057 3395 τὴν
1099 3303 1217 3382 Qnippe
1231 3305 1366 3364 laudibus
1386 3305 1533 3364 celebrant
1554 3309 1755 3382 ⁰⁰g¹¹⁰mi¹¹em
1780 3311 1896 3386 ⁸⁰Ph5·

274 3396 366 3458 σοφίαν.
377 3397 453 3454 Οὗτος
463 3399 482 3446 el
491 3416 549 3448 nore
557 3401 589 3456 εἰς
602 3401 670 3463 ὀργὴν
678 3403 785 3465 προήχθη
794 3405 833 3452 καὶ
844 3406 906 3466 εἶχεν
915 3408 1058 3464 alatque&
1100 3405 1172 3450 stam
1208 3394 1447 3469 Agrigentinum,
1468 3393 1587 3470 Gorglae
1612 3393 1806 3471 discipulum,
1854 3403 1896 3476 dg

274 3468 359 3552 ἑαυτοῦ
378 3469 410 3523 είς
428 3469 499 3552 θυμὸν
510 3470 663 3554 ί)αγομένω,,
673 3476 889 3558 παραχρῆμαιπρίν
907 3477 922 3534 il
939 3477 1057 3534 ἀνάπλεως
1101 3501 1159 3558 quo
1175 3481 1246 3540 alibi
1259 3501 1388 3559 agemus,
1404 3483 1577 3560 Pytltagorae
1591 3485 1771 3543 assectatoris
1789 3487 1893 3548 vitain

273 3541 363 3656 {ml
377 3537 433 3602 Pil
442 3555 481 3658 Ὺ
492 3540 598 3641 ‘fifh‘
608 3541 922 3648 impraeputiatus-repar,
934 3549 975 3605 “l''
987 3549 1057 3636 tusus
1101 3582 1187 3646 atque
1201 3571 1232 3627 in
1247 3571 1358 3632 litteras
1373 3572 1476 3629 merita
1490 3572 1608 3630 silentio
1622 3584 1847 3650 pretereuntes.

291 3625 434 3673 ρμοσαμειο,
459 3613 567 3674 astupet.
578 3615 640 3676 Πρὸ,
647 3629 672 3660 οε
680 3631 732 3670 του,
742 3617 924 3678 πυνθανομινους
932 3621 973 3677 τὴν
981 3621 1058 3669 αιτίαν

274 3681 408 3744 ἀπεκρίνετο
422 3683 540 3745 ἐμμελῶς,
554 3684 591 3732 ὅτι
607 3685 747 3748 πραύνομαι.
761 3691 832 3734 Δοκεῖ
846 3688 871 3735 di
889 3704 928 3748 μοι
943 3691 983 3737 καί
1008 3691 1059 3739 etv
1141 3659 1249 3742 Taclmt
1266 3661 1335 3718 item
1350 3664 1462 3718 veteres
1476 3660 1512 3718 de
1523 3664 1596 3729 Μ’
1610 3659 1805 3737 pythagorim
1817 3667 1893 3724 ψ’

273 3749 353 3799 Ἰλιάδι
363 3750 477 3814 Ἀχιλλεὺς
491 3759 519 3816 τῇ
531 3755 614 3818 κιθάρᾳ
626 3756 759 3818 προσᾴδειν,
769 3758 847 3805 καὶτὰ
862 3759 919 3808 κλέα
936 3765 982 3808 τῶν
997 3776 1058 3824 προ-
1102 3747 1170 3804 tutis
1193 3751 1348 3823 magistro,
1374 3747 1458 3823 cnjus
1484 3747 1557 3806 duos
1581 3748 1701 3833 locos-e
1722 3748 1822 3808 libello
1853 3755 1894 3811 de

274 3822 347 3882 αιίιινν
356 3822 394 3871 δια
409 3827 450 3870 ἰιιῡ
466 3825 547 3885 μέλανι
562 3828 593 3882 εἷς
606 3827 697 3888 utitur
709 3827 785 3888 ἱανιῷ
796 3827 870 3889 tyni,
881 3829 922 3886 ιθν
935 3836 1002 3892 μῆνιν
1016 3848 1059 3879 ιιιι·
1102 3834 1318 3912 pulchritudine
1330 3828 1461 3893 Stobaus
1473 3836 1609 3893 servavit.
1623 3836 1683 3894 llos
1696 3835 1892 3899 librariorum

276 3894 729 4025 ἓᾚὲὲἰυσῗο),((83)κῖἨὸ
739 3899 834 4016 (ἑᾝ
849 3903 1059 4032 infflmgagf‘lgg’*
1102 3923 1187 4000 culpa
1198 3936 1351 4024 corruptos
1359 3924 1431 3981 meis
1442 3923 1623 3999 aliorumque
1632 3923 1893 3986 emendationibus

277 4049 320 4096 εφη
335 4033 358 4081 δὲ
371 4033 477 4093 λέγεσθαι
489 4035 529 4083 καὶ
541 4036 593 4097 περ)
608 4036 714 4086 Κλεινίου
729 4043 826 4088 τοιαῦτα
840 4039 904 4088 τινά·
914 4040 953 4089 κἀὶ
972 4041 1060 4092 ἐκεῖνον
1102 4024 1226 4071 mmm·

276 4103 444 4152 ἀναύάλλεοθαι
458 4103 534 4160 πείσας
543 4107 687 4164 νουθετήσεις
706 4123 731 4155 τε
745 4110 785 4156 καλ
796 4109 903 4167 κολάσεις
915 4113 946 4166 εἰς
964 4113 1006 4169 τὴν
1019 4119 1060 4171 τῆς
1143 4103 1249 4175 Bryson
1264 4100 1462 4174 Heracleotes,
1478 4101 1503 4158 sl
1529 4101 1598 4160 fides
1620 4100 1786 4161 dumblicho
1806 4108 1891 4185 (97),

275 4173 378 4229 διανοίας
401 4173 601 4224 ἀποκατάστασιν.
620 4176 689 4224 Doni.
710 4179 821 4227 uastam.
842 4178 872 4227 ed
891 4179 961 4228 Iliad.
978 4181 1019 4230 lib.
1037 4183 1060 4230 ll
1138 4241 1142 4248 g
1345 4189 1352 4196 '
1492 4180 1497 4194 '

277 4255 331 4304 pag.
345 4245 404 4294 1078
413 4243 452 4292 ed.
462 4247 531 4293 Rom.
540 4270 568 4280 -
581 4245 630 4308 (92)
645 4247 682 4295 cl.
691 4246 840 4298 lamblichus
854 4249 884 4298 de
896 4250 945 4299 rita
957 4251 1058 4312 Pytlrag.
1103 4256 1245 4316 [ιορωμαι.
1255 4255 1676 4318 108.-(9ο)ῠίοθοτοε51εο1υε1ίθ.
1686 4259 1771 4320 xepit.
1784 4267 1824 4308 tro
1834 4277 1841 4308 ι
1853 4265 1892 4310 ὅτι

276 4325 330 4375 sap.
344 4317 381 4364 ³3.
393 4338 424 4350 -
437 4314 486 4376 (93)
503 4315 647 4364 Plutarchus
663 4318 774 4380 Sympos.
785 4318 826 4366 lib.
837 4321 881 4381 lll,
892 4327 915 4381 6,
930 4325 944 4370 3
961 4322 1008 4370 rol.
1023 4324 1059 4371 xl
1102 4326 1195 4375 ἐπειδάν
1204 4342 1261 4382 τινες
1269 4330 1317 4375 τῶν
1326 4327 1432 4386 συνήθων
1441 4327 1468 4375 λιι
1478 4332 1519 4386 τῆς
1529 4327 1611 4383 οὐσίας
1622 4327 1754 4387 ἐκπέσοιεν,
1763 4331 1892 4392 διῃροῦντο

276 4395 329 4448 pag.
342 4389 384 4434 135
394 4385 433 4434 ed.
447 4387 546 4434 llntlen.
557 4386 625 4447 :iusi
638 4386 679 4446 μὲν
690 4388 715 4436 τὸ
727 4393 768 4437 τοῦ
778 4391 940 4453 Πυθαγορικοῦ
953 4384 1060 4441 Κλεινίου
1102 4396 1132 4444 τὰ
1140 4396 1249 4459 χρήματα
1260 4398 1337 4445 αύτῶν
1350 4399 1382 4452 ὡς
1395 4397 1451 4458 πρθς
1469 4397 1588 4460 ἀδελφούς.
1599 4397 1635 4445 Oti
1645 4397 1716 4460 uaros
1728 4400 1753 4447 at
1764 4403 1821 4463 πρὸς
1834 4402 1893 4457 τοὺς

276 4455 327 4504 λίαν
349 4456 451 4520 αρέσκει.
471 4457 570 4517 Λέγεται
583 4458 627 4520 γὰρ
642 4457 779 4523 ἐρωτηθείς,
793 4461 894 4519 ὁπηνίκα
912 4463 947 4512 δεῖ
960 4464 1060 4526 μάλιστα
1102 4466 1154 4514 καθ’
1168 4467 1256 4528 ἡμέραν
1276 4468 1432 4528 σνμύιοῦντας
1446 4471 1493 4515 τῶν
1505 4467 1628 4529 γνωρίμων
1643 4469 1752 4526 τοιαύτην
1764 4470 1832 4532 εἶχον
1845 4475 1893 4530 τὴν

276 4529 368 4586 γυναικί
378 4526 499 4590 προσιέναι
509 4563 517 4590 ,
529 4527 685 4591 ὅταν,ράναι,
698 4529 798 4591 μάλιστα
814 4532 928 4597 τυγχάνῃς
945 4535 1059 4597 βλαύῆναι
1102 4535 1212 4596 διάθεσιν,
1231 4536 1289 4585 ἀλλὰ
1303 4537 1405 4585 καθόλου
1421 4539 1478 4599 πρὸς
1496 4538 1585 4593 πάντας
1604 4538 1657 4593 τοὺς
1677 4543 1724 4586 τῶν
1741 4542 1893 4603 πραγμάτων

277 4599 425 4662 βουλόμενος.
436 4600 525 4663 -(9θ)
538 4601 656 4662 Diogenes
667 4602 776 4652 Laertius
790 4602 830 4652 lib.
840 4606 884 4662 ΙΚ,
895 4607 941 4654 to:
957 4604 1059 4668 Aptoao'·
1102 4605 1191 4655 τούτων
1201 4606 1368 4668 μετασγύντας.
1374 4606 1438 4658 lbid.
1447 4608 1495 4656 εὸτι
1503 4607 1619 4669 Κλεινίας,
1626 4611 1764 4672 Ταραντῖνος
1776 4611 1892 4671 τὸγένος,

278 4673 340 4728 ξενος
349 4673 403 4720 δὲέν
412 4679 462 4729 τοῖς
472 4675 596 4735 ἱστορικοῖς
605 4665 757 4737 ὑπομνήμασί
767 4690 831 4735 ρησι,
838 4674 954 4723 Πλάτωνα
964 4678 1059 4734 θελῆσαι
1103 4673 1135 4730 el<
1147 4676 1228 4725 δλτῶν
1244 4677 1272 4724 ἑκ
1290 4680 1333 4725 τοῦ
1349 4677 1516 4741 προειρημένου
1530 4678 1680 4739 συστήματος
1698 4679 1739 4739 ὢν,
1756 4680 1894 4740 πυθόμενος

278 4744 405 4807 συμφλέξαι
416 4745 445 4792 τὰ
458 4747 605 4809 Δημοκρίτου
619 4744 801 4809 συγγράμματα,
810 4745 888 4794 ὁπόσα
894 4747 995 4806 ἠδυνήθη
1008 4763 1076 4796 συν.
1103 4747 1200 4809 Πρῶρον
1217 4747 1258 4796 τὸν
1272 4748 1401 4809 Κυρηναῖον
1414 4747 1452 4797 διά
1464 4764 1516 4796 τινα
1529 4749 1650 4806 πολιτικὴν
1669 4748 1808 4811 περίστασιν
1827 4751 1893 4801 ἀπο·

278 4817 382 4874 αγαγεῑν·
404 4815 518 4876 Ἀμύκλαν
531 4815 556 4864 δὲ
572 4816 612 4864 καί
625 4816 733 4864 Κλεινίαν
751 4815 803 4871 τοὺς
821 4817 998 4880 Πυθαγορικοὺς
1014 4835 1060 4877 κω·
1102 4816 1222 4865 munera
1234 4817 1276 4876 τὴν
1291 4817 1371 4866 ούσίαν
1383 4819 1424 4869 καὶ
1438 4821 1521 4874 τελέως
1532 4819 1700 4882 ἀπορούμενον,
1710 4820 1855 4883 ἐξεδήμηοεν
1866 4823 1894 4870 ἐκ

278 4885 347 4932 λύσαι
367 4883 446 4944 αὐτόν,
466 4887 498 4941 ὡς
519 4885 585 4934 οὐδὲν
604 4885 696 4948 ὄφελος·
707 4886 770 4949 παρὰ
786 4887 881 4942 πολλοῖς
894 4887 940 4951 γὰρ
959 4887 1061 4937 εἶναιτὰ
1102 4892 1143 4946 τῆς
1155 4887 1254 4942 Ἰταλίας
1272 4887 1304 4943 είς
1326 4889 1431 4951 Κυρήνην
1445 4889 1504 4950 μετὰ
1524 4889 1648 4952 χρημάτων
1663 4893 1759 4947 ἱκανῶν,
1781 4892 1823 4939 καὶ
1848 4895 1894 4949 τὴν

280 4953 359 5016 βιύλία
374 4953 428 5010 ἢθη.
444 4957 491 5004 Καὶ
504 4956 572 5014 δῆλον
587 4957 624 5004 δι’·
637 4956 730 5004 πάντων
745 4957 789 5019 γὰρ
798 4959 882 5020 σχεδὸν
895 4963 942 5007 τῶν
956 4959 1061 5022 ἀρχαίων
1104 4957 1186 5006 οὐσίαν
1201 4958 1378 5016 ἀποκατέστησε
1391 4964 1426 5023 τῷ
1437 4954 1610 5023 προειρημένῳ,
1629 4961 1740 5009 οὐδέποτε
1751 4965 1837 5009 τοῦτον
1848 4963 1895 5011 θον·

280 5024 423 5085 μεμνημένος
438 5024 452 5072 d
465 5025 565 5074 Πλάτων
583 5026 686 5089 οὐδαμοῦ
706 5028 853 5091 Δημοκρίτου
872 5029 1060 5091 διαμνημονεύει,
1104 5028 1194 5093 ρακώς,
1209 5027 1302 5078 ἁκούων
1318 5030 1344 5078 δὲ
1359 5030 1429 5093 μόνον
1442 5030 1477 5078 ὅτι
1492 5031 1647 5095 Πυθαγόρειος
1667 5031 1703 5091 ἦν.
1722 5032 1767 5080 Καὶ
1781 5031 1852 5080 ἄλλοι
1867 5035 1895 5082 δὲ
1968 5038 1969 5095 J

280 5092 455 5144 tu’ottttvte
466 5095 685 5160 θντειπείντιαύτῷ
693 5098 833 5157 θέοι·δῆλον
841 5098 907 5154 εἰδὼς
918 5101 1012 5162 ῶςπρὸς
1020 5099 1059 5148 τὸν
1103 5099 1185 5148 πολλοὶ
1207 5098 1234 5148 τὸ
1250 5100 1411 5162 παραπλήσιον
1432 5101 1585 5158 πεποιηκότας
1609 5101 1841 5163 διαμνημονεύονται.
1860 5127 1893 5138 --
1968 5132 1969 5149 ι

280 5164 374 5228 ἄριστον
381 5167 444 5215 ούτω
453 5173 500 5216 τῶν
508 5167 638 5231 φιλοσόφων
647 5168 786 5230 ἐρίσαντα-
795 5170 844 5232 (95)
852 5169 922 5219 Gaul.
930 5167 1062 5220 Democrili
1105 5167 1364 5232 (autumationum.
1375 5172 1506 5234 Pylium.
1517 5176 1557 5222 23·
1766 5230 1769 5234 Α
