3959 5925
696 306 736 368 ns
756 303 929 366 rinnon
949 303 1150 371 ruanonu.
1612 283 1619 292 ’
1658 325 1713 378 211

114 442 232 500 donibus,
243 438 509 504 proptercupiditatem
525 437 597 500 lucri,
608 437 896 500 sessibuesuistlsmete,
916 441 920 457 ¹
938 438 988 489 tem
999 440 1103 491 extimos
1123 443 1225 507 llrnltes,
1240 443 1302 494 sicut
1322 443 1349 494 in
1368 444 1494 495 tammonis
1510 445 1637 508 ridemus,
1650 449 1676 499 et
1691 449 1717 501 in

116 527 320 595 membratimque
339 526 458 590 ennam,
473 525 560 589 anemis
575 528 601 577 et
610 523 743 576 remedltie
755 524 897 576 nouimus
940 527 995 590 ipso
1006 529 1107 580 mundo.
1139 531 1246 583 illenim
1260 533 1318 583 sunt
1333 533 1358 582 in
1374 533 1434 595 ipsis
1445 532 1551 583 materiis
1561 533 1717 600 medietates,

113 605 279 681 exornavere,
294 629 374 681 usquc
385 616 456 679 edeo,
467 620 496 667 ut
507 616 582 666 suam
594 614 696 667 niuosae
708 614 896 667 bominum-illo
938 629 996 681 qum
1006 617 1154 682 interpositas
1168 621 1243 670 totins
1255 619 1340 670 mundi
1358 633 1446 682 corpus
1465 621 1605 673 continuant
1620 623 1717 686 iugiter,

113 709 215 768 oebres,
231 705 431 769 turpissimeque
448 710 527 767 auus,
543 704 604 756 dese
622 704 836 768 consummarem,
853 703 896 754 cb
939 707 1046 782 suntque
1055 708 1118 758 inter
1132 707 1228 772 ignem,
1249 709 1274 759 et
1284 712 1389 770 lemna,
1408 708 1465 759 dum
1480 708 1633 771 medietates,
1646 711 1718 774 aeris,

83 831 92 852 ,
113 796 202 846 noxios
218 792 332 858 pusioni.
364 793 449 855 lteque
470 792 569 852 lectum,
587 795 617 843 ut
631 804 676 857 pro
695 792 783 855 erede,
794 803 850 855 quer
863 791 896 842 ab
938 795 964 845 et
974 806 1046 858 equas
1064 808 1142 859 :quae
1161 795 1248 848 menie
1264 797 1382 860 mamni,
1395 799 1604 860 connectuntque,
1617 798 1719 850 extimos

115 881 256 934 bominibus
275 878 378 930 debetur
393 877 483 929 dinae
503 878 678 943 providentius,
697 879 764 942 orsio
775 880 801 929 st
817 880 896 940 (111111,
939 881 1029 934 limites
1046 897 1053 928 ε
1077 883 1113 934 sio
1127 897 1185 934 cum
1205 885 1238 935 sit
1249 884 1393 949 immortele
1414 883 1504 934 animal
1526 886 1551 936 et
1573 885 1719 951 impatibile,

114 969 240 1032 mortisue
253 967 405 1032 perductus.
438 965 515 1028 cuius
527 967 616 1018 enoris
626 967 707 1031 opinio
717 957 795 1018 crevit
804 966 891 1017 incon-
938 967 1051 1034 idemque
1060 971 1215 1033 rationabile,
1225 971 1290 1036 qnod
1301 972 1399 1022 celeste
1407 956 1504 1034 dicitur,
1516 971 1649 1023 exsistente
1660 972 1719 1024 item

114 1058 232 1110 sonorum
241 1055 367 1107 bominum
381 1054 494 1105 rmitete.
939 1057 987 1109 elio
1004 1057 1115 1122 mortali,
1127 1059 1327 1123 passionibusque
1337 1059 1443 1111 obnoxio
1458 1072 1544 1122 geom
1554 1063 1639 1111 nestro
1655 1079 1662 1112 ε
1675 1073 1719 1112 ne-

146 1147 279 1197 cxxviii.
292 1144 353 1193 llaec
365 1141 397 1192 ed
407 1153 515 1205 presens
525 1141 593 1194 Plato
603 1141 702 1205 quidem
715 1140 746 1192 de
756 1141 897 1192 danaum
939 1159 1009 1215 mese
1018 1148 1071 1209 est,
1089 1146 1186 1211 aliquod
1204 1160 1280 1210 genus
1292 1147 1399 1199 medium
1416 1148 1481 1212 lore,
1494 1148 1559 1211 qnod
1579 1151 1629 1200 tem
1645 1148 1719 1202 cule-

114 1247 202 1298 geuere
212 1232 335 1284 dumrmt
348 1233 400 1282 llos
416 1233 500 1282 umen
514 1232 625 1294 oportet,
640 1232 686 1282 etsi
699 1243 748 1281 non
758 1243 897 1294 nsqumue·
939 1235 998 1297 stis,
1014 1248 1088 1298 quam
1105 1239 1221 1298 mene,
1235 1239 1328 1288 natnrae
1344 1237 1377 1287 sit
1392 1236 1524 1299 particeps;
1543 1234 1617 1298 idque
1634 1239 1659 1286 et
1676 1237 1719 1285 im·

116 1338 165 1388 quc
180 1335 274 1386 suere,
286 1334 371 1373 eornm
387 1321 494 1372 breviter
504 1321 623 1372 rationem
641 1320 846 1384 suplicemque
859 1324 898 1372 est
939 1323 1040 1374 mertile
1051 1336 1113 1386 esse,
1129 1327 1154 1375 et
1165 1323 1298 1374 obnoxium
1314 1323 1429 1387 passioni.
1472 1323 1537 1374 Telis
1551 1337 1623 1386 porro
1635 1325 1720 1374 natura

116 1411 267 1475 huiusmodi.
302 1410 416 1473 Quinque
426 1410 545 1473 repom,
555 1410 593 1460 rel
603 1408 680 1473 locos,
691 1409 755 1462 imm
763 1409 834 1461 Plelo
844 1423 898 1464 esse
940 1410 1079 1462 dmumnnm
1091 1413 1143 1473 est,
1156 1411 1251 1475 opinor,
1263 1411 1354 1462 babens
1365 1424 1423 1462 cnm
1433 1410 1558 1462 divinitate
1572 1411 1721 1462 consortium

116 1500 212 1552 dicitis
224 1499 324 1561 mundo,
339 1510 440 1564 capuces
452 1497 607 1560 animatum,
619 1497 739 1550 hebentes
748 1498 898 1561 aliquantam
940 1501 1039 1560 propter
1055 1497 1275 1560 immortalitatem,
1289 1497 1382 1549 babens
1396 1497 1470 1549 etlam
1482 1491 1539 1547 cuin
1553 1497 1661 1551 occiduis
1678 1512 1720 1549 co-

116 1585 374 1638 interseditterentiem
385 1585 540 1648 positionum,
552 1585 584 1634 ob
593 1583 752 1636 dlllmmtiem
759 1599 897 1651 corporum,
940 1583 1092 1645 mulionem,
1106 1584 1162 1646 quia
1173 1585 1211 1635 est
1223 1583 1333 1647 petibile,
1346 1596 1394 1635 nec
1403 1585 1537 1636 immunes
1552 1586 1720 1649 passionibus,

115 1688 174 1738 que
184 1673 317 1728 bbebitent
327 1671 425 1722 eosdm
435 1671 509 1721 loces.
541 1672 670 1722 &minum
677 1671 742 1723 enlm
753 1685 808 1724 esse
815 1673 897 1725 locum
941 1671 1011 1732 cujus
1019 1670 1120 1722 allectus
1132 1671 1203 1721 nobis
1214 1683 1311 1735 quoque
1322 1671 1436 1722 consulit.

117 1763 219 1826 altignis
229 1761 321 1826 smmi,
335 1759 393 1810 buic
410 1760 549 1823 proximum
564 1759 706 1822 ethereum,
721 1759 793 1822 cujus
806 1773 898 1827 corpus
971 1761 1079 1810 cxxiii.
1096 1757 1175 1822 nnius
1185 1771 1256 1823 porro
1269 1759 1362 1821 genesis
1376 1761 1415 1810 est
1425 1759 1486 1810 illud
1499 1760 1646 1822 aethereum,
1656 1761 1722 1825 qued

117 1861 172 1900 esse
190 1848 269 1911 ipsein
287 1859 373 1910 aeque,
384 1846 427 1897 sed
444 1847 566 1909 eliquento
585 1847 746 1908 cmsslcrem,
765 1862 839 1912 mam
860 1855 899 1902 est
940 1849 966 1898 in
979 1846 1148 1898 socoodolom
1161 1847 1405 1898 commemoravimus
1421 1848 1538 1910 positum,
1551 1861 1613 1912 qnos
1624 1849 1722 1900 Hebrui

116 1937 187 1986 altior
199 1934 241 1986 ille
264 1934 385 1996 culesds3
404 1931 492 1984 debinc
505 1933 568 1984 seris
587 1949 594 1980 ε
617 1937 674 1998 post
693 1936 817 1987 humectis
839 1937 898 1988 sub
941 1937 1030 1987 rocent
1038 1937 1135 1987 sanctos
1145 1936 1260 1999 ergnos,
1272 1937 1383 1998 steseqne
1394 1947 1436 1986 ees
1444 1934 1530 1987 dicunt
1544 1938 1600 1988 ente
1609 1937 1653 1988 liei
1667 1950 1723 1988 con·

116 2024 220 2085 sbnbu,
229 2035 302 2086 quens
309 2021 511 2087 Grucibppscios
520 2022 712 2086 appellantque
721 2025 898 2076 bumectasnb-
942 2025 1125 2088 temptationem
1133 2024 1290 2088 venerabilis,
1303 2037 1399 2076 mannae
1411 2027 1483 2090 etque
1492 2025 1541 2075 acri
1556 2025 1722 2088 intelligentia,
1802 2006 1805 2019 ’

117 2112 205 2162 stantia
220 2123 276 2162 ecre
295 2114 333 2162 est
345 2110 459 2173 mador,
482 2112 510 2161 ut
528 2110 561 2162 eit
581 2124 623 2163 ees
641 2112 688 2164 isle
700 2125 774 2176 quem
787 2111 899 2164 bomines
942 2112 1005 2163 mlre
1022 2112 1095 2164 etiem
1118 2111 1243 2164 memorie
1256 2113 1401 2173 tenacitate,
1427 2113 1499 2164 rebus
1518 2112 1616 2176 quidem
1635 2113 1723 2164 dirime

117 2199 304 2261 spirant:lmus
317 2209 390 2258 ses,
406 2199 481 2261 etque
496 2189 611 2260 ultimus,
624 2197 694 2249 iocus
712 2199 797 2249 terrie
836 2202 913 2259 Ques
941 2201 1318 2264 obseqoinmnesantessummu
1333 2200 1723 2264 sapientia,bnmsnisrempru·

118 2301 189 2350 porro
202 2287 228 2336 in
242 2285 303 2337 locis
310 2285 445 2336 merentia
457 2287 511 2347 est,
523 2284 606 2336 mdem
616 2291 642 2335 et
654 2285 681 2337 in
693 2286 900 2349 mesolmnmibus
941 2290 1183 2354 deuteropiiulantee,
1193 2289 1444 2353 selidemquespecula
1450 2289 1723 2352 tores,etesseoutores,

117 2373 254 2435 insonitum,
278 2374 384 2424 celestis
401 2373 533 2436 mutunus,
556 2371 646 2436 quippe
663 2374 706 2436 qul
728 2375 810 2426 snauh
835 2377 899 2427 intre
941 2377 1176 2442 nemonmopinor,
1185 2379 1300 2442 tanquam
1309 2378 1421 2440 δαήμονες
1433 2377 1499 2427 dicti.
1518 2377 1641 2440 Δαήμονας
1651 2389 1723 2441 porro

117 2461 271 2525 complexum
279 2473 351 2519 snum
363 2459 455 2522 redigat
466 2460 640 2511 :brevissimus
657 2466 739 2534 terrm,
753 2463 897 2525 quiescetu-
942 2467 1021 2520 Grmci
1036 2467 1099 2518 scios
1118 2479 1200 2517 rerum
1216 2467 1327 2517 omnium
1345 2468 1495 2528 nuncupent.
1540 2467 1609 2522 Quos
1625 2464 1722 2526 quidem

116 2551 151 2600 ris
166 2548 562 2613 omnibuscorporibusembitur,
576 2549 694 2612 iusteque
711 2550 829 2602 radonem
842 2565 898 2602 cen·
942 2555 1067 2619 puseus
1081 2553 1161 2606 sensili
1178 2553 1271 2604 mundo
1282 2553 1360 2617 primo
1377 2552 1477 2616 quidem
1487 2553 1565 2603 ricem
1582 2551 1670 2602 lmitsri
1680 2552 1721 2601 ali·
1789 2579 1794 2590 ·
1861 2555 1863 2562 '

116 2640 179 2689 linui
192 2639 359 2702 competentis.
368 2637 457 2689 couri
467 2637 551 2688 medii.
941 2655 1016 2706 quem
1029 2641 1175 2706 putendum.
1220 2640 1329 2690 illenim
1342 2642 1407 2690 Deus
1418 2640 1488 2702 iusta
1501 2637 1620 2702 eundum,
1633 2640 1668 2689 sic
1681 2652 1723 2689 an·

149 2727 257 2784 cxxiii.
280 2728 344 2777 cum
365 2725 437 2788 iqiim
453 2725 537 2777 extimi
554 2725 659 2786 limites,
681 2725 707 2776 id
724 2728 773 2789 est,
788 2739 899 2778 summus
941 2730 1089 2792 gelnsjnsta
1102 2729 1231 2779 bominem.
1277 2725 1452 2788 Debiucquod
1467 2725 1523 2775 usui
1537 2725 1607 2775 nobis
1620 2725 1669 2776 sint
1684 2724 1723 2774 ln·
1835 2790 1838 2799 y

118 2817 192 2876 elque
211 2814 287 2875 lmus,
311 2812 463 2864 celebrentur
480 2813 681 2865 eonsenientibns
694 2813 840 2865 animalibus
858 2828 899 2865 ne·
942 2819 1115 2882 terpretantes,
1132 2819 1157 2867 et
1177 2813 1315 2866 nuntiantes
1331 2817 1384 2864 Deo
1399 2817 1494 2863 nostres
1507 2824 1606 2876 preces,
1627 2813 1653 2862 et
1665 2811 1723 2862 ilem

118 2905 251 2963 tussesuu,
262 2900 355 2952 scilicet
361 2901 453 2952 rationo
464 2901 605 2968 utentlbns3
615 2902 719 2954 culoetls
731 2903 829 2966 quidem
843 2904 899 2954 stel-
942 2903 1080 2958 bominibus
1101 2905 1145 2954 lici
1166 2902 1316 2953 voluntatem
1331 2900 1485 2963 intimantem
1505 2899 1539 2950 illl
1553 2901 1660 2950 nostram
1684 2899 1724 2950 in·

118 2990 291 3053 iis,tcrrestr'u
312 2993 395 3041 eutem
415 2990 575 3041 bominibus:
593 3004 744 3055 cousequem
760 2994 813 3056 est,
825 2992 900 3044 etiem
942 2994 1082 3057 digentiam,
1098 2990 1383 3056 porruadnosdivlnum
1396 3001 1468 3053 opem
1487 2987 1631 3039 delerentes.
1644 2990 1724 3047 Quem

118 3081 219 3129 ceteros
230 3077 310 3140 locos,
328 3077 486 3141 meumque
496 3078 649 3142 bruneus,
665 3080 747 3143 plenas
759 3092 812 3131 csse
823 3081 897 3132 ratio-
942 3082 974 3133 ob
983 3094 1082 3132 sensnm
1091 3078 1202 3145 appellati
1213 3082 1272 3130 sunt
1283 3077 1361 3141 angon
1369 3078 1401 3129 ob
1410 3076 1534 3127 mdduum
1546 3076 1650 3127 oldclum
1659 3088 1723 3126 nun-

118 3166 238 3217 nubilibus
246 3165 392 3218 enlmadbns
403 3166 552 3230 esbtimsri,
568 3166 666 3230 aequb
676 3167 762 3217 mnudi
779 3167 846 3218 locus
860 3168 900 3220 de
942 3170 1027 3223 tiandi.
1050 3170 1130 3222 netis
1147 3168 1269 3230 estbuins
1292 3165 1401 3218 beneticii
1418 3166 1505 3217 eunde
1523 3164 1630 3228 Grecis,
1653 3177 1726 3216 emus

118 3256 197 3305 sertus
206 3252 361 3316 relinquetur.
371 3252 664 3317 Etenimestebsurdnm,
673 3252 899 3319 hominesquidem,
942 3259 1053 3319 unum,
1062 3258 1189 3320 omnisque
1206 3255 1336 3317 Barbarie,
1351 3254 1567 3317 gratulationesqne
1580 3254 1724 3317 populorum

119 3353 194 3390 uuam
207 3340 293 3390 mnndi
304 3339 425 3404 repom
434 3340 605 3403 inhabitantes,
613 3341 690 3405 treqili
698 3354 808 3405 corpore,
818 3344 901 3393 auimo
944 3347 1012 3397 libris
1024 3345 1125 3396 moditia
1133 3344 1165 3395 sd
1177 3344 1317 3395 memoriam
1327 3342 1502 3406 perpetuitatis.
1535 3341 1628 3403 indiget
1637 3340 1725 3403 quippe

119 3441 177 3479 cum
186 3428 308 3489 amentis,
324 3428 349 3478 et
358 3428 411 3478 siue
427 3427 581 3491 sinceritate,
602 3430 672 3492 pleno
682 3430 854 3494 penitudinis,
868 3433 901 3481 ob
944 3436 1030 3485 nutasse
1043 3434 1139 3497 generis
1151 3432 1261 3495 bomani,
1275 3430 1376 3481 nlminm
1390 3429 1527 3491 imbecille,
1541 3428 1655 3490 sulirap'o
1669 3440 1723 3479 me·

118 3516 304 3566 1111111111111111111
329 3514 520 3565 11111111111111111
539 3529 648 3579 1111111111,
669 3517 730 3573 elles
751 3518 804 3569 all'u
826 3523 902 3583 elque
944 3523 1012 3573 lioris
1032 3520 1250 3584 praestantiorisque
1271 3523 1372 3569 neturus.
1406 3514 1641 3575 Quamebcansasn
1658 3526 1726 3565 mee·

119 3603 173 3653 aliis
194 3602 359 3665 placentibus,
379 3602 533 3653 rationabiles
545 3604 679 3654 euinseotes
703 3604 800 3667 puterl;
820 3606 902 3657 stelles
946 3615 983 3661 tor
994 3610 1103 3661 omnium
1121 3610 1146 3659 cl
1157 3609 1311 3658 mnssrrstor
1330 3608 1410 3665 bens,
1435 3602 1518 3655 rolens
1535 3616 1587 3653 esse
1597 3602 1726 3655 bominum

120 3702 193 3751 rere,
205 3688 332 3753 prudentis
342 3692 437 3740 neturar
448 3689 481 3739 ob
498 3692 614 3743 mmmm
625 3692 724 3741 eduum
734 3704 836 3741 suorum
846 3705 902 3742 con·
944 3712 1035 3761 mnus,
1050 3694 1154 3758 prefecit
1167 3695 1219 3756 lais,
1236 3707 1279 3757 per
1289 3705 1350 3756 quos
1368 3692 1433 3743 recte
1448 3692 1603 3754 segmentum,
1619 3692 1726 3755 engelm,

119 3776 249 3842 suadem,
273 3776 333 3828 nulli
346 3776 490 3841 penitudinl
516 3776 647 3841 umentes,
668 3791 729 3840 puro
756 3779 903 3844 minimeque
945 3788 998 3838 sios
1009 3784 1141 3835 dnonas.

41 3893 50 3903 ·
120 3852 254 3917 (1111111111
266 3879 377 3929 1111111111,
395 3867 480 3927 11111111
490 3878 548 3929 111111
560 3866 664 3916 11111111
678 3867 741 3930 isui·
751 3870 838 3918 cenem
849 3880 903 3917 11111·
976 3874 1097 3925 cxxxii.
1120 3874 1170 3923 Neo
1184 3882 1230 3921 nos
1247 3869 1335 3920 terreat
1348 3879 1447 3929 nomen,
1460 3850 1597 3930 promlsoue
1614 3865 1692 3929 bonis,
1702 3866 1727 3916 et

121 3953 209 4004 bientis
224 3954 334 4017 mounes
343 3953 462 4018 incolent,
476 3954 529 4006 eine
551 3955 632 4005 salma
651 3955 717 4020 lore,
729 3968 812 4007 cerere
828 3957 903 4008 eliens
945 3960 1073 4024 improbis,
1086 3960 1208 4023 positum,
1225 3956 1339 4021 quonism
1356 3968 1401 4007 neo
1416 3954 1555 4018 angelorum
1570 3952 1670 4017 quidem
1681 3954 1727 4003 ter-

121 4041 171 4092 vlla
181 4043 275 4107 putere
287 4042 334 4092 cui
347 4043 446 4106 quidem
454 4044 489 4094 rei
500 4043 660 4096 Hebraeorum
671 4057 770 4107 quoque
783 4046 903 4097 senmliu
946 4052 993 4111 rei,
1008 4061 1065 4099 curn
1077 4046 1152 4110 angeli
1163 4046 1249 4110 partim
1261 4044 1305 4096 bel
1323 4044 1372 4095 slot
1386 4042 1498 4104 ministri,
1513 4046 1538 4093 et
1552 4041 1597 4104 qui
1611 4041 1645 4091 lta
1660 4042 1726 4103 sunt,

121 4130 241 4194 macinii,
256 4129 299 4195 qul
313 4130 440 4194 perbibent
450 4134 618 4183 esomstcrem
636 4132 719 4183 mundi
732 4136 901 4197 licummsn·
946 4137 1028 4188 Sancti
1043 4137 1158 4187 socsninr
1170 4149 1177 4184 :
1190 4134 1294 4198 pertinse
1308 4132 1401 4183 deese
1419 4130 1542 4195 potestatis
1554 4128 1680 4190 satellites,
1700 4133 1728 4177 nt

120 4209 191 4261 desse
203 4210 360 4270 perennem,
374 4208 599 4277 sosqunoms
612 4213 807 4276 cmmemores,
821 4217 903 4266 sene
946 4225 1036 4287 opens
1053 4222 1125 4275 noe.
1158 4223 1232 4285 sutor
1243 4222 1313 4283 jusu
1331 4225 1471 4283 usurpatam
1489 4230 1562 4281 pones
1580 4219 1680 4269 nrum·
1693 4215 1727 4265 lo·

122 4302 236 4363 11111111
250 4301 348 4350 mm
362 4302 482 4352 1111111111
498 4316 507 4351 ·‘
526 4302 628 4351 11111111
646 4303 903 4365 111111111111111111·
946 4313 1035 4377 queodi
1051 4310 1262 4372 consuetudinem,
1274 4310 1327 4360 tam
1341 4307 1418 4359 saneti
1430 4309 1487 4361 sunt
1499 4307 1635 4369 demones,
1653 4316 1727 4368 quam

122 4386 247 4448 ll⁰¹¹²¹⁸⁸02
262 4387 377 4449 1111111111
386 4389 523 4451 “millium
540 4387 902 4455 11111111»1111111111(111118111
947 4398 1031 4464 polluti
1046 4404 1072 4450 et
1089 4397 1185 4459 inlecti,
1203 4396 1336 4459 dequibus
1358 4407 1415 4444 mos
1430 4393 1477 4445 erit
1492 4392 1571 4455 aptior
1589 4390 1727 4455 disputandi

122 4474 210 4527 indicte
227 4488 324 4539 quoque
346 4474 484 4528 futurorum
508 4483 678 4540 proventuum.
731 4484 793 4540 once
815 4483 904 4532 cuncte
951 4500 1022 4537 ocus.
1055 4484 1169 4538 bunede
1183 4498 1213 4535 eo
1226 4497 1312 4548 genere
1330 4482 1461 4544 limoso,
1478 4480 1545 4543 quod
1558 4480 1591 4531 aii
1606 4480 1674 4530 Plato
1687 4480 1728 4529 sd-

122 4566 189 4615 certe
200 4565 252 4615 tem
268 4564 408 4628 moderate,
422 4566 473 4615 tem
490 4565 639 4629 prudenter,
658 4572 709 4616 tem
721 4566 812 4630 luqltm
824 4569 903 4619 cond·
947 4572 1052 4624 mucelli
1061 4572 1164 4636 quadam
1178 4584 1232 4623 esse
1244 4570 1384 4635 prudentis,
1393 4568 1559 4631 memoriaque
1573 4566 1727 4619 etdocilitete

121 4664 219 4715 nueque
235 4653 288 4716 egi,
303 4653 356 4704 siue
370 4653 518 4715 ndouabili,
532 4653 592 4717 quin
608 4654 688 4718 potius
707 4654 760 4706 siue
779 4656 904 4719 sapientis-
947 4662 1027 4731 teliel3
1045 4660 1111 4725 qnod
1125 4661 1207 4711 omniu
1215 4660 1286 4723 sciet,
1296 4658 1503 4723 cogitationesque
1515 4656 1640 4706 bominum
1652 4654 1727 4705 intro-

123 4740 485 4813 111110,11111111111111111Μ1·
948 4750 1051 4815 epictet:
1064 4744 1727 4813 etbonisquldenaealnaledelectstnr,improbosode·

154 4830 253 4879 cxxx.
263 4831 344 4887 Quare
356 4835 413 4882 cnm
425 4830 460 4881 sit
470 4830 580 4883 divinum
591 4831 699 4895 quidem,
711 4835 736 4883 st
751 4834 903 4898 immortale,
924 4852 929 4928 Ι
948 4839 993 4901 rit,
1005 4839 1158 4901 contingente
1172 4850 1199 4887 se
1217 4836 1315 4888 tristitia
1330 4848 1386 4900 quas
1403 4834 1513 4886 nascitur
1524 4847 1556 4886 ex
1568 4833 1626 4885 odiu
1642 4832 1728 4907 displig

123 4930 201 4979 senus
219 4916 360 4968 animalium
375 4918 487 4979 ooelestm
501 4919 637 4982 sidereum
648 4920 822 4984 temporarium
833 4932 901 4987 sere,
947 4930 1026 4980 senne
1045 4948 1052 4979 ι
1074 4928 1140 4978 solus
1158 4926 1248 4991 quippe
1269 4928 1351 4989 Deus,
1367 4926 1452 4990 upote
1470 4926 1547 4990 plenu
1565 4926 1725 4991 pensumque

123 5008 149 5058 et
163 5006 303 5070 oocldonm,
315 5006 470 5072 paulonique
482 5008 625 5070 obnoxium,
639 5011 763 5061 temenum
780 5026 790 5061 s
807 5023 906 5065 necesse
948 4998 1095 5079 divinitelis,
1109 5028 1189 5079 neque
1199 5014 1295 5066 trbdtie
1306 5024 1386 5078 neque
1396 5013 1522 5077 rolopuls
1532 5013 1687 5077 mniluqitur.

123 5096 178 5157 est,
188 5094 314 5146 esstote
325 5092 375 5147 duo
385 5096 438 5147 buc
453 5097 607 5150 munuum
623 5096 746 5163 aliqum,
758 5102 905 5154 comectea·
979 5106 1107 5157 cxxxiii.
1117 5104 1218 5159 (innuis
1229 5118 1286 5171 erqo
1296 5104 1351 5157 coil
1360 5102 1496 5170 regionibus
1503 5102 1595 5155 sortitis
1604 5102 1728 5154 mones

1616 5194 1650 5239 le
