3959 5925
186 401 245 453 2²⁰

182 522 263 573 dentis
273 523 395 572 sannam.
430 523 511 578 Quam
522 518 600 582 tegern
610 531 675 583 saepe
686 519 792 571 diximus
805 535 860 572 essa
876 521 963 583 tatum,

181 611 244 662 saria
263 609 367 673 quadam
389 608 617 670 consequentiarum
636 609 709 670 atque
724 607 837 659 ordinum
857 609 964 659 sancien-

181 703 239 750 tem.
272 697 385 747 volucris
401 709 458 745 raro
471 708 559 745 currus
579 695 731 758 imperatoria
744 697 789 747 Ilei
806 698 904 760 aplanes
923 697 960 747 in·

182 785 308 849 teltlgsoda
317 787 354 834 ast
364 799 371 832 ι
382 784 439 846 quia
450 790 473 833 el
486 785 565 846 prima
578 788 616 833 est
627 783 727 847 ordine,
738 791 763 834 et
772 785 856 846 agilior
868 785 967 838 caeteris

186 872 300 924 omnibus
320 870 446 933 motibus,
463 870 527 920 sicut
545 873 670 920 ostensum
685 874 729 921 est.
771 870 885 921 Undecim
905 885 964 921 xero

181 956 391 1024 partesexer'citus
402 957 541 1008 dinumerat
550 958 676 1007 hactenus.
708 959 962 1022 Primam,aptanenx,

180 1047 267 1098 deinde
287 1050 381 1110 septem
397 1045 536 1108 planetum
549 1058 638 1094 nonam
647 1079 656 1108 ,
668 1045 765 1095 retineris
783 1046 879 1107 ssdem;
889 1059 962 1109 quam

180 1132 963 1196 incoluntmtbereidaemonea3decimam,aeream3undecimam,

181 1225 301 1273 trumectse
317 1221 474 1282 subsannas,
488 1220 672 1281 duodecimam,
685 1226 788 1280 terram,
804 1235 860 1284 quan
872 1222 962 1270 immo·

183 1310 237 1360 bilis
251 1324 280 1360 ex
294 1308 452 1359 conversione
466 1308 551 1357 mundi
564 1310 654 1358 manet.
686 1310 778 1358 Verum
790 1309 837 1358 boc
847 1309 959 1358 tortassis

179 1400 247 1450 extra
267 1397 431 1461 pmpositum,
444 1396 555 1458 quamuis
577 1395 689 1444 instituto
708 1395 815 1446 sermoni
833 1397 962 1447 musical:

179 1486 245 1550 quod
262 1486 337 1534 latum
350 1485 403 1533 sine
417 1483 456 1545 ri,
469 1495 498 1532 ac
509 1482 561 1531 sine
575 1484 623 1531 utta
636 1483 780 1532 necessitate
791 1483 962 1544 inextricabili,

180 1571 252 1619 modo
265 1568 371 1628 salubri,
385 1572 458 1629 atque
471 1567 555 1616 ordine
567 1565 761 1616 administretur.

210 1662 355 1712 ccxxvii.
376 1662 413 1709 lix
425 1659 511 1708 barum
520 1657 605 1708 ordine
616 1671 696 1707 rerum
708 1657 840 1708 demanant
849 1657 898 1720 itta,
908 1671 964 1720 quae

182 1748 229 1798 rari
250 1747 356 1810 exernpti
369 1752 446 1807 sunt;
464 1757 568 1808 quorum
588 1746 675 1806 partim
685 1745 801 1807 sorlnno
818 1747 962 1808 potestatem

180 1837 280 1887 babet:
304 1835 390 1899 partim
405 1833 551 1896 improvisa,
573 1836 598 1882 et
617 1845 661 1882 sua
684 1839 784 1895 sponte,
806 1834 963 1896 proueniunt,

179 1923 269 1987 quibus
282 1921 396 1973 omnibus
407 1933 483 1970 cosas
495 1918 583 1969 dicitur
592 1920 712 1981 imperare
727 1935 733 1968 ε
748 1933 804 1982 quae
818 1920 898 1970 latatia
910 1922 963 1984 qui·

180 2011 237 2062 dem
250 2012 323 2073 sunt,
336 2008 489 2059 continentur
499 2010 564 2058 enlm
578 2008 667 2058 edictis
679 2008 806 2070 tatalibus,
817 2022 862 2060 nec
880 2012 963 2060 tamen

180 2103 238 2146 sunt
249 2096 394 2146 necessitate
409 2095 524 2144 rioteula.
559 2094 662 2144 Perinde
678 2098 706 2144 ut
716 2107 771 2156 qum
783 2107 797 2143 a
809 2094 878 2144 nobis
888 2096 961 2155 liunt,

180 2184 335 2235 continentur
352 2184 441 2245 quippe
453 2182 545 2244 legibus
559 2183 657 2244 nostris,
670 2194 715 2231 nec
728 2185 809 2231 tamen
827 2183 962 2232 secundum

150 2303 153 2308 ι
180 2273 244 2335 teges
263 2271 422 2334 proveniunt,
441 2269 531 2332 quibus
552 2269 652 2318 utimur.
687 2271 719 2319 Ut
740 2271 812 2332 puta,
832 2269 903 2330 iubet
923 2268 962 2319 tex

179 2359 279 2410 interfici
286 2359 370 2422 morin
385 2357 544 2420 proditorem.
576 2356 641 2416 Quid
651 2361 727 2418 ergo?
738 2357 802 2415 Quis
816 2355 962 2420 proditorem

180 2451 250 2498 vocat
265 2460 338 2510 eum,
350 2447 390 2495 cui
403 2459 499 2508 posnam
515 2446 613 2506 statuit,
626 2458 725 2496 necesse
735 2448 774 2495 est
792 2448 820 2494 ut
834 2444 874 2494 tex
893 2445 963 2495 lactat

180 2534 410 2598 proditoremtitou
421 2535 516 2597 opinor.
549 2535 611 2584 Nam
621 2532 730 2596 proditor
739 2533 837 2594 quidem
847 2546 891 2583 sua
899 2533 963 2582 mata

180 2626 278 2684 mente,
304 2622 363 2686 quin
384 2623 467 2684 potins
486 2622 604 2681 amentia,
629 2621 763 2684 prorumpit
782 2622 813 2671 ad
846 2621 962 2672 munus:

179 2709 279 2764 punitur
294 2722 353 2758 rero
374 2708 444 2770 juxta
460 2709 547 2771 legem.
580 2710 737 2770 itursurnque
749 2708 787 2758 tex
802 2713 860 2759 est:
882 2711 963 2772 utqui

180 2792 275 2842 lortiter
292 2793 455 2855 pugnaverit,
468 2793 571 2854 prnmio
595 2792 721 2842 alliciatur.
755 2793 813 2843 linc
827 2794 866 2843 lex
880 2794 962 2855 jubet3

180 2883 324 2930 nontamen
342 2880 458 2928 uictorem
465 2914 474 2940 ,
484 2881 526 2928 aut
542 2879 684 2939 uictoriam,
697 2880 735 2929 lex
748 2879 805 2929 lacit
821 2901 829 2929 ι
845 2883 963 2930 ettamen

180 2970 220 3020 tex
245 2970 372 3032 praemium
394 2970 446 3019 dat.
480 2973 659 3033 Proptereaque
683 2971 723 3020 lex
741 2972 883 3032 generaliter
894 2972 963 3034 jubet

179 3058 292 3106 omnibus
304 3070 360 3120 quas
378 3056 558 3115 faciendumst,
571 3057 730 3120 prohibetque
747 3072 831 3109 omnes
841 3060 872 3109 ab
881 3060 963 3110 incon·

181 3144 345 3195 venientibus.
381 3145 429 3195 Sed
442 3158 490 3195 non
509 3158 594 3195 omnes
614 3145 799 3208 obtemperant3
813 3160 859 3197 nec
877 3162 963 3199 omnes

180 3232 288 3292 iaciunt,
298 3245 354 3295 quas
363 3232 487 3293 inibantur.
506 3236 570 3291 Qum
584 3246 621 3284 res
635 3232 761 3294 ostendit,
772 3236 897 3297 optionem
911 3238 961 3299 qui-

178 3323 234 3372 dem
253 3336 308 3373 esse
325 3323 350 3372 in
371 3322 529 3386 bominibus,
549 3335 595 3372 nec
616 3324 717 3374 eandem
734 3324 759 3373 in
772 3325 894 3376 omuibus.
927 3332 962 3377 Ea

178 3422 252 3471 reru,
264 3421 320 3473 quae
333 3411 479 3471 sequuntur,
489 3409 513 3458 id
530 3413 567 3459 cst
583 3410 705 3471 legitima,
720 3408 746 3459 id
759 3413 798 3461 est
810 3411 963 3462 animaduer-

177 3497 272 3560 siones,
285 3498 325 3548 ret
337 3496 456 3561 praemis,
468 3511 497 3547 ex
510 3498 562 3560 tege
575 3502 666 3547 sancta

209 3587 359 3637 ccxxvln.
376 3586 444 3637 Talis
463 3593 513 3647 eat,
527 3586 622 3649 opinor,
633 3586 708 3636 etiam
725 3588 764 3637 lex
782 3587 822 3638 illa
839 3588 960 3652 antestio,

179 3688 236 3737 quae
253 3673 331 3724 latum
344 3679 454 3735 roratur,
470 3674 577 3725 sciscens
590 3674 731 3724 bominibus
750 3676 864 3739 tronesta,
880 3678 961 3738 protri-

178 3762 239 3812 bens
250 3761 380 3811 contraria.
416 3764 488 3823 sequi
506 3776 579 3825 porro
596 3766 707 3813 nostrum
717 3766 768 3825 est,
783 3767 807 3814 el
820 3777 835 3813 a
847 3765 889 3813 tati
904 3766 962 3827 jugo

178 3853 280 3903 liberum
294 3871 301 3904 s
314 3852 406 3902 laudari
421 3866 481 3902 reru
501 3856 613 3915 agentem
627 3854 703 3914 bene,
715 3856 767 3903 tam
785 3854 853 3915 juxta
867 3853 944 3916 legem
952 3891 961 3918 ,

177 3954 252 4003 qnam
270 3941 343 4003 iuxta
364 3952 494 3991 commune
514 3941 642 4002 judicium.
675 3941 789 3991 Similiter
810 3955 868 4004 ergo
887 3942 961 3992 etiam

176 4029 310 4092 contraris,
324 4029 422 4079 mentiri
439 4029 537 4092 quidem
550 4035 575 4079 et
591 4030 695 4092 pessime
710 4043 781 4093 agere
794 4031 870 4080 silam
880 4067 888 4094 ,
900 4044 960 4081 oon-

177 4106 269 4167 ti'uetur
278 4116 358 4168 edicto
372 4135 378 4163 ι
391 4118 417 4167 el
428 4124 465 4168 est
477 4118 502 4167 in
517 4117 623 4167 bominis
634 4117 736 4167 arbitrio
746 4154 755 4178 ,
766 4122 794 4168 ut
811 4118 959 4181 praecedens.

176 4208 240 4257 lists
253 4220 327 4270 porro
344 4208 419 4256 vitam
431 4206 571 4270 disponere,
585 4207 708 4270 proprium
719 4212 758 4257 est
768 4208 889 4269 bominis,
906 4222 962 4270 pro

177 4298 306 4358 ptereaque
322 4295 402 4358 puniri
416 4294 486 4357 piane
506 4296 544 4345 est
561 4308 592 4344 ex
614 4294 758 4344 necessitate
781 4295 861 4357 latati;
879 4298 979 4358 utpote-

176 4382 243 4445 quod
253 4381 329 4444 legem
349 4384 473 4445 meatur.
508 4383 567 4433 ttoec
583 4396 654 4445 porro
671 4384 755 4432 omnia
775 4383 856 4433 sedem
873 4382 962 4434 babern

175 4460 289 4512 mammis
310 4461 450 4523 bominum3
475 4475 530 4524 qure
552 4462 633 4511 anima
656 4462 730 4512 libera
747 4466 799 4526 est,
818 4468 844 4512 et
860 4463 911 4525 agit
931 4476 960 4513 ex

175 4551 276 4602 arbitrio
289 4565 344 4603 suo.
377 4552 475 4614 optima
486 4566 558 4616 porro
569 4565 623 4613 pars
634 4552 723 4603 anima
734 4565 762 4603 ea
772 4554 824 4614 est,
834 4566 908 4615 quam
917 4552 960 4603 de·

176 4639 274 4703 scripsit
286 4641 352 4691 Plato
366 4640 490 4703 duplicem
503 4640 592 4690 babere
610 4640 725 4690 virtutem
738 4660 745 4691 ι
761 4653 849 4702 unam,
860 4640 886 4690 iu
896 4654 962 4691 com·

97 4772 103 4797 ‚
177 4729 484 4791 prehensioncdivinarum
499 4743 595 4792 rernm,
608 4744 664 4792 quac
679 4734 811 4794 snpientia
823 4736 881 4781 est:
899 4731 961 4781 atte-

176 4829 247 4877 ram,
259 4818 284 4868 in
299 4818 458 4883 dispositione
474 4818 616 4871 mortalium
632 4832 730 4881 rerum,
743 4832 799 4881 quae
813 4818 961 4883 prudentio

176 4906 323 4957 nominatur.

208 4994 338 5048 ccxxix.
355 4994 449 5053 Quodsi
470 4998 525 5059 quts
543 4996 574 5044 ad
594 4995 709 5045 humores
722 4995 848 5060 corporis,
862 4997 960 5046 natura·

177 5078 275 5141 temque
287 5082 354 5133 ittam
372 5083 553 5134 concretionem
574 5083 719 5147 respiciens,
731 5083 860 5147 pterosque
872 5084 959 5133 intem·

176 5172 298 5233 perantes,
314 5170 374 5222 alios
397 5184 469 5235 porro
486 5171 627 5223 moderatos
648 5173 758 5223 homines
776 5185 829 5223 esse
842 5185 892 5222 non
908 5173 959 5222 sine

713 388 909 450 seaucton
934 388 1245 453 COMMENTARIUS

1008 523 1058 573 lslo
1075 523 1145 585 putat
1159 541 1165 572 ε
1178 521 1204 572 et
1215 519 1401 582 intemperantes
1410 514 1508 580 quidem
1521 525 1551 564 ex
1564 512 1694 562 llumorum
1703 510 1791 562 tutem-

1010 611 1073 674 perie
1087 611 1214 672 laborare;
1229 606 1369 658 moderatos
1382 605 1464 654 autem
1483 615 1514 652 ex
1529 599 1642 651 letidtale
1655 600 1787 648 concretio·

1008 699 1044 748 nis
1063 699 1137 750 teran'
1159 709 1237 760 eaque
1252 694 1334 745 omnia
1357 691 1455 742 decreto
1475 689 1525 738 sieri
1545 709 1551 738 ι
1568 699 1627 738 aera
1641 685 1715 738 sentit
1734 687 1788 750 qui·

1009 783 1065 836 dem
1088 803 1094 835 ε
1115 787 1152 835 est
1165 781 1230 834 enim
1244 783 1328 830 natura
1343 779 1475 838 tributum,
1491 777 1519 826 ut
1532 774 1650 825 imbecilla
1664 773 1789 824 bominum

1009 873 1074 923 natio
1089 873 1127 922 ret
1150 871 1243 922 laboret
1264 870 1415 932 improspero
1426 865 1591 926 concretione,
1603 861 1642 913 ret
1662 861 1790 922 adjuretur

1009 960 1146 1022 moderata,
1170 959 1195 1008 in
1215 957 1333 1021 proventu
1356 951 1496 1004 tronmtalis.
1529 951 1637 1013 Ideoque
1658 949 1789 1000 adversum

1010 1047 1147 1110 hujusmodi
1160 1047 1219 1096 ritis
1230 1045 1330 1096 rationis
1344 1041 1485 1104 consiliique
1494 1039 1622 1090 salubritas
1631 1037 1740 1102 opposita
1749 1041 1788 1088 est

1010 1136 1166 1200 providentisc
1178 1136 1237 1199 tege.
1269 1132 1395 1196 siquidem
1413 1129 1522 1192 avaritia,
1541 1127 1625 1186 libido,
1643 1126 1788 1188 crudelitas,

1009 1230 1152 1288 caeterasque
1163 1221 1302 1286 huiusmodi
1321 1222 1409 1286 pestes,
1421 1218 1480 1268 nitrit
1491 1218 1517 1268 in
1531 1216 1634 1280 pueritia
1645 1215 1735 1278 grande
1747 1215 1789 1264 de·
1857 1249 1864 1272 ,

1008 1317 1119 1378 signenl;
1143 1314 1184 1366 sed
1206 1315 1254 1363 sint
1277 1311 1419 1362 coultrmala
1435 1308 1485 1370 jam
1506 1308 1594 1370 aetate,
1607 1306 1680 1356 noxis
1696 1324 1702 1354 ι
1719 1308 1790 1360 lunc.

1008 1405 1101 1467 opinor,
1114 1417 1170 1452 cum
1191 1403 1264 1452 etiem
1283 1399 1411 1450 salubritas
1425 1389 1517 1446 consilii
1534 1394 1704 1444 confirmatur.
1742 1393 1789 1442 cui

1009 1490 1138 1540 auxiliatur
1148 1489 1221 1539 decus
1233 1488 1369 1538 studiorum
1383 1483 1567 1543 tronestiorum,
1581 1480 1679 1544 prodest
1692 1478 1791 1528 benivo-

1008 1582 1087 1631 lorum
1109 1577 1278 1642 reprehensio,
1300 1575 1409 1626 medetur
1427 1571 1613 1622 animaduersio.
1647 1572 1787 1632 contraque

1009 1667 1116 1718 aduersis
1129 1667 1200 1716 rebus
1212 1662 1470 1726 obtunditurpraritas
1480 1659 1651 1720 mentisatque
1659 1656 1790 1708 insolescit.

1039 1758 1155 1807 ebitttx.
1172 1755 1278 1817 Ideoque
1295 1752 1327 1802 ob
1340 1751 1488 1802 consortium
1506 1747 1614 1810 corporis
1626 1749 1665 1798 est
1675 1747 1735 1797 inter
1747 1745 1791 1795 bo·

1009 1845 1098 1903 mines,
1112 1843 1253 1906 bestiasque
1270 1845 1399 1891 stentare
1416 1839 1465 1888 rita
1483 1837 1588 1888 carentia
1609 1835 1712 1886 societas
1727 1847 1792 1884 mna·

1009 1932 1142 1995 munioqne
1153 1942 1322 1994 corporeorum
1336 1933 1508 1992 proventuum.
1523 1923 1647 1988 Siquidem
1659 1923 1733 1981 nasci,
1745 1936 1790 1972 nu·

1009 2019 1075 2079 tririt
1096 2029 1219 2079 crescere,
1238 2027 1367 2066 commune
1386 2017 1425 2064 est
1445 2011 1583 2064 bominibus
1603 2023 1659 2060 cum
1681 2009 1790 2070 caeteris;

1008 2107 1097 2156 senlirc
1107 2119 1179 2169 vero,
1189 2107 1213 2155 ct
1223 2107 1347 2167 appetere,
1358 2113 1486 2152 commune
1495 2099 1593 2150 demum
1605 2097 1754 2158 bominibus,
1766 2099 1791 2146 et

1009 2193 1083 2243 mutis
1104 2196 1214 2254 tantum,
1229 2204 1258 2240 ac
1270 2190 1363 2240 ratione
1377 2189 1514 2238 carentibus
1532 2186 1683 2237 animalibus.
1714 2185 1789 2247 (tupi-

1009 2280 1071 2330 ditas
1084 2292 1155 2342 porro
1168 2281 1242 2342 atque
1261 2277 1398 2339 iracundia,
1410 2277 1448 2326 ret
1461 2275 1603 2338 agrestium,
1615 2273 1654 2324 uel
1675 2285 1787 2322 mansne-

1009 2368 1099 2425 torum,
1113 2363 1235 2425 appetitus
1248 2361 1417 2411 irrationabilis
1428 2363 1476 2410 ast.
1510 2359 1623 2408 ltominis
1636 2371 1708 2419 aero,
1721 2356 1790 2418 arrius

1009 2453 1045 2501 est
1073 2451 1211 2514 proprium,
1231 2448 1317 2498 raboni
1348 2451 1453 2498 mentem
1478 2445 1612 2510 applicare,
1636 2445 1790 2495 rationabilis.

1009 2538 1175 2590 Ratiocinandi
1196 2538 1274 2598 enim,
1286 2541 1358 2599 alque
1367 2534 1528 2596 intelligendi,
1541 2533 1680 2596 sciendique
1695 2546 1791 2596 rerum,

1009 2628 1128 2691 appetitus
1148 2626 1260 2689 proprius
1281 2627 1319 2676 est
1338 2623 1455 2684 bominis,
1467 2625 1509 2686 qui
1527 2636 1541 2672 a
1559 2622 1704 2685 cupiditate,
1719 2625 1792 2683 alque

1010 2715 1146 2775 iracundia,
1159 2715 1288 2777 plurimum
1308 2713 1389 2764 distat.
1422 2712 1465 2762 ltta
1487 2714 1577 2775 quippe
1588 2711 1660 2760 eliam
1673 2711 1698 2758 in
1716 2710 1791 2758 mulis

1009 2805 1165 2862 animalibus,
1177 2806 1202 2853 et
1214 2802 1396 2866 multoquidem
1404 2801 1497 2851 acriora
1509 2803 1646 2850 cernuntur.
1679 2798 1790 2848 Rationis

1009 2896 1089 2944 autem
1109 2893 1276 2963 perlectioLel
1292 2890 1444 2952 intellectus,
1456 2890 1553 2954 propria
1572 2888 1628 2949 Dei,
1643 2889 1669 2938 et
1689 2886 1791 2937 bominis

1008 2985 1110 3033 tantum.

1040 3072 1168 3121 CLXXXI.
1197 3072 1275 3131 Alqne
1297 3069 1360 3119 inter
1377 3069 1444 3131 ipsos
1465 3068 1574 3117 homines
1599 3080 1648 3116 non
1672 3078 1790 3129 peraeque.

1008 3159 1178 3221 Compugnunt
1193 3156 1281 3219 quippe
1295 3156 1321 3204 in
1333 3155 1457 3204 bominum
1470 3153 1674 3203 commotionibus
1688 3153 1791 3202 inuicem

1008 3242 1134 3305 cupiditas,
1144 3240 1323 3303 iracundiaque,
1334 3241 1423 3290 etitem
1435 3240 1505 3299 ratio,
1513 3233 1653 3301 obtinetque
1663 3239 1791 3289 adversum

1008 3344 1034 3379 sc
1054 3330 1170 3379 uicissim.
1203 3328 1289 3388 italio,
1306 3329 1334 3377 ut
1353 3326 1418 3389 apud
1439 3328 1585 3387 Homerum,
1607 3338 1662 3374 curn
1683 3326 1792 3375 Laertius

1007 3430 1101 3479 Juvenrs

995 3508 1000 3515 Ι
1034 3534 1126 3578 Promea
1136 3531 1230 3588 pulsato
1240 3536 1340 3575 merrtem
1352 3530 1453 3587 cnatiqol
1462 3530 1558 3575 acerbe.-

1036 3614 1101 3671 puin
1112 3614 1196 3658 toleras
1205 3624 1257 3657 meo
1266 3613 1350 3656 errans?
1359 3610 1446 3655 alerrs'm
1456 3610 1569 3665 graviora
1580 3610 1665 3655 tulisti.

1009 3718 1103 3780 Quippe
1118 3718 1143 3768 in
1154 3716 1218 3766 illius
1231 3702 1310 3765 animo
1330 3717 1390 3765 ratio
1401 3716 1461 3764 tunc
1477 3714 1624 3764 iracundiam
1639 3712 1790 3776 subjugabat.

1007 3805 1078 3868 Apud
1090 3803 1230 3867 Euripidem
1245 3806 1327 3854 contra
1339 3804 1364 3853 in
1375 3802 1469 3853 Medeae
1487 3805 1568 3854 mente
1583 3815 1648 3853 scere
1669 3801 1792 3852 iracundia

1007 3895 1105 3944 rationis
1117 3896 1197 3944 lumen
1212 3894 1372 3945 exstinxerat.
1408 3892 1445 3943 llil
1459 3893 1541 3943 enim:

1033 4018 1079 4061 ttec
1088 4028 1124 4061 me
1134 4016 1189 4061 latet
1198 4028 1260 4061 nunc
1272 4026 1340 4072 quam
1350 4018 1445 4061 cruenta
1453 4015 1565 4071 mgitem,

1033 4095 1076 4140 set
1088 4096 1163 4141 rtncit
1174 4096 1207 4139 ira
1216 4094 1335 4140 sanitatem
1346 4094 1451 4150 pectoris.

1007 4202 1091 4263 Usque
1108 4200 1168 4249 adeo
1181 4198 1270 4249 salubri
1282 4197 1382 4248 consilio
1395 4196 1461 4246 riam
1481 4196 1599 4245 clauserat
1619 4194 1790 4245 immoderatus

1007 4289 1071 4339 calor
1083 4288 1216 4350 pellicatus.

1037 4377 1175 4429 cbt'tttttl.
1193 4378 1256 4437 Ergo
1274 4374 1390 4423 inanimo
1407 4373 1551 4423 mnbncntts
1566 4373 1610 4422 riri
1632 4385 1728 4435 semper
1739 4370 1791 4434 plus

1007 4466 1133 4516 consitium
1155 4464 1234 4528 potest
1255 4480 1261 4512 r
1282 4462 1465 4523 irrtempersnlis
1483 4461 1637 4515 imbecillitas
1661 4459 1790 4511 aduersum

1007 4556 1121 4605 rationem
1132 4553 1224 4603 uitiosis
1240 4551 1313 4601 animi
1327 4550 1437 4612 partibus
1450 4550 1604 4612 sullragstur.
1637 4552 1706 4614 sape
1717 4548 1790 4599 etiem

1007 4643 1059 4691 txoec
1077 4644 1129 4705 ipsa
1149 4641 1208 4691 ritis
1228 4653 1256 4691 se
1273 4639 1376 4689 inuicem
1389 4638 1532 4702 impugnant
1544 4657 1551 4689 a
1563 4640 1590 4687 ut
1601 4638 1626 4693 in
1640 4636 1791 4687 adolescente

1006 4732 1160 4792 Terentiano,
1170 4729 1212 4792 qut
1229 4727 1357 4779 aduersum
1369 4726 1499 4777 acerrimas
1512 4726 1601 4776 amoris
1612 4726 1722 4776 ltammas
1735 4724 1790 4774 resi-

1006 4824 1085 4881 siens,
1100 4819 1201 4869 honesta
1214 4817 1337 4868 iracundia
1347 4816 1445 4879 nititur3
1460 4829 1515 4867 cum
1531 4820 1602 4880 negat
1615 4816 1707 4866 iturum
1720 4828 1746 4865 se
1759 4814 1791 4863 ad

1006 4911 1164 4970 conspectum
1179 4906 1263 4955 amicae
1276 4904 1340 4953 ultro
1348 4903 1503 4967 arcessenlis,
1514 4906 1541 4954 ut
1554 4902 1679 4953 exclusum
1695 4901 1790 4965 indigns

1006 4996 1103 5045 reuocet
1124 4992 1256 5055 lenocinio,
1269 4991 1439 5055 blanditiisque
1459 4990 1607 5041 meretriciis.
1641 4994 1704 5051 Ergo
1720 4988 1790 5047 hac,

1006 5082 1037 5135 de
1057 5080 1145 5145 quibus
1165 5082 1228 5131 intra
1244 5092 1332 5131 arcana
1352 5080 1457 5143 pectoris
1476 5078 1655 5141 disceptamus,
1667 5088 1786 5139 qumque,

1006 5175 1088 5221 utrum
1102 5168 1208 5219 iacienda
1222 5180 1266 5220 uec
1278 5180 1309 5219 ne
1319 5166 1381 5231 sint,
1397 5167 1572 5227 deliberamus,
1584 5168 1610 5217 et
1625 5167 1789 5229 postremum,
