3959 5925
322 415 361 466 so
427 427 432 436 ·
931 400 1278 465 PYTHAGOREORUM

320 534 365 593 καί
379 536 433 613 βίος
447 542 525 602 καλὸς
537 536 582 593 καί
595 534 690 601 τέλειος
706 538 913 615 προηγούμενος,
932 543 977 597 καὶ
991 542 1021 598 τὸ
1033 541 1098 601 πάρ.
1137 532 1269 615 διορισμοῦ
1288 530 1332 590 καί
1347 536 1392 603 τῆς
1407 532 1558 611 διακρίσεως
1575 536 1625 592 τῶν
1643 537 1743 606 ἡδονῶν·
1760 538 1797 597 καί
1807 548 1857 602 τοῦτ’

214 639 216 642 ·
319 645 371 679 των
386 621 548 702 σαφέστατον
563 622 599 696 ⁴⁰,
614 614 708 705 χρῆσις
722 628 815 703 ἀρετῆς
833 627 933 693 τελείας
946 631 973 685 ἐν
989 628 1038 708 βίῳ
1052 653 1097 689 τι.
1136 611 1245 680 εἶναιτὸ
1262 619 1399 679 κάλλιπον
1414 620 1460 679 καὶ
1485 619 1513 677 τύ
1531 622 1722 701 συμφορώτατον
1741 628 1856 707 ἀνθρώποις.

319 706 418 788 λείῳ50
430 707 623 785 προηγουμένη.
667 708 721 789 Πίῳ
735 709 762 768 δὲ
779 708 870 787 τελείῳ
880 708 950 785 λέγει
959 708 1023 788 πρὸς
1044 711 1091 779 τὴν
1136 706 1169 767 Ὁ
1185 706 1212 765 δὲ
1226 706 1340 766 Πλάτων
1359 711 1397 788 τῷ
1421 706 1579 788 Δημοκρίτῳ
1598 708 1663 767 κατδι
1672 712 1742 770 ταύτὸ
1761 716 1857 795 συνᾴδων,

318 796 453 854 διάστασιν
464 799 510 864 τῆς
522 793 640 875 χρήσεως
653 799 704 854 τῶν
715 798 833 873 δγαθῶν·
842 795 1039 876 προηγουμένην
1052 794 1091 873 δί,
1135 791 1227 874 γράφει
1240 793 1300 871 περί
1313 800 1360 853 τοῦ
1375 794 1536 871 κυριωτάτου
1552 801 1596 853 τοῦ
1618 798 1642 855 ἐν
1655 802 1714 873 ἡμῖν
1732 798 1775 855 δεῖν
1787 805 1857 859 ὑπολο-

317 884 395 963 χάριν
408 887 454 942 τοῦ
468 881 515 955 τδν
528 887 622 963 χρῆσιν
636 886 663 943 ἐν
678 886 782 961 ἀγαθοῖς
793 884 939 962 γίγνεσθαι,
953 880 990 959 μὴ
1005 886 1031 941 ἐν
1045 904 1093 939 κα-
1136 882 1189 939 δεῖν
1201 884 1236 947 ὡς
1249 880 1290 959 ἄρ’
1304 880 1366 939 αὐτὸ
1379 881 1490 958 δαίμονα
1505 886 1570 957 ἡμῖν
1581 882 1686 943 δέδωκεν
1702 882 1857 964 [blodemite
1922 864 1923 881 ¹

317 973 381 1037 κοῖς.
422 973 508 1031 Τοῦτο
524 972 572 1047 μὲν
595 962 639 1029 οὐν
657 974 745 1039 τέλος·
764 971 794 1030 τδ
816 970 838 1031 δ’
851 972 914 1031 αὐτὸ
936 969 1092 1045 συνωνύμως
1136 966 1180 1026 καί
1193 970 1218 1025 ίν
1235 968 1305 1046 αὐτῷ
1316 968 1346 1025 τδ
1357 966 1574 1048 εὐδαιμον·λίγεε
1589 970 1616 1027 δὲ
1628 972 1695 1028 τοῦτ’
1710 976 1734 1029 ἐν
1746 994 1778 1051 γι
1789 979 1857 1050 ἡγεμο
1922 1034 1923 1037 ,

318 1056 549 1136 εὐδαιμονίαπαρδ
559 1059 701 1124 Πλάτωνος
712 1056 977 1138 μετενηνεγμένον5’.
1020 1059 1091 1116 Σκο-
1135 1056 1201 1133 νικῷ
1216 1058 1263 1125 τῆς
1282 1056 1368 1134 ψυχῆς
1383 1052 1434 1122 ἕξιν
1454 1056 1511 1111 τινὰ
1526 1054 1602 1114 πυιδιν
1616 1056 1659 1113 καί
1673 1057 1859 1119 tritten-ntro
1922 1058 1923 1077 ¹

317 1145 380 1213 ποδς
403 1148 426 1204 δ’
445 1145 594 1205 ὑποτίθεται
611 1142 636 1179 ⁵¹
656 1149 704 1215 τῆς
719 1142 829 1223 ίφίσεως
848 1146 900 1201 τῶν
923 1140 1091 1222 ἀνθρωπίνων
1136 1141 1163 1199 δὲ
1174 1144 1288 1218 τάγαθοῦ
1301 1139 1334 1199 τδι
1344 1141 1393 1217 μὲν
1404 1140 1475 1212 πάθη
1490 1142 1709 1223 κατάρχειν,δρον
1723 1143 1747 1202 δὲ
1759 1146 1794 1203 καί
1804 1146 1859 1225 πίρις
1922 1174 1923 1221 γ

317 1232 426 1312 θράξεων
439 1240 524 1313 τρεῖς,
543 1232 586 1290 τδν
606 1236 653 1291 τοῦ
667 1233 767 1303 καλοῦ,
783 1237 828 1291 τοῦ
842 1231 1031 1311 συμφέροντος,
1045 1236 1092 1291 τοῦ
1136 1219 1201 1287 είναε
1218 1227 1262 1287 τὸν
1285 1228 1418 1305 λογεσμάν.
1461 1229 1576 1289 Ἀκούειν
1596 1237 1654 1306 γοῦν
1675 1231 1786 1309 πάρεστι·
1800 1232 1833 1289 δύο
1845 1233 1858 1266 ⁵⁸
1922 1222 1923 1293 ί

316 1320 402 1390 ἡδίος.
446 1320 533 1379 Καλὸν
545 1316 571 1354 ⁵³
590 1318 637 1395 μίν
659 1311 704 1379 οὐν
719 1322 788 1378 ἐστιν
811 1318 906 1400 άρετή,
924 1320 968 1377 καὶ
988 1320 1019 1379 τδ
1041 1318 1092 1395 με’-
1135 1315 1186 1396 γδρ
1207 1307 1284 1374 αὐται
1306 1316 1380 1396 φύσει
1405 1318 1491 1392 πηγαί
1520 1322 1649 1393 μεθεῖνται
1667 1322 1726 1397 ῥεῖν,
1749 1320 1813 1391 ἡδονὴ
1832 1322 1858 1378 ια’ι

318 1430 396 1486 τοχον
409 1409 456 1477 τῆς
479 1408 586 1485 ἀρετῆς,
605 1406 695 1486 ὥσπερ
711 1408 816 1473 αὐτδτθ
832 1408 984 1479 σπουδαῖος,
998 1406 1043 1465 καί
1063 1407 1092 1466 τδ
1136 1403 1222 1477 λύπη,
1237 1395 1273 1463 ὧν
1292 1408 1306 1461 θ
1321 1403 1367 1481 μὲν
1381 1402 1438 1463 ὅθεν
1446 1428 1473 1462 τε
1488 1405 1541 1481 δεῖ,
1557 1405 1600 1463 καί
1612 1406 1677 1479 ὅπη,
1690 1406 1732 1463 καί
1745 1408 1802 1474 ὅπως
1816 1412 1860 1486 θρυ-

318 1498 364 1554 θπ·
386 1498 478 1574 ἀρετῆς
498 1494 589 1574 ἔργον,
604 1494 672 1554 ὥστε
692 1496 803 1572 άγαθάν,
829 1495 859 1553 τδ
880 1497 974 1555 καλύν·
995 1496 1040 1554 καί
1061 1496 1091 1555 τδ
1134 1493 1241 1570 τόμενος
1255 1495 1416 1571 εὐδαιμονεῖ,
1432 1496 1446 1551 θ
1461 1490 1488 1553 δί
1510 1494 1566 1572 μή,
1593 1494 1743 1554 τούναντίον.
1779 1495 1860 1571 ’ispi

317 1589 861 1670 ίπαινετιίν,καίτδπαρίχονέπαινετούς.
905 1590 1090 1670 ὶύμφέρονδί,
1134 1581 1217 1640 τοίνυν
1232 1585 1269 1661 τῷ
1282 1580 1329 1651 οδ*
1352 1580 1446 1651 ἡδονὴν
1469 1580 1514 1639 κοί
1528 1580 1576 1653 τὴν
1594 1581 1675 1652 λύπην
1693 1582 1815 1656 &Wlfflin
1829 1582 1860 1649 ill

316 1677 347 1736 τδ
355 1676 419 1757 πρδς
429 1676 459 1736 τδ
470 1680 517 1748 ζῆν
528 1676 678 1756 εύχρηστοθ·
688 1676 891 1756 συμπαρατείνοι
900 1677 922 1734 δ’
934 1676 994 1749 δνὴ
1008 1678 1091 1737 ἔννοια
1136 1666 1187 1725 ἀπὸ
1201 1670 1251 1725 τῶν
1268 1670 1357 1725 ποθῶν
1379 1666 1514 1739 οονῖοοηοῑ
1527 1673 1574 1739 τῆς
1588 1667 1742 1744 οὖδοῑμοοίοί
1760 1668 1834 1749 nippis·
1844 1672 1860 1727 u

317 1763 363 1823 χαὶ
376 1764 441 1842 πρὸς
459 1763 489 1821 τὸ
504 1754 534 1821 οὗ
552 1767 608 1835 ζῆν,
649 1767 742 1825 Ταῦτα
760 1766 783 1821 δ’
805 1764 860 1822 ἐστὶ
881 1764 915 1823 τὰ
933 1763 1002 1823 χατὰ
1016 1764 1090 1841 φύσιν
1135 1753 1163 1812 δδ
1177 1757 1213 1833 τῷ
1226 1753 1269 1813 τδύ
1283 1754 1437 1833 ἅρυτύμενον
1450 1754 1508 1813 ὅθεν
1518 1779 1547 1814 τε
1563 1757 1616 1828 δεῖ,
1630 1756 1673 1814 καί
1684 1756 1730 1827 ύπη
1740 1801 1748 1828 ,
1760 1758 1797 1814 καί
1806 1756 1860 1823 ὅπως,

317 1839 413 1929 ψυχῆς
432 1848 477 1907 καί
501 1848 640 1926 σώματος,
670 1851 730 1929 περὶ
757 1841 794 1908 ὧν
819 1852 982 1931 προείρηται,
1025 1850 1090 1912 Ἡδὺ
1135 1844 1310 1917 εὐδαιμονεῖν,
1332 1841 1362 1901 τδ
1391 1843 1429 1921 τῷ
1450 1845 1546 1925 λογικῷ
1571 1844 1728 1923 διοριστεκδν
1747 1844 1817 1923 είρηιιε
1832 1848 1862 1913 τῆς

316 1939 341 1995 δ’
357 1935 427 1995 ἐστίν
439 1938 531 1995 σίκεῖον
543 1940 628 2016 ψυχῆς
636 1937 681 1995 καί
692 1937 813 2014 σώματος
823 1937 920 2010 πάθος,
934 1942 970 2005 είς
980 1938 1010 1997 τδ
1022 1939 1091 1998 κατδ
1136 1930 1308 2003 οὖδοῑμονίος·
1352 1929 1430 1989 Κατὰ
1443 1936 1519 1989 τοῧτο
1542 1928 1591 2007 μὲν
1611 1922 1654 1988 οὖν
1671 1932 1778 2002 mittut
1794 1931 1863 2009 θυμοί·

320 2023 396 2103 φύσιν
417 2026 447 2082 ίκ
468 2022 601 2104 τοῦπαρὰ
614 2023 689 2105 φύσιν
708 2023 821 2102 ἀγωγόν,
834 2024 923 2103 ὥσπερ
942 2029 956 2083 ὁ
979 2025 1090 2086 Πλάτων
1137 2038 1236 2094 ρονται·
1253 2015 1319 2075 καθδι
1336 2014 1362 2073 δδ
1377 2015 1549 2093 Πλάτωνμὲν
1566 2020 1636 2095 ίντῇ
1650 2017 1780 2094 εὐλογιστίρ
1792 2017 1862 2074 τίθεται

315 2112 344 2169 ρ,
365 2113 404 2189 ,ᾧ
413 2100 524 2192 ’φ’,μρρῳ
544 2108 569 2153 tt
592 2112 714 2191 ὡρίσατο,
755 2111 932 2189 'spcorortlnc
954 2114 1032 2191 ἐμῷ
1048 2113 1090 2171 δε.
1134 2104 1164 2161 τδ
1178 2102 1371 2183 προηγούμενον
1385 2104 1495 2180 ἀγαθάν,
1513 2104 1560 2163 καὶ
1580 2105 1613 2163 δι’
1631 2104 1690 2163 αὐτὸ
1706 2103 1862 2183 diperdidit}

316 2197 391 2278 κάτῳ
404 2200 455 2256 τῶν
473 2198 657 2276 Νικομαχείων
668 2198 695 2255 .⁵⁵
711 2198 823 2267 Εύδοξον
839 2198 864 2235 ⁵⁶
876 2199 920 2257 τὸν
934 2199 1090 2277 ἀστρολόγον
1134 2195 1167 2270 τῇ
1181 2191 1261 2268 ἡδονῇ
1272 2190 1304 2249 τδ
1313 2190 1560 2267 ίπιγεννηματικύν,
1571 2190 1635 2268 ὅπερ
1649 2191 1724 2247 οίετοιε
1735 2190 1810 2254 καύτὸς
1817 2179 1863 2245 εἶναι

316 2284 398 2342 οίεται
409 2284 481 2351 τίλος
491 2286 653 2363 δογματίζειν
667 2284 713 2357 vqs
725 2286 832 2357 ἡδονήν.
1134 2278 1219 2356 Ι,γοεράν
1233 2300 1261 2336 τε
1277 2276 1321 2336 καί
1336 2276 1476 2356 ἀταραξίαν
1499 2276 1669 2353 συνωνύμως,
1686 2274 1711 2343 ἐξ
1730 2274 1863 2343 ἐπακολουθή-

355 2370 518 2451 Δημύκριτος
527 2373 573 2431 καί
587 2372 705 2434 Πλάτων
716 2375 807 2439 κοινῶς
817 2374 888 2451 ίντῇ
904 2375 976 2453 ψυχῇ
989 2370 1037 2443 τλν
1047 2374 1090 2430 εὐ·
1136 2384 1216 2441 ματος
1229 2362 1390 2441 διαφέρουσιν
1407 2362 1442 2422 ⁵9.

316 2456 452 2530 δαιμονίαν
465 2458 587 2517 τίθενται.
628 2458 748 2538 Γέγραφε
764 2457 787 2507 ⁵⁷
803 2459 824 2518 δ’
839 2457 912 2532 ὁμὲν
924 2458 1017 2525 υύτως·
1032 2461 1091 2519 Εὐ·
1174 2449 1282 2528 Ἀγαθύν
1297 2446 1322 2483 ⁶⁰
1337 2454 1406 2509 ἐστιν
1428 2451 1472 2530 ἀφ’
1485 2442 1514 2509 οὐ
1534 2450 1673 2528 συμύαίνει
1692 2450 1719 2509 τδ
1736 2450 1862 2523 ὠφελεῖσθαι·

316 2545 438 2619 δαιμονίη
462 2548 548 2625 ψυχῆς
565 2545 610 2605 καί
623 2546 811 2623 κακοδαιμονίη
825 2548 871 2605 οὐκ
888 2548 915 2603 ἐν
939 2546 1090 2625 βοσκήμασι
1135 2537 1181 2596 καί
1192 2528 1221 2595 οὐ
1233 2536 1311 2595 πάντ’
1325 2537 1425 2616 ἐφίεται
1438 2538 1472 2595 τθι
1492 2538 1569 2617 λόγον
1584 2538 1677 2618 ἔχοντα
1691 2536 1863 2616 προηγουμένως

314 2630 410 2700 οίκίει,
423 2632 478 2690 οὐδ’
496 2633 524 2689 ίν
543 2634 653 2711 χρυσῷ,
671 2632 744 2711 ψυχὴ
759 2633 782 2691 δ’
794 2632 940 2712 οἰκητήριον
955 2633 1088 2709 δαίμονος·
1135 2626 1180 2686 καί
1199 2625 1213 2684 δ
1234 2625 1293 2697 ἤτοι
1315 2625 1383 2685 κατὰ
1397 2626 1472 2704 φύσιν
1486 2625 1570 2699 ἐστίν,
1585 2624 1602 2697 ἢ
1618 2623 1744 2698 ποιητικδν
1764 2627 1801 2681 τού
1818 2618 1864 2679 ιιι-,δ

313 2718 361 2791 τὴν
370 2716 398 2778 δθ
413 2719 536 2795 εὐθυμίην
548 2719 593 2777 καί
605 2718 701 2779 εὐεστὼ
714 2720 761 2779 καί
772 2720 916 2799 ἁρμονίην,
929 2719 1087 2799 ξυμμετρίην
1136 2713 1227 2794 φύσιν·
1240 2713 1285 2770 καί
1296 2711 1325 2770 τὸ
1338 2714 1469 2793 ὀρεκτικδν
1489 2708 1559 2768 κατδ
1576 2711 1666 2791 φύσιν·
1677 2711 1718 2770 καί
1731 2709 1756 2769 τδ
1768 2708 1863 2779 κινητιιδι

313 2807 403 2866 τεκαὶ
418 2806 559 2886 θταραξίην
575 2808 663 2866 καλεῖ·
678 2808 846 2868 συνίστασθαι
864 2809 888 2867 δ’
901 2807 982 2880 αὐτ-δν
1000 2810 1029 2866 ἐκ
1042 2810 1087 2864 τοῦ
1135 2805 1182 2871 τῆς
1200 2798 1268 2857 κατὰ
1287 2799 1361 2877 φύσιν
1378 2796 1487 2877 ἐχούσης
1500 2796 1622 2878 filistim,
1636 2799 1679 2857 κοί
1696 2801 1749 2857 καθ’
1763 2795 1863 2855 wilm*

312 3037 443 3101 dequibus
458 3038 519 3088 intra
535 3051 641 3101 memus.
673 3040 757 3090 llultis
777 3052 836 3089 tero
855 3040 932 3090 modis
949 3039 1086 3090 felicitatem
1133 3034 1224 3083 litatem
1238 3033 1310 3082 etism
1323 3033 1412 3082 bonum
1425 3033 1477 3094 eius
1492 3013 1761 3094 statum,'mnontun,
1775 3027 1864 3119 equetii.-

312 3123 444 3172 secundum
457 3137 513 3174 eum
526 3123 626 3174 delinire
640 3124 710 3186 licet,
730 3131 758 3175 ut
777 3126 974 3176 exercitationem
988 3125 1086 3175 virtutis
1133 3125 1205 3171 tatem
1234 3125 1259 3169 et
1286 3119 1493 3183 perturbationum
1516 3121 1662 3171 vacuitatem
1688 3120 1791 3170 nominat.
1815 3119 1863 3166 uuo

234 3245 237 3250 .
313 3207 521 3271 periectoeiusita
530 3209 634 3271 perlecta
642 3210 953 3270 cumsueeessu,utritam
962 3211 1086 3258 bonestnm
1132 3211 1211 3258 eutem
1226 3220 1278 3256 enm
1293 3208 1326 3257 ait
1342 3221 1373 3257 ex
1385 3206 1536 3270 uoluptatum
1550 3209 1698 3271 separatione
1709 3219 1736 3256 ee
1744 3204 1863 3258 distinetione

312 3297 342 3345 et
351 3295 478 3357 perlectam
490 3309 571 3346 rerum
583 3309 691 3347 successu
702 3298 837 3360 florentem,
850 3300 888 3359 et,
906 3299 969 3361 quod
978 3297 1085 3346 emulum
1131 3309 1202 3358 quum
1215 3309 1265 3344 rem
1276 3295 1345 3356 longe
1353 3285 1571 3356 prudentissimam
1582 3299 1607 3346 et
1616 3295 1745 3345 bominibus
1754 3290 1864 3342 uulusinm

312 3384 350 3432 est
364 3381 543 3444 plenissimum,
559 3395 629 3432 usum
644 3384 741 3435 virtutis
755 3386 867 3447 perlectae
879 3385 905 3434 in
919 3386 970 3435 rita
982 3385 1086 3446 perlecta
1131 3386 1279 3432 esseceuset.
1311 3380 1381 3430 Plato
1392 3381 1508 3431 antemio
1521 3382 1568 3432 boe
1586 3383 1734 3433 consentiens
1748 3381 1865 3430 τοιοῦτον

313 3482 370 3518 eum
400 3482 520 3520 meuessu.
553 3470 670 3520 Nimirum
700 3472 730 3520 ad
753 3471 937 3537 discerpendum
966 3471 1085 3521 bonorum
1131 3458 1205 3532 crito:
1218 3469 1365 3530 deeoqnod
1382 3469 1528 3531 qiraecipuum
1544 3465 1650 3520 tnncbls
1663 3468 1795 3524 estombli,
1808 3467 1864 3525 pulsu

313 3570 386 3607 usum
407 3557 457 3606 vita
478 3557 583 3620 perlecta
597 3558 703 3628 ponitur,
719 3573 843 3610 successus
864 3564 958 3622 autem,
974 3559 1085 3624 quonium
1130 3555 1187 3606 dum
1200 3569 1260 3618 esse,
1272 3558 1349 3605 Deum
1359 3555 1428 3605 nobis
1442 3555 1500 3605 illud
1511 3569 1554 3618 pro
1565 3556 1676 3606 dmmone
1686 3551 1863 3614 dedisse,lleoque

312 3656 372 3693 usus
383 3646 407 3693 ln
420 3643 499 3704 bouis,
512 3657 561 3694 non
579 3644 605 3694 iu
618 3644 688 3695 malis
701 3646 815 3695 cernitur.
847 3647 925 3708 litque
938 3647 977 3694 talc
989 3644 1085 3708 quidem
1130 3645 1202 3694 etium
1221 3643 1247 3693 in
1260 3657 1288 3693 eo
1301 3644 1436 3694 felicitatem
1455 3643 1534 3693 inesse
1550 3657 1557 3686 =
1581 3645 1670 3706 quippe
1683 3643 1707 3691 in
1725 3639 1788 3690 animi
1802 3632 1864 3698 prinei·

312 3730 367 3778 duis
382 3735 432 3791 est;
446 3729 581 3779 idemvero
595 3730 717 3780 Platonica
730 3730 883 3781 translatione
899 3719 1085 3792 teticltasappel·
1131 3730 1288 3794 pstubouum
1301 3729 1634 3792 bonhsbilumqneudsmet
1652 3730 1791 3779 allectionem
1805 3721 1864 3776 root.
1922 3773 1923 3790 ¹

311 3815 382 3865 tetur.
414 3819 468 3866 Jam
491 3816 698 3879 scoposdesiderii
717 3830 797 3866 rerum
819 3817 957 3867 homiuibus
974 3819 1086 3878 erpeten-
1129 3813 1199 3876 cujus
1209 3815 1305 3867 initium
1316 3815 1414 3877 quidem
1428 3816 1458 3865 sb
1469 3815 1597 3866 alteetibus
1608 3799 1725 3876 sumetur,
1738 3814 1785 3863 finis
1796 3817 1865 3858 remu
1922 3869 1923 3874 γ

309 3901 454 3952 dammlres
466 3903 550 3966 ponit:
564 3904 811 3965 honestum,utileet
825 3903 968 3965 iucundum.
1002 3905 1084 3953 lione·
1129 3903 1246 3953 terminus
1265 3902 1413 3952 ratiocinatio
1424 3903 1463 3954 sil.
1497 3904 1593 3966 Quippe
1608 3905 1661 3953 lame
1672 3903 1720 3965 ejus
1731 3899 1796 3951 verbs
1807 3894 1864 3944 sunl:
1922 3901 1923 3954 γ

309 3989 376 4038 stum
394 3988 493 4051 quidem
511 3989 663 4039 cumvictus
681 3992 718 4039 est
735 3994 786 4039 tum
809 3988 925 4053 quidquid
941 3989 1030 4039 virtute
1050 3991 1086 4038 est
1129 3989 1177 4038 duo
1193 3989 1271 4040 toules
1284 3991 1369 4040 ustura
1381 3990 1460 4039 emissi
1476 3990 1572 4052 llunnl,
1585 3992 1698 4054 voluptas
1706 3992 1729 4040 et
1740 3979 1866 4044 dolorequ-
1922 3969 1923 4052 ¹

310 4075 453 4139 prmdilum,
472 4077 500 4125 ut
516 4075 554 4125 uir
567 4075 646 4125 bonus
659 4078 761 4126 streete
776 4076 880 4138 tectum,
896 4076 929 4126 itu
950 4057 977 4125 nt
993 4076 1083 4125 bonum
1130 4075 1175 4125 bus
1187 4077 1229 4139 qui
1241 4076 1305 4126 unde
1321 4079 1345 4127 et
1357 4077 1396 4126 ubi
1408 4079 1434 4127 el
1444 4077 1566 4139 quomodo
1583 4079 1619 4128 tas
1632 4081 1680 4140 sit,
1693 4072 1866 4134 incommodius
1922 4055 1923 4108 ί

309 4161 343 4210 sit
356 4162 561 4225 quodbonestum
573 4165 629 4225 est,
650 4163 751 4224 ideoque
763 4163 835 4213 ctiam
850 4163 968 4215 laudabile
982 4167 1008 4212 et
1020 4163 1083 4226 quod
1128 4163 1408 4224 quininusmiserest.
1442 4157 1866 4228 lteqnecumvolnptetemacdolmn
1922 4231 1923 4234 γ

309 4249 380 4300 laude
401 4248 485 4311 dignos
504 4247 591 4298 reddit.
623 4249 688 4298 Utile
705 4255 786 4299 sutem
811 4256 848 4300 est
870 4250 935 4313 quod
957 4250 988 4299 sd
1009 4250 1083 4300 vitam
1128 4249 1285 4310 memorsvit,
1301 4250 1338 4331 ab
1347 4250 1473 4301 aflectibus
1485 4251 1580 4302 initium
1593 4247 1865 4308 beatitudinisceplllium
1922 4235 1923 4258 ¹

308 4336 421 4400 prodmt,
439 4347 488 4398 quo
511 4335 722 4399 emolumentur,
738 4338 804 4400 quod
820 4337 850 4386 ad
869 4337 930 4387 beue
953 4337 1083 4388 vivendum
1127 4348 1183 4386 eum
1201 4337 1244 4399 qui
1257 4336 1320 4386 unde
1335 4337 1414 4387 etubi
1428 4343 1452 4387 et
1465 4338 1587 4400 quomodo
1609 4340 1703 4396 laesit,
1719 4333 1813 4392 bonnet,
1828 4327 1866 4376 btt-
1922 4361 1923 4364 =

307 4425 382 4474 ualet
413 4423 480 4474 Talia
492 4428 549 4474 suot
560 4424 634 4473 auiml
645 4424 799 4488 corporisque
811 4425 889 4487 bona,
899 4425 929 4476 de
942 4426 1029 4490 quibus
1043 4441 1083 4476 sn·
1127 4428 1179 4472 tum
1192 4424 1268 4484 dixit,
1280 4424 1377 4474 rationis
1388 4425 1516 4475 discrimen
1529 4425 1674 4476 beatitudini
1688 4422 1796 4485 adlunsit.
1811 4419 1866 4473 Atili

308 4511 470 4562 teadisimus
503 4510 712 4593 luctandumque
723 4514 760 4562 est
774 4513 868 4575 propris
879 4513 952 4563 ammi
962 4515 987 4562 et
999 4527 1081 4578 corpo·
1127 4510 1209 4560 tuboe
1217 4511 1314 4573 quidem
1326 4511 1730 4576 intersecousentiuntequuteuus
1740 4514 1810 4559 sutem
1821 4501 1867 4552 Plato
1922 4518 1923 4548 ι

307 4599 341 4648 ris
355 4599 466 4660 allectio,
476 4597 507 4647 ad
519 4597 627 4648 naturale
642 4598 674 4648 ab
684 4599 789 4662 eoquod
801 4603 894 4650 uaturm
904 4606 1022 4664 repugnat
1036 4601 1083 4651 du·
1127 4595 1151 4648 iu
1165 4598 1255 4648 ratione
1266 4598 1327 4649 bene
1343 4597 1463 4648 subducta
1479 4600 1654 4661 ponitbonum
1666 4597 1799 4649 antecedens
1809 4593 1828 4639 el
1840 4597 1867 4648 per
1922 4603 1923 4662 j

308 4699 382 4748 cens,
397 4683 601 4749 quemadmodum
616 4685 641 4736 lu
658 4686 870 4738 'timaeodelmirit
884 4687 958 4738 Plato.
989 4688 1081 4739 tristo-
1126 4697 1153 4735 se
1170 4685 1319 4748 eligendum,
1333 4686 1359 4736 iu
1380 4687 1502 4748 roluplste
1519 4698 1578 4736 nero
1597 4677 1868 4751 musequeus,qu⁰dil⁵⁸
1922 4747 1923 4752 ¹

307 4771 368 4820 teies
382 4771 408 4819 in
434 4769 529 4820 decimo
553 4770 669 4820 librorum
688 4770 719 4820 ad
746 4771 931 4834 Nicomachum,
955 4773 1082 4824 Eudoxum
1126 4771 1358 4844 quoquslgsudium
1378 4775 1403 4822 et
1425 4773 1633 4836 perturbationum
1654 4773 1791 4823 nocuitatem
1812 4759 1868 4812 serbis
1922 4767 1923 4786 ο

308 4858 454 4920 astrologum
466 4857 589 4908 existimat
604 4857 752 4921 voluptatem
767 4872 811 4922 pro
824 4859 871 4909 tine
885 4859 1004 4912 babuisse.
1126 4859 1190 4910 idem
1200 4861 1376 4912 declarantibus
1392 4865 1464 4912 voest
1473 4899 1480 4922 ,
1490 4863 1624 4913 necessario
1640 4862 1778 4924 discrepent.

338 4947 489 4996 Democritus
504 4949 530 4997 et
549 4945 617 4996 Pisto
632 4947 790 4998 communiter
807 4947 926 4997 lumime
945 4948 1081 4999 felicitatem
1157 4950 1247 4998 bonnm
1259 4955 1310 5010 est,
1324 4949 1388 4999 unde
1403 4948 1494 5000 utilitas
1505 4949 1644 5014 percipitur,
1660 4952 1685 5000 et
1697 4947 1758 5012 quod
1770 4940 1867 4994 omnim·

307 5038 409 5096 ponunt.
440 5038 471 5086 lit
484 5037 525 5086 ille
539 5036 636 5098 quidem
649 5036 996 5088 slescrtbitzanlmitetlcitss
1010 5039 1080 5088 etin·
1126 5035 1304 5099 liouepreudttu
1320 5035 1442 5099 praecipue
1455 5040 1583 5100 appetunt;
1597 5039 1622 5087 et
1635 5035 1699 5100 quod
1717 5033 1753 5084 vet
1767 5023 1868 5082 monlon

308 5121 407 5172 felicitas
419 5135 467 5172 non
479 5123 504 5172 iu
523 5123 705 5187 (possidendis)
723 5125 834 5187 gregibus
847 5128 871 5176 et
882 5139 941 5176 auro
956 5127 1080 5188 consistil;
1127 5130 1238 5179 auduram
1259 5129 1297 5176 eat
1315 5127 1353 5177 rel
1368 5127 1420 5190 ejus
1433 5128 1556 5188 ciliciens;
1573 5127 1631 5176 item
1653 5123 1765 5176 naturalis
1777 5114 1869 5182 appetitus

307 5209 401 5260 mimus
411 5211 448 5261 est
459 5209 605 5261 domicilium
618 5211 740 5263 numinisc
753 5214 866 5262 ceterum
878 5213 950 5262 animi
964 5213 1080 5276 tranquil·
1126 5216 1150 5264 et
1161 5215 1224 5276 quod
1240 5215 1372 5268 naturalem
1384 5215 1515 5266 sensilium
1535 5217 1634 5276 moret,
1648 5219 1673 5266 el
1686 5213 1724 5264 cul
1735 5202 1869 5262 conveniente
