<?xml version="1.0" encoding="UTF-8"?>
<!DOCTYPE html PUBLIC "-//W3C//DTD XHTML 1.0 Transitional//EN"
    "http://www.w3.org/TR/xhtml1/DTD/xhtml1-transitional.dtd">
<html xmlns="http://www.w3.org/1999/xhtml" xml:lang="en" lang="en">
 <head>
  <title>
</title>
<meta http-equiv="Content-Type" content="text/html;charset=utf-8" />
  <meta name='ocr-system' content='tesseract 3.04.00' />
  <meta name='ocr-capabilities' content='ocr_page ocr_carea ocr_par ocr_line ocrx_word'/>
</head>
<body>
  <div class='ocr_page' id='page_1' title='image "./fragmentaphilos02mullgoog/fragmentaphilos02mullgoog_0111.png"; bbox 0 0 3959 5925; ppageno 0'>
   <div class='ocr_carea' id='block_1_1' title="bbox 685 362 1712 428">
    <p class='ocr_par' dir='ltr' id='par_1_1' title="bbox 685 362 1712 428">
     <span class='ocr_line' id='line_1_1' title="bbox 685 362 1712 428; baseline 0.006 -6"><span class='ocrx_word' id='word_1_1' title='bbox 685 362 736 423; x_wconf 84' lang='lat' dir='ltr'><strong>Dii</strong></span> <span class='ocrx_word' id='word_1_2' title='bbox 757 363 905 424; x_wconf 81' lang='lat' dir='ltr'><strong>GORGIA</strong></span> <span class='ocrx_word' id='word_1_3' title='bbox 926 364 1132 425; x_wconf 82' lang='lat' dir='ltr'><strong>LEONTlNO.</strong></span> <span class='ocrx_word' id='word_1_4' title='bbox 1607 386 1712 428; x_wconf 73' lang='lat' dir='ltr'><strong>cxxxv</strong></span> 
     </span>
    </p>
   </div>
   <div class='ocr_carea' id='block_1_2' title="bbox 113 492 1717 2153">
    <p class='ocr_par' dir='ltr' id='par_1_2' title="bbox 114 492 1717 1362">
     <span class='ocr_line' id='line_1_2' title="bbox 115 492 1716 575; baseline 0.006 -27"><span class='ocrx_word' id='word_1_5' title='bbox 115 494 145 549; x_wconf 85' lang='lat' dir='ltr'><strong>lii</strong></span> <span class='ocrx_word' id='word_1_6' title='bbox 167 492 286 569; x_wconf 74' lang='lat' dir='ltr'><strong>Gorgias</strong></span> <span class='ocrx_word' id='word_1_7' title='bbox 308 495 468 552; x_wconf 82' lang='lat' dir='ltr'><strong>imitatores</strong></span> <span class='ocrx_word' id='word_1_8' title='bbox 487 494 610 566; x_wconf 89' lang='lat' dir='ltr'><strong>suerint,</strong></span> <span class='ocrx_word' id='word_1_9' title='bbox 626 496 749 554; x_wconf 87' lang='lat' dir='ltr'><strong>delinire</strong></span> <span class='ocrx_word' id='word_1_10' title='bbox 767 517 826 555; x_wconf 92' lang='lat' dir='ltr'><strong>non</strong></span> <span class='ocrx_word' id='word_1_11' title='bbox 843 517 893 555; x_wconf 89' lang='lat' dir='ltr'><strong>au·</strong></span> <span class='ocrx_word' id='word_1_12' title='bbox 939 497 1033 555; x_wconf 89' lang='lat' dir='ltr'><strong>luctus</strong></span> <span class='ocrx_word' id='word_1_13' title='bbox 1057 497 1189 572; x_wconf 83' lang='lat' dir='ltr'><strong>flagitare</strong></span> <span class='ocrx_word' id='word_1_14' title='bbox 1233 498 1301 572; x_wconf 73' lang='grc'>(67).</span> <span class='ocrx_word' id='word_1_15' title='bbox 1324 498 1361 553; x_wconf 90' lang='lat' dir='ltr'><strong>At</strong></span> <span class='ocrx_word' id='word_1_16' title='bbox 1383 496 1504 574; x_wconf 87' lang='lat' dir='ltr'><strong>Pythica</strong></span> <span class='ocrx_word' id='word_1_17' title='bbox 1519 496 1610 555; x_wconf 90' lang='lat' dir='ltr'><strong>oratio</strong></span> <span class='ocrx_word' id='word_1_18' title='bbox 1633 499 1716 575; x_wconf 88' lang='lat' dir='ltr'><strong>cujus</strong></span> 
     </span>
     <span class='ocr_line' id='line_1_3' title="bbox 114 581 1717 663; baseline 0.006 -27"><span class='ocrx_word' id='word_1_19' title='bbox 114 581 381 658; x_wconf 86' lang='lat' dir='ltr'><strong>‹lemus,siquidem</strong></span> <span class='ocrx_word' id='word_1_20' title='bbox 390 594 501 641; x_wconf 84' lang='lat' dir='ltr'><strong>veteres</strong></span> <span class='ocrx_word' id='word_1_21' title='bbox 511 584 590 641; x_wconf 92' lang='lat' dir='ltr'><strong>illius</strong></span> <span class='ocrx_word' id='word_1_22' title='bbox 598 584 707 662; x_wconf 89' lang='lat' dir='ltr'><strong>scripta</strong></span> <span class='ocrx_word' id='word_1_23' title='bbox 714 605 779 642; x_wconf 90' lang='lat' dir='ltr'><strong>corn</strong></span> <span class='ocrx_word' id='word_1_24' title='bbox 788 584 892 643; x_wconf 90' lang='lat' dir='ltr'><strong>horum</strong></span> <span class='ocrx_word' id='word_1_25' title='bbox 938 584 1016 643; x_wconf 89' lang='lat' dir='ltr'><strong>idem</strong></span> <span class='ocrx_word' id='word_1_26' title='bbox 1030 586 1163 642; x_wconf 83' lang='lat' dir='ltr'><strong>meminit</strong></span> <span class='ocrx_word' id='word_1_27' title='bbox 1177 584 1369 643; x_wconf 79' lang='lat' dir='ltr'><strong>Philostratus</strong></span> <span class='ocrx_word' id='word_1_28' title='bbox 1385 583 1457 663; x_wconf 93' lang='grc'>(68),</span> <span class='ocrx_word' id='word_1_29' title='bbox 1470 587 1501 643; x_wconf 93' lang='lat' dir='ltr'><strong>in</strong></span> <span class='ocrx_word' id='word_1_30' title='bbox 1516 604 1573 661; x_wconf 86' lang='lat' dir='ltr'><strong>qua</strong></span> <span class='ocrx_word' id='word_1_31' title='bbox 1594 589 1717 646; x_wconf 91' lang='lat' dir='ltr'><strong>materia</strong></span> 
     </span>
     <span class='ocr_line' id='line_1_4' title="bbox 115 660 1716 744; baseline 0.005 -19"><span class='ocrx_word' id='word_1_32' title='bbox 115 668 204 727; x_wconf 89' lang='lat' dir='ltr'><strong>libris</strong></span> <span class='ocrx_word' id='word_1_33' title='bbox 225 660 431 727; x_wconf 70' lang='lat' dir='ltr'><strong>contendentis</strong></span> <span class='ocrx_word' id='word_1_34' title='bbox 449 673 540 728; x_wconf 94' lang='lat' dir='ltr'><strong>multo</strong></span> <span class='ocrx_word' id='word_1_35' title='bbox 561 671 676 731; x_wconf 81' lang='lat' dir='ltr'><strong>facilius</strong></span> <span class='ocrx_word' id='word_1_36' title='bbox 695 672 731 730; x_wconf 91' lang='lat' dir='ltr'><strong>de</strong></span> <span class='ocrx_word' id='word_1_37' title='bbox 752 675 894 733; x_wconf 89' lang='lat' dir='ltr'><strong>sermonis</strong></span> <span class='ocrx_word' id='word_1_38' title='bbox 940 684 1055 730; x_wconf 83' lang='lat' dir='ltr'><strong>versata</strong></span> <span class='ocrx_word' id='word_1_39' title='bbox 1071 672 1127 744; x_wconf 89' lang='lat' dir='ltr'><strong>sit,</strong></span> <span class='ocrx_word' id='word_1_40' title='bbox 1150 672 1297 730; x_wconf 89' lang='lat' dir='ltr'><strong>declarare</strong></span> <span class='ocrx_word' id='word_1_41' title='bbox 1310 685 1421 730; x_wconf 88' lang='lat' dir='ltr'><strong>veteres</strong></span> <span class='ocrx_word' id='word_1_42' title='bbox 1443 674 1613 734; x_wconf 87' lang='lat' dir='ltr'><strong>omiserunt.</strong></span> <span class='ocrx_word' id='word_1_43' title='bbox 1656 676 1716 733; x_wconf 89' lang='lat' dir='ltr'><strong>lloo</strong></span> 
     </span>
     <span class='ocr_line' id='line_1_5' title="bbox 115 756 1716 841; baseline 0.006 -28"><span class='ocrx_word' id='word_1_44' title='bbox 115 776 223 830; x_wconf 82' lang='lat' dir='ltr'><strong>genere</strong></span> <span class='ocrx_word' id='word_1_45' title='bbox 246 776 280 814; x_wconf 84' lang='lat' dir='ltr'><strong>ac</strong></span> <span class='ocrx_word' id='word_1_46' title='bbox 299 756 337 814; x_wconf 93' lang='lat' dir='ltr'><strong>de</strong></span> <span class='ocrx_word' id='word_1_47' title='bbox 357 757 531 816; x_wconf 93' lang='lat' dir='ltr'><strong>imitationis</strong></span> <span class='ocrx_word' id='word_1_48' title='bbox 544 759 676 833; x_wconf 85' lang='lat' dir='ltr'><strong>vestigiis</strong></span> <span class='ocrx_word' id='word_1_49' title='bbox 688 780 774 837; x_wconf 90' lang='lat' dir='ltr'><strong>quam</strong></span> <span class='ocrx_word' id='word_1_50' title='bbox 788 775 894 820; x_wconf 87' lang='lat' dir='ltr'><strong>nostrae</strong></span> <span class='ocrx_word' id='word_1_51' title='bbox 938 771 1049 817; x_wconf 92' lang='lat' dir='ltr'><strong>tantum</strong></span> <span class='ocrx_word' id='word_1_52' title='bbox 1073 760 1254 837; x_wconf 81' lang='lat' dir='ltr'><strong>exploratum</strong></span> <span class='ocrx_word' id='word_1_53' title='bbox 1277 759 1363 817; x_wconf 92' lang='lat' dir='ltr'><strong>nobis</strong></span> <span class='ocrx_word' id='word_1_54' title='bbox 1380 774 1434 826; x_wconf 88' lang='lat' dir='ltr'><strong>est,</strong></span> <span class='ocrx_word' id='word_1_55' title='bbox 1448 762 1527 819; x_wconf 91' lang='lat' dir='ltr'><strong>illam</strong></span> <span class='ocrx_word' id='word_1_56' title='bbox 1548 762 1716 841; x_wconf 87' lang='lat' dir='ltr'><strong>eDelphici</strong></span> 
     </span>
     <span class='ocr_line' id='line_1_6' title="bbox 115 844 1715 927; baseline 0.006 -27"><span class='ocrx_word' id='word_1_57' title='bbox 115 846 210 902; x_wconf 84' lang='lat' dir='ltr'><strong>aetatis</strong></span> <span class='ocrx_word' id='word_1_58' title='bbox 228 844 360 902; x_wconf 77' lang='lat' dir='ltr'><strong>hominos</strong></span> <span class='ocrx_word' id='word_1_59' title='bbox 375 846 507 921; x_wconf 87' lang='lat' dir='ltr'><strong>judicare</strong></span> <span class='ocrx_word' id='word_1_60' title='bbox 528 859 667 923; x_wconf 81' lang='lat' dir='ltr'><strong>poterant.</strong></span> <span class='ocrx_word' id='word_1_61' title='bbox 711 847 895 927; x_wconf 79' lang='lat' dir='ltr'><strong>Quapropter</strong></span> <span class='ocrx_word' id='word_1_62' title='bbox 939 847 1040 924; x_wconf 90' lang='lat' dir='ltr'><strong>templi</strong></span> <span class='ocrx_word' id='word_1_63' title='bbox 1052 866 1102 905; x_wconf 85' lang='lat' dir='ltr'><strong>ara</strong></span> <span class='ocrx_word' id='word_1_64' title='bbox 1115 866 1178 906; x_wconf 86' lang='lat' dir='ltr'><strong>esse</strong></span> <span class='ocrx_word' id='word_1_65' title='bbox 1190 850 1349 907; x_wconf 87' lang='lat' dir='ltr'><strong>recitatam.</strong></span> <span class='ocrx_word' id='word_1_66' title='bbox 1390 848 1499 917; x_wconf 87' lang='lat' dir='ltr'><strong>Quarta</strong></span> <span class='ocrx_word' id='word_1_67' title='bbox 1513 848 1629 925; x_wconf 81' lang='lat' dir='ltr'><strong>Gorgiae</strong></span> <span class='ocrx_word' id='word_1_68' title='bbox 1646 871 1715 909; x_wconf 92' lang='lat' dir='ltr'><strong>ora-</strong></span> 
     </span>
     <span class='ocr_line' id='line_1_7' title="bbox 115 931 1715 1014; baseline 0.006 -26"><span class='ocrx_word' id='word_1_69' title='bbox 115 933 173 989; x_wconf 90' lang='lat' dir='ltr'><strong>etsi</strong></span> <span class='ocrx_word' id='word_1_70' title='bbox 187 931 322 1008; x_wconf 82' lang='lat' dir='ltr'>Dionysii</span> <span class='ocrx_word' id='word_1_71' title='bbox 339 932 601 996; x_wconf 84' lang='lat' dir='ltr'><strong>Halicarnassensis</strong></span> <span class='ocrx_word' id='word_1_72' title='bbox 617 934 800 1011; x_wconf 89' lang='lat' dir='ltr'><strong>aliorumque</strong></span> <span class='ocrx_word' id='word_1_73' title='bbox 814 937 894 994; x_wconf 90' lang='lat' dir='ltr'><strong>criti·</strong></span> <span class='ocrx_word' id='word_1_74' title='bbox 942 935 1072 993; x_wconf 90' lang='lat' dir='ltr'><strong>tiuncula</strong></span> <span class='ocrx_word' id='word_1_75' title='bbox 1093 936 1148 993; x_wconf 91' lang='lat' dir='ltr'><strong>suit</strong></span> <span class='ocrx_word' id='word_1_76' title='bbox 1169 935 1304 994; x_wconf 87' lang='lat' dir='ltr'><strong>Eleorum</strong></span> <span class='ocrx_word' id='word_1_77' title='bbox 1327 936 1467 1009; x_wconf 88' lang='lat' dir='ltr'><strong>laudatio,</strong></span> <span class='ocrx_word' id='word_1_78' title='bbox 1488 937 1661 1014; x_wconf 91' lang='lat' dir='ltr'><strong>reprehensa</strong></span> <span class='ocrx_word' id='word_1_79' title='bbox 1678 940 1715 997; x_wconf 91' lang='lat' dir='ltr'><strong>ab</strong></span> 
     </span>
     <span class='ocr_line' id='line_1_8' title="bbox 117 1020 1714 1102; baseline 0.005 -26"><span class='ocrx_word' id='word_1_80' title='bbox 117 1039 223 1077; x_wconf 87' lang='lat' dir='ltr'><strong>corum</strong></span> <span class='ocrx_word' id='word_1_81' title='bbox 238 1020 406 1077; x_wconf 79' lang='lat' dir='ltr'><strong>sententiam</strong></span> <span class='ocrx_word' id='word_1_82' title='bbox 421 1039 457 1077; x_wconf 86' lang='lat' dir='ltr'><strong>ex</strong></span> <span class='ocrx_word' id='word_1_83' title='bbox 472 1034 553 1097; x_wconf 92' lang='lat' dir='ltr'><strong>parte</strong></span> <span class='ocrx_word' id='word_1_84' title='bbox 565 1020 734 1098; x_wconf 87' lang='lat' dir='ltr'><strong>probamus,</strong></span> <span class='ocrx_word' id='word_1_85' title='bbox 746 1036 840 1081; x_wconf 91' lang='lat' dir='ltr'><strong>tamen</strong></span> <span class='ocrx_word' id='word_1_86' title='bbox 863 1025 893 1082; x_wconf 90' lang='lat' dir='ltr'><strong>in</strong></span> <span class='ocrx_word' id='word_1_87' title='bbox 942 1021 1096 1079; x_wconf 79' lang='lat' dir='ltr'><strong>Aristotele</strong></span> <span class='ocrx_word' id='word_1_88' title='bbox 1122 1022 1200 1101; x_wconf 86' lang='lat'>(69),</span> <span class='ocrx_word' id='word_1_89' title='bbox 1223 1023 1301 1099; x_wconf 89' lang='lat' dir='ltr'><strong>quod</strong></span> <span class='ocrx_word' id='word_1_90' title='bbox 1327 1026 1451 1102; x_wconf 85' lang='lat' dir='ltr'><strong>scriptor</strong></span> <span class='ocrx_word' id='word_1_91' title='bbox 1472 1025 1553 1083; x_wconf 92' lang='lat' dir='ltr'><strong>nullo</strong></span> <span class='ocrx_word' id='word_1_92' title='bbox 1580 1045 1641 1083; x_wconf 85' lang='lat' dir='ltr'><strong>eam</strong></span> <span class='ocrx_word' id='word_1_93' title='bbox 1670 1029 1714 1084; x_wconf 91' lang='lat' dir='ltr'><strong>in-</strong></span> 
     </span>
     <span class='ocr_line' id='line_1_9' title="bbox 115 1105 1715 1189; baseline 0.006 -26"><span class='ocrx_word' id='word_1_94' title='bbox 115 1105 174 1164; x_wconf 90' lang='lat' dir='ltr'><strong>bac</strong></span> <span class='ocrx_word' id='word_1_95' title='bbox 197 1119 276 1164; x_wconf 88' lang='lat' dir='ltr'><strong>tanta</strong></span> <span class='ocrx_word' id='word_1_96' title='bbox 299 1107 483 1183; x_wconf 84' lang='lat' dir='ltr'><strong>antiquarum</strong></span> <span class='ocrx_word' id='word_1_97' title='bbox 515 1107 674 1166; x_wconf 89' lang='lat' dir='ltr'><strong>litterarum</strong></span> <span class='ocrx_word' id='word_1_98' title='bbox 696 1108 810 1186; x_wconf 89' lang='lat' dir='ltr'><strong>jactura</strong></span> <span class='ocrx_word' id='word_1_99' title='bbox 830 1130 892 1169; x_wconf 87' lang='lat' dir='ltr'><strong>eam</strong></span> <span class='ocrx_word' id='word_1_100' title='bbox 941 1109 1094 1172; x_wconf 84' lang='lat' dir='ltr'><strong>struxisset</strong></span> <span class='ocrx_word' id='word_1_101' title='bbox 1112 1110 1244 1170; x_wconf 83' lang='lat' dir='ltr'><strong>exordio.</strong></span> <span class='ocrx_word' id='word_1_102' title='bbox 1288 1110 1369 1169; x_wconf 87' lang='lat' dir='ltr'><strong>Adde</strong></span> <span class='ocrx_word' id='word_1_103' title='bbox 1390 1112 1468 1189; x_wconf 90' lang='lat' dir='ltr'><strong>quod</strong></span> <span class='ocrx_word' id='word_1_104' title='bbox 1493 1125 1551 1170; x_wconf 91' lang='lat' dir='ltr'><strong>tum</strong></span> <span class='ocrx_word' id='word_1_105' title='bbox 1576 1114 1715 1173; x_wconf 82' lang='lat' dir='ltr'><strong>Achillem</strong></span> 
     </span>
     <span class='ocr_line' id='line_1_10' title="bbox 116 1194 1715 1279; baseline 0.007 -28"><span class='ocrx_word' id='word_1_106' title='bbox 116 1213 217 1272; x_wconf 89' lang='lat' dir='ltr'><strong>neque</strong></span> <span class='ocrx_word' id='word_1_107' title='bbox 230 1194 402 1252; x_wconf 83' lang='lat' dir='ltr'><strong>confirmare</strong></span> <span class='ocrx_word' id='word_1_108' title='bbox 415 1197 593 1270; x_wconf 78' lang='lat' dir='ltr'><strong>argumentis</strong></span> <span class='ocrx_word' id='word_1_109' title='bbox 609 1213 703 1274; x_wconf 89' lang='lat' dir='ltr'><strong>neque</strong></span> <span class='ocrx_word' id='word_1_110' title='bbox 717 1198 847 1257; x_wconf 83' lang='lat' dir='ltr'><strong>refellere</strong></span> <span class='ocrx_word' id='word_1_111' title='bbox 862 1200 894 1258; x_wconf 92' lang='lat' dir='ltr'><strong>in</strong></span> <span class='ocrx_word' id='word_1_112' title='bbox 939 1210 1001 1255; x_wconf 92' lang='lat' dir='ltr'><strong>tum</strong></span> <span class='ocrx_word' id='word_1_113' title='bbox 1023 1197 1221 1256; x_wconf 75' lang='lat' dir='ltr'><strong>fortitudinem</strong></span> <span class='ocrx_word' id='word_1_114' title='bbox 1237 1197 1374 1257; x_wconf 88' lang='lat' dir='ltr'><strong>laudibus</strong></span> <span class='ocrx_word' id='word_1_115' title='bbox 1386 1202 1513 1261; x_wconf 86' lang='lat' dir='ltr'><strong>ornavit.</strong></span> <span class='ocrx_word' id='word_1_116' title='bbox 1558 1201 1715 1279; x_wconf 86' lang='lat' dir='ltr'><strong>Utriusque</strong></span> 
     </span>
     <span class='ocr_line' id='line_1_11' title="bbox 116 1284 1714 1362; baseline 0.006 -22"><span class='ocrx_word' id='word_1_117' title='bbox 116 1285 220 1341; x_wconf 88' lang='lat' dir='ltr'><strong>animo</strong></span> <span class='ocrx_word' id='word_1_118' title='bbox 231 1296 282 1343; x_wconf 90' lang='lat' dir='ltr'><strong>est.</strong></span> <span class='ocrx_word' id='word_1_119' title='bbox 939 1286 1017 1342; x_wconf 90' lang='lat' dir='ltr'><strong>enim</strong></span> <span class='ocrx_word' id='word_1_120' title='bbox 1053 1284 1194 1343; x_wconf 88' lang='lat' dir='ltr'><strong>orationis</strong></span> <span class='ocrx_word' id='word_1_121' title='bbox 1227 1287 1403 1362; x_wconf 82' lang='lat' dir='ltr'><strong>mentionem</strong></span> <span class='ocrx_word' id='word_1_122' title='bbox 1447 1288 1515 1346; x_wconf 85' lang='lat' dir='ltr'><strong>iacit</strong></span> <span class='ocrx_word' id='word_1_123' title='bbox 1545 1290 1714 1350; x_wconf 90' lang='lat' dir='ltr'><strong>Aristoteles</strong></span> 
     </span>
    </p>

    <p class='ocr_par' dir='ltr' id='par_1_3' title="bbox 113 1370 1714 2153">
     <span class='ocr_line' id='line_1_12' title="bbox 156 1370 1712 1452; baseline 0.008 -25"><span class='ocrx_word' id='word_1_124' title='bbox 156 1370 182 1427; x_wconf 89' lang='lat' dir='ltr'>E</span> <span class='ocrx_word' id='word_1_125' title='bbox 193 1370 310 1445; x_wconf 73' lang='lat' dir='ltr'><strong>Gorgiae</strong></span> <span class='ocrx_word' id='word_1_126' title='bbox 322 1371 439 1448; x_wconf 90' lang='lat' dir='ltr'><strong>scriptis</strong></span> <span class='ocrx_word' id='word_1_127' title='bbox 458 1372 556 1447; x_wconf 90' lang='lat' dir='ltr'><strong>primo</strong></span> <span class='ocrx_word' id='word_1_128' title='bbox 572 1371 637 1431; x_wconf 88' lang='lat' dir='ltr'><strong>loco</strong></span> <span class='ocrx_word' id='word_1_129' title='bbox 649 1374 783 1451; x_wconf 90' lang='lat' dir='ltr'><strong>ponimus</strong></span> <span class='ocrx_word' id='word_1_130' title='bbox 793 1374 893 1451; x_wconf 85' lang='lat' dir='ltr'><strong>Qlym·</strong></span> <span class='ocrx_word' id='word_1_131' title='bbox 941 1371 1014 1447; x_wconf 82' lang='lat'><strong>(70).</strong></span> <span class='ocrx_word' id='word_1_132' title='bbox 1035 1372 1168 1449; x_wconf 86' lang='lat' dir='ltr'><strong>Denique</strong></span> <span class='ocrx_word' id='word_1_133' title='bbox 1182 1386 1272 1430; x_wconf 88' lang='lat' dir='ltr'><strong>artem</strong></span> <span class='ocrx_word' id='word_1_134' title='bbox 1294 1376 1453 1433; x_wconf 90' lang='lat' dir='ltr'><strong>oratoriam</strong></span> <span class='ocrx_word' id='word_1_135' title='bbox 1473 1376 1565 1435; x_wconf 89' lang='lat' dir='ltr'><strong>edidit</strong></span> <span class='ocrx_word' id='word_1_136' title='bbox 1578 1377 1712 1452; x_wconf 87' lang='lat' dir='ltr'><strong>Gorgias.</strong></span> 
     </span>
     <span class='ocr_line' id='line_1_13' title="bbox 114 1457 1713 1542; baseline 0.005 -27"><span class='ocrx_word' id='word_1_137' title='bbox 114 1458 213 1534; x_wconf 89' lang='lat' dir='ltr'><strong>picam</strong></span> <span class='ocrx_word' id='word_1_138' title='bbox 246 1457 406 1517; x_wconf 87' lang='lat' dir='ltr'><strong>orationem</strong></span> <span class='ocrx_word' id='word_1_139' title='bbox 432 1459 507 1535; x_wconf 80' lang='grc'>(63),</span> <span class='ocrx_word' id='word_1_140' title='bbox 528 1462 642 1517; x_wconf 88' lang='lat' dir='ltr'><strong>citatam</strong></span> <span class='ocrx_word' id='word_1_141' title='bbox 673 1457 709 1517; x_wconf 90' lang='lat' dir='ltr'><strong>ab</strong></span> <span class='ocrx_word' id='word_1_142' title='bbox 740 1462 894 1540; x_wconf 78' lang='lat' dir='ltr'><strong>Aristotele</strong></span> <span class='ocrx_word' id='word_1_143' title='bbox 940 1459 1084 1518; x_wconf 88' lang='lat' dir='ltr'><strong>Nimirum</strong></span> <span class='ocrx_word' id='word_1_144' title='bbox 1107 1458 1274 1536; x_wconf 88' lang='lat' dir='ltr'><strong>hujusmodi</strong></span> <span class='ocrx_word' id='word_1_145' title='bbox 1292 1461 1402 1521; x_wconf 88' lang='lat' dir='ltr'><strong>librum</strong></span> <span class='ocrx_word' id='word_1_146' title='bbox 1416 1463 1453 1521; x_wconf 92' lang='lat' dir='ltr'><strong>ab</strong></span> <span class='ocrx_word' id='word_1_147' title='bbox 1469 1483 1505 1521; x_wconf 88' lang='lat' dir='ltr'><strong>eo</strong></span> <span class='ocrx_word' id='word_1_148' title='bbox 1524 1466 1713 1542; x_wconf 89' lang='lat' dir='ltr'><strong>compositum</strong></span> 
     </span>
     <span class='ocr_line' id='line_1_14' title="bbox 116 1544 1714 1629; baseline 0.005 -26"><span class='ocrx_word' id='word_1_149' title='bbox 116 1544 200 1607; x_wconf 81' lang='lat' dir='ltr'><strong>llhet.</strong></span> <span class='ocrx_word' id='word_1_150' title='bbox 217 1546 458 1623; x_wconf 74' lang='lat' dir='ltr'><strong>tihtttcanrr.</strong></span> <span class='ocrx_word' id='word_1_151' title='bbox 472 1547 894 1628; x_wconf 67' lang='lat' dir='ltr'><strong>ilanceoconsilioDIJmpiae</strong></span> <span class='ocrx_word' id='word_1_152' title='bbox 938 1566 1001 1606; x_wconf 84' lang='lat' dir='ltr'><strong>esse</strong></span> <span class='ocrx_word' id='word_1_153' title='bbox 1040 1560 1182 1605; x_wconf 85' lang='lat' dir='ltr'><strong>testantur</strong></span> <span class='ocrx_word' id='word_1_154' title='bbox 1217 1549 1413 1625; x_wconf 91' lang='lat' dir='ltr'><strong>Apollodorus</strong></span> <span class='ocrx_word' id='word_1_155' title='bbox 1446 1552 1522 1629; x_wconf 91' lang='lat' dir='ltr'><strong>apud</strong></span> <span class='ocrx_word' id='word_1_156' title='bbox 1556 1552 1714 1627; x_wconf 81' lang='lat' dir='ltr'><strong>Diogenem</strong></span> 
     </span>
     <span class='ocr_line' id='line_1_15' title="bbox 114 1633 1712 1713; baseline 0.007 -24"><span class='ocrx_word' id='word_1_157' title='bbox 114 1634 147 1690; x_wconf 93' lang='lat' dir='ltr'><strong>in</strong></span> <span class='ocrx_word' id='word_1_158' title='bbox 168 1654 276 1710; x_wconf 88' lang='lat' dir='ltr'><strong>magno</strong></span> <span class='ocrx_word' id='word_1_159' title='bbox 288 1634 408 1692; x_wconf 83' lang='lat' dir='ltr'><strong>Graeciae</strong></span> <span class='ocrx_word' id='word_1_160' title='bbox 422 1654 560 1693; x_wconf 91' lang='lat' dir='ltr'><strong>consessu</strong></span> <span class='ocrx_word' id='word_1_161' title='bbox 577 1634 680 1693; x_wconf 91' lang='lat' dir='ltr'><strong>babuit</strong></span> <span class='ocrx_word' id='word_1_162' title='bbox 700 1635 845 1713; x_wconf 89' lang='lat' dir='ltr'><strong>sophista,</strong></span> <span class='ocrx_word' id='word_1_163' title='bbox 862 1652 894 1696; x_wconf 91' lang='lat' dir='ltr'><strong>ut</strong></span> <span class='ocrx_word' id='word_1_164' title='bbox 937 1633 1083 1693; x_wconf 85' lang='lat' dir='ltr'><strong>Laertium</strong></span> <span class='ocrx_word' id='word_1_165' title='bbox 1100 1634 1172 1711; x_wconf 79' lang='grc' dir='ltr'>(γι),</span> <span class='ocrx_word' id='word_1_166' title='bbox 1188 1633 1288 1693; x_wconf 87' lang='lat' dir='ltr'><strong>Cicero</strong></span> <span class='ocrx_word' id='word_1_167' title='bbox 1310 1638 1343 1694; x_wconf 91' lang='lat' dir='ltr'><strong>in</strong></span> <span class='ocrx_word' id='word_1_168' title='bbox 1366 1638 1468 1710; x_wconf 85' lang='lat' dir='ltr'><strong>Bruto,</strong></span> <span class='ocrx_word' id='word_1_169' title='bbox 1498 1639 1712 1710; x_wconf 86' lang='lat' dir='ltr'><strong>Quintilianus,</strong></span> 
     </span>
     <span class='ocr_line' id='line_1_16' title="bbox 113 1721 1714 1789; baseline 0.006 -11"><span class='ocrx_word' id='word_1_170' title='bbox 113 1721 235 1781; x_wconf 78' lang='lat' dir='ltr'><strong>Graecos</strong></span> <span class='ocrx_word' id='word_1_171' title='bbox 258 1723 356 1779; x_wconf 91' lang='lat' dir='ltr'><strong>missis</strong></span> <span class='ocrx_word' id='word_1_172' title='bbox 378 1722 525 1780; x_wconf 86' lang='lat' dir='ltr'><strong>intestinis</strong></span> <span class='ocrx_word' id='word_1_173' title='bbox 546 1721 632 1780; x_wconf 88' lang='lat' dir='ltr'><strong>bellis</strong></span> <span class='ocrx_word' id='word_1_174' title='bbox 648 1740 686 1783; x_wconf 82' lang='lat' dir='ltr'><strong>ac</strong></span> <span class='ocrx_word' id='word_1_175' title='bbox 707 1722 838 1783; x_wconf 89' lang='lat' dir='ltr'><strong>dissidiis</strong></span> <span class='ocrx_word' id='word_1_176' title='bbox 857 1725 893 1782; x_wconf 88' lang='lat' dir='ltr'><strong>ad</strong></span> <span class='ocrx_word' id='word_1_177' title='bbox 936 1722 1050 1782; x_wconf 84' lang='lat' dir='ltr'><strong>Suidas.</strong></span> <span class='ocrx_word' id='word_1_178' title='bbox 1065 1721 1099 1779; x_wconf 94' lang='lat' dir='ltr'><strong>ln</strong></span> <span class='ocrx_word' id='word_1_179' title='bbox 1112 1722 1167 1780; x_wconf 93' lang='lat' dir='ltr'><strong>hoc</strong></span> <span class='ocrx_word' id='word_1_180' title='bbox 1182 1735 1276 1781; x_wconf 91' lang='lat' dir='ltr'><strong>autem</strong></span> <span class='ocrx_word' id='word_1_181' title='bbox 1292 1724 1492 1784; x_wconf 84' lang='lat' dir='ltr'><strong>doctissimum</strong></span> <span class='ocrx_word' id='word_1_182' title='bbox 1515 1727 1662 1785; x_wconf 90' lang='lat' dir='ltr'><strong>hominem</strong></span> <span class='ocrx_word' id='word_1_183' title='bbox 1677 1730 1714 1789; x_wconf 89' lang='lat' dir='ltr'><strong>da</strong></span> 
     </span>
     <span class='ocr_line' id='line_1_17' title="bbox 114 1809 1712 1893; baseline 0.004 -26"><span class='ocrx_word' id='word_1_184' title='bbox 114 1810 303 1868; x_wconf 89' lang='lat' dir='ltr'><strong>concordiam</strong></span> <span class='ocrx_word' id='word_1_185' title='bbox 315 1810 455 1868; x_wconf 87' lang='lat' dir='ltr'><strong>excitaret</strong></span> <span class='ocrx_word' id='word_1_186' title='bbox 467 1823 553 1887; x_wconf 88' lang='lat' dir='ltr'><strong>atque</strong></span> <span class='ocrx_word' id='word_1_187' title='bbox 571 1810 607 1868; x_wconf 89' lang='lat' dir='ltr'><strong>ad</strong></span> <span class='ocrx_word' id='word_1_188' title='bbox 628 1829 708 1870; x_wconf 89' lang='lat' dir='ltr'><strong>arma</strong></span> <span class='ocrx_word' id='word_1_189' title='bbox 731 1810 830 1871; x_wconf 90' lang='lat' dir='ltr'><strong>Persis</strong></span> <span class='ocrx_word' id='word_1_190' title='bbox 849 1817 894 1871; x_wconf 92' lang='lat' dir='ltr'><strong>in·</strong></span> <span class='ocrx_word' id='word_1_191' title='bbox 937 1809 1153 1886; x_wconf 90' lang='lat' dir='ltr'><strong>opportunitate</strong></span> <span class='ocrx_word' id='word_1_192' title='bbox 1172 1809 1342 1869; x_wconf 88' lang='lat' dir='ltr'><strong>disseruisse</strong></span> <span class='ocrx_word' id='word_1_193' title='bbox 1371 1814 1559 1888; x_wconf 86' lang='lat' dir='ltr'><strong>colligendum</strong></span> <span class='ocrx_word' id='word_1_194' title='bbox 1587 1834 1623 1873; x_wconf 87' lang='lat' dir='ltr'><strong>ex</strong></span> <span class='ocrx_word' id='word_1_195' title='bbox 1638 1836 1712 1893; x_wconf 90' lang='lat' dir='ltr'><strong>quo-</strong></span> 
     </span>
     <span class='ocr_line' id='line_1_18' title="bbox 115 1895 1713 1980; baseline 0.005 -26"><span class='ocrx_word' id='word_1_196' title='bbox 115 1897 236 1956; x_wconf 82' lang='lat' dir='ltr'><strong>ierenda</strong></span> <span class='ocrx_word' id='word_1_197' title='bbox 248 1897 419 1975; x_wconf 89' lang='lat' dir='ltr'><strong>impelleret.</strong></span> <span class='ocrx_word' id='word_1_198' title='bbox 462 1897 531 1955; x_wconf 89' lang='lat' dir='ltr'><strong>Erat</strong></span> <span class='ocrx_word' id='word_1_199' title='bbox 545 1911 639 1956; x_wconf 90' lang='lat' dir='ltr'><strong>autem</strong></span> <span class='ocrx_word' id='word_1_200' title='bbox 653 1899 808 1957; x_wconf 78' lang='lat' dir='ltr'><strong>exordium</strong></span> <span class='ocrx_word' id='word_1_201' title='bbox 827 1899 892 1957; x_wconf 92' lang='lat' dir='ltr'><strong>lon·</strong></span> <span class='ocrx_word' id='word_1_202' title='bbox 937 1896 1003 1953; x_wconf 89' lang='lat' dir='ltr'><strong>dam</strong></span> <span class='ocrx_word' id='word_1_203' title='bbox 1017 1895 1152 1972; x_wconf 85' lang='lat' dir='ltr'><strong>Dionysii</strong></span> <span class='ocrx_word' id='word_1_204' title='bbox 1168 1896 1713 1980; x_wconf 80' lang='lat' dir='ltr'><strong>Halicarnassensisloco(72).Accedo</strong></span> 
     </span>
     <span class='ocr_line' id='line_1_19' title="bbox 113 1979 1713 2066; baseline 0.005 -22"><span class='ocrx_word' id='word_1_205' title='bbox 113 1989 181 2060; x_wconf 91' lang='lat' dir='ltr'><strong>gius</strong></span> <span class='ocrx_word' id='word_1_206' title='bbox 195 1987 367 2064; x_wconf 89' lang='lat' dir='ltr'><strong>repetitum,</strong></span> <span class='ocrx_word' id='word_1_207' title='bbox 381 1986 621 2064; x_wconf 90' lang='lat' dir='ltr'><strong>quoniambomo</strong></span> <span class='ocrx_word' id='word_1_208' title='bbox 635 1986 891 2045; x_wconf 88' lang='lat' dir='ltr'><strong>disertusinitium</strong></span> <span class='ocrx_word' id='word_1_209' title='bbox 936 1979 973 2036; x_wconf 95' lang='lat' dir='ltr'><strong>ad</strong></span> <span class='ocrx_word' id='word_1_210' title='bbox 1005 1981 1096 2043; x_wconf 73' lang='lat' dir='ltr'><strong>dulim</strong></span> <span class='ocrx_word' id='word_1_211' title='bbox 1125 1984 1233 2061; x_wconf 88' lang='lat' dir='ltr'><strong>scripta</strong></span> <span class='ocrx_word' id='word_1_212' title='bbox 1258 1986 1294 2051; x_wconf 76' lang='lat' dir='ltr'><strong>de</strong></span> <span class='ocrx_word' id='word_1_213' title='bbox 1321 1986 1429 2063; x_wconf 79' lang='lat' dir='ltr'><strong>quibus</strong></span> <span class='ocrx_word' id='word_1_214' title='bbox 1453 1989 1643 2066; x_wconf 70' lang='lat' dir='ltr'><strong>,perdifficilis</strong></span> <span class='ocrx_word' id='word_1_215' title='bbox 1670 2008 1713 2051; x_wconf 87' lang='lat' dir='ltr'><strong>est</strong></span> 
     </span>
     <span class='ocr_line' id='line_1_20' title="bbox 113 2070 1713 2153; baseline 0.009 -30"><span class='ocrx_word' id='word_1_216' title='bbox 113 2072 241 2131; x_wconf 79' lang='lat' dir='ltr'><strong>ducebat</strong></span> <span class='ocrx_word' id='word_1_217' title='bbox 266 2074 304 2131; x_wconf 79' lang='lat' dir='ltr'><strong>ab</strong></span> <span class='ocrx_word' id='word_1_218' title='bbox 326 2093 426 2131; x_wconf 82' lang='lat' dir='ltr'><strong>eorum</strong></span> <span class='ocrx_word' id='word_1_219' title='bbox 447 2074 533 2132; x_wconf 75' lang='lat' dir='ltr'><strong>laude</strong></span> <span class='ocrx_word' id='word_1_220' title='bbox 553 2074 604 2151; x_wconf 87' lang='lat' dir='ltr'><strong>qui</strong></span> <span class='ocrx_word' id='word_1_221' title='bbox 623 2075 711 2152; x_wconf 81' lang='lat' dir='ltr'><strong>primi</strong></span> <span class='ocrx_word' id='word_1_222' title='bbox 725 2074 892 2151; x_wconf 84' lang='lat' dir='ltr'><strong>hujusmodi</strong></span> <span class='ocrx_word' id='word_1_223' title='bbox 937 2070 1071 2144; x_wconf 82' lang='lat' dir='ltr'><strong>quaesiio.</strong></span> <span class='ocrx_word' id='word_1_224' title='bbox 1115 2070 1259 2131; x_wconf 79' lang='lat' dir='ltr'><strong>Feruntur</strong></span> <span class='ocrx_word' id='word_1_225' title='bbox 1277 2075 1354 2132; x_wconf 80' lang='lat' dir='ltr'><strong>enlm</strong></span> <span class='ocrx_word' id='word_1_226' title='bbox 1380 2075 1435 2133; x_wconf 85' lang='lat' dir='ltr'><strong>sub</strong></span> <span class='ocrx_word' id='word_1_227' title='bbox 1458 2076 1574 2153; x_wconf 74' lang='lat' dir='ltr'><strong>Gorgias</strong></span> <span class='ocrx_word' id='word_1_228' title='bbox 1596 2078 1713 2139; x_wconf 86' lang='lat' dir='ltr'><strong>nomine</strong></span> 
     </span>
    </p>
   </div>
   <div class='ocr_carea' id='block_1_3' title="bbox 113 2157 1795 2245">
    <p class='ocr_par' dir='ltr' id='par_1_4' title="bbox 113 2157 1795 2245">
     <span class='ocr_line' id='line_1_21' title="bbox 113 2157 1795 2245; baseline 0.005 -27"><span class='ocrx_word' id='word_1_229' title='bbox 113 2174 276 2220; x_wconf 83' lang='lat' dir='ltr'><strong>conventus</strong></span> <span class='ocrx_word' id='word_1_230' title='bbox 298 2161 491 2219; x_wconf 88' lang='lat' dir='ltr'><strong>instituissent</strong></span> <span class='ocrx_word' id='word_1_231' title='bbox 533 2163 602 2238; x_wconf 75' lang='grc'>(64).</span> <span class='ocrx_word' id='word_1_232' title='bbox 624 2162 805 2238; x_wconf 84' lang='lat' dir='ltr'><strong>Quamquam</strong></span> <span class='ocrx_word' id='word_1_233' title='bbox 819 2183 891 2221; x_wconf 80' lang='lat' dir='ltr'><strong>vero</strong></span> <span class='ocrx_word' id='word_1_234' title='bbox 938 2157 969 2212; x_wconf 88' lang='lat' dir='ltr'><strong>in</strong></span> <span class='ocrx_word' id='word_1_235' title='bbox 982 2158 1137 2218; x_wconf 89' lang='lat' dir='ltr'><strong>codicibus</strong></span> <span class='ocrx_word' id='word_1_236' title='bbox 1152 2180 1238 2219; x_wconf 92' lang='lat' dir='ltr'><strong>manu</strong></span> <span class='ocrx_word' id='word_1_237' title='bbox 1253 2164 1377 2221; x_wconf 83' lang='lat' dir='ltr'><strong>exaratis</strong></span> <span class='ocrx_word' id='word_1_238' title='bbox 1395 2163 1459 2221; x_wconf 85' lang='lat' dir='ltr'><strong>duae</strong></span> <span class='ocrx_word' id='word_1_239' title='bbox 1471 2164 1529 2245; x_wconf 82' lang='lat'>(73)</span> <span class='ocrx_word' id='word_1_240' title='bbox 1550 2168 1710 2244; x_wconf 87' lang='lat' dir='ltr'><strong>orationes,</strong></span> <span class='ocrx_word' id='word_1_241' title='bbox 1792 2181 1795 2187; x_wconf 82' lang='lat'>&#39;</span> 
     </span>
    </p>
   </div>
   <div class='ocr_carea' id='block_1_4' title="bbox 107 2241 1713 3210">
    <p class='ocr_par' dir='ltr' id='par_1_5' title="bbox 107 2241 1713 3119">
     <span class='ocr_line' id='line_1_22' title="bbox 113 2241 1713 2329; baseline 0.011 -34"><span class='ocrx_word' id='word_1_242' title='bbox 113 2248 202 2306; x_wconf 74' lang='lat' dir='ltr'><strong>cotom</strong></span> <span class='ocrx_word' id='word_1_243' title='bbox 217 2250 379 2307; x_wconf 69' lang='lat' dir='ltr'><strong>orationem</strong></span> <span class='ocrx_word' id='word_1_244' title='bbox 393 2248 563 2308; x_wconf 71' lang='lat' dir='ltr'><strong>Graeconnn</strong></span> <span class='ocrx_word' id='word_1_245' title='bbox 583 2250 731 2327; x_wconf 71' lang='lat' dir='ltr'><strong>plerisque</strong></span> <span class='ocrx_word' id='word_1_246' title='bbox 746 2263 806 2308; x_wconf 76' lang='lat' dir='ltr'><strong>nnn</strong></span> <span class='ocrx_word' id='word_1_247' title='bbox 827 2252 892 2329; x_wconf 72' lang='lat' dir='ltr'><strong>pto.</strong></span> <span class='ocrx_word' id='word_1_248' title='bbox 935 2241 1098 2302; x_wconf 80' lang='lat' dir='ltr'><strong>Palamedis</strong></span> <span class='ocrx_word' id='word_1_249' title='bbox 1121 2244 1250 2305; x_wconf 76' lang='lat' dir='ltr'><strong>defensio</strong></span> <span class='ocrx_word' id='word_1_250' title='bbox 1271 2261 1301 2305; x_wconf 87' lang='lat' dir='ltr'><strong>et</strong></span> <span class='ocrx_word' id='word_1_251' title='bbox 1315 2248 1428 2307; x_wconf 85' lang='lat' dir='ltr'><strong>lielenae</strong></span> <span class='ocrx_word' id='word_1_252' title='bbox 1448 2251 1589 2323; x_wconf 83' lang='lat' dir='ltr'><strong>laudatio,</strong></span> <span class='ocrx_word' id='word_1_253' title='bbox 1611 2268 1713 2315; x_wconf 88' lang='lat' dir='ltr'><strong>neutra</strong></span> 
     </span>
     <span class='ocr_line' id='line_1_23' title="bbox 113 2330 1711 2415; baseline 0.005 -22"><span class='ocrx_word' id='word_1_254' title='bbox 113 2336 211 2394; x_wconf 88' lang='lat' dir='ltr'><strong>cuisse</strong></span> <span class='ocrx_word' id='word_1_255' title='bbox 224 2337 417 2415; x_wconf 90' lang='lat' dir='ltr'><strong>suspicamur,</strong></span> <span class='ocrx_word' id='word_1_256' title='bbox 430 2349 525 2394; x_wconf 88' lang='lat' dir='ltr'><strong>tamen</strong></span> <span class='ocrx_word' id='word_1_257' title='bbox 536 2336 709 2396; x_wconf 87' lang='lat' dir='ltr'><strong>Plutarchus</strong></span> <span class='ocrx_word' id='word_1_258' title='bbox 719 2337 779 2415; x_wconf 83' lang='grc'>(65)</span> <span class='ocrx_word' id='word_1_259' title='bbox 791 2351 891 2398; x_wconf 70' lang='lat' dir='ltr'><strong>auctor</strong></span> <span class='ocrx_word' id='word_1_260' title='bbox 934 2330 1117 2406; x_wconf 86' lang='lat' dir='ltr'><strong>spernenda,</strong></span> <span class='ocrx_word' id='word_1_261' title='bbox 1143 2335 1193 2391; x_wconf 87' lang='lat' dir='ltr'><strong>sed</strong></span> <span class='ocrx_word' id='word_1_262' title='bbox 1218 2347 1341 2411; x_wconf 89' lang='lat' dir='ltr'><strong>utraque</strong></span> <span class='ocrx_word' id='word_1_263' title='bbox 1366 2340 1436 2397; x_wconf 84' lang='lat' dir='ltr'><strong>satis</strong></span> <span class='ocrx_word' id='word_1_264' title='bbox 1462 2351 1597 2411; x_wconf 88' lang='lat' dir='ltr'><strong>venusta,</strong></span> <span class='ocrx_word' id='word_1_265' title='bbox 1622 2362 1711 2415; x_wconf 86' lang='lat' dir='ltr'><strong>quum</strong></span> 
     </span>
     <span class='ocr_line' id='line_1_24' title="bbox 111 2423 1713 2504; baseline 0.009 -33"><span class='ocrx_word' id='word_1_266' title='bbox 111 2436 172 2500; x_wconf 66' lang='lat' dir='ltr'><strong>coc,</strong></span> <span class='ocrx_word' id='word_1_267' title='bbox 196 2437 351 2502; x_wconf 67' lang='lat' dir='ltr'><strong>postquam</strong></span> <span class='ocrx_word' id='word_1_268' title='bbox 369 2425 496 2501; x_wconf 65' lang='lat' dir='ltr'><strong>Gorgias</strong></span> <span class='ocrx_word' id='word_1_269' title='bbox 519 2429 682 2504; x_wconf 66' lang='lat' dir='ltr'><strong>peroravit,</strong></span> <span class='ocrx_word' id='word_1_270' title='bbox 703 2426 890 2486; x_wconf 72' lang='lat' dir='ltr'><strong>Melambium</strong></span> <span class='ocrx_word' id='word_1_271' title='bbox 935 2437 1034 2476; x_wconf 86' lang='lat' dir='ltr'><strong>earum</strong></span> <span class='ocrx_word' id='word_1_272' title='bbox 1055 2433 1156 2478; x_wconf 88' lang='lat' dir='ltr'><strong>auctor</strong></span> <span class='ocrx_word' id='word_1_273' title='bbox 1176 2423 1320 2480; x_wconf 88' lang='lat' dir='ltr'><strong>sermonis</strong></span> <span class='ocrx_word' id='word_1_274' title='bbox 1343 2424 1514 2498; x_wconf 83' lang='lat' dir='ltr'><strong>elegantiam</strong></span> <span class='ocrx_word' id='word_1_275' title='bbox 1540 2447 1605 2485; x_wconf 89' lang='lat' dir='ltr'><strong>eum</strong></span> <span class='ocrx_word' id='word_1_276' title='bbox 1619 2427 1713 2485; x_wconf 86' lang='lat' dir='ltr'><strong>disse-</strong></span> 
     </span>
     <span class='ocr_line' id='line_1_25' title="bbox 111 2506 1712 2588; baseline 0.004 -25"><span class='ocrx_word' id='word_1_277' title='bbox 111 2512 259 2586; x_wconf 83' lang='lat' dir='ltr'><strong>quendam</strong></span> <span class='ocrx_word' id='word_1_278' title='bbox 276 2512 386 2571; x_wconf 76' lang='lat' dir='ltr'><strong>dixisse</strong></span> <span class='ocrx_word' id='word_1_279' title='bbox 403 2534 410 2570; x_wconf 90' lang='lat'>:</span> <span class='ocrx_word' id='word_1_280' title='bbox 428 2541 441 2565; x_wconf 67' lang='lat' dir='ltr'><strong>a</strong></span> <span class='ocrx_word' id='word_1_281' title='bbox 456 2514 511 2572; x_wconf 84' lang='lat' dir='ltr'><strong>iiio</strong></span> <span class='ocrx_word' id='word_1_282' title='bbox 525 2516 610 2572; x_wconf 73' lang='lat' dir='ltr'><strong>nohis</strong></span> <span class='ocrx_word' id='word_1_283' title='bbox 622 2514 807 2573; x_wconf 69' lang='lat' dir='ltr'><strong>concordiam</strong></span> <span class='ocrx_word' id='word_1_284' title='bbox 825 2536 892 2574; x_wconf 73' lang='lat' dir='ltr'><strong>sno.</strong></span> <span class='ocrx_word' id='word_1_285' title='bbox 935 2506 1019 2564; x_wconf 91' lang='lat' dir='ltr'><strong>rendi</strong></span> <span class='ocrx_word' id='word_1_286' title='bbox 1043 2506 1204 2566; x_wconf 88' lang='lat' dir='ltr'><strong>subtilitate</strong></span> <span class='ocrx_word' id='word_1_287' title='bbox 1227 2508 1415 2585; x_wconf 84' lang='lat' dir='ltr'><strong>conjunxerit</strong></span> <span class='ocrx_word' id='word_1_288' title='bbox 1435 2511 1600 2588; x_wconf 86' lang='lat' dir='ltr'><strong>figurasque</strong></span> <span class='ocrx_word' id='word_1_289' title='bbox 1618 2510 1712 2570; x_wconf 88' lang='lat' dir='ltr'><strong>Leon·</strong></span> 
     </span>
     <span class='ocr_line' id='line_1_26' title="bbox 110 2594 1711 2680; baseline 0.007 -33"><span class='ocrx_word' id='word_1_290' title='bbox 110 2602 173 2673; x_wconf 65' lang='grc' dir='ltr'><strong>ἀρ),</strong></span> <span class='ocrx_word' id='word_1_291' title='bbox 184 2603 236 2678; x_wconf 76' lang='lat' dir='ltr'><strong>qni</strong></span> <span class='ocrx_word' id='word_1_292' title='bbox 250 2615 283 2660; x_wconf 70' lang='lat' dir='ltr'><strong>nc</strong></span> <span class='ocrx_word' id='word_1_293' title='bbox 296 2602 370 2679; x_wconf 73' lang='lat' dir='ltr'><strong>ipsc,</strong></span> <span class='ocrx_word' id='word_1_294' title='bbox 384 2602 491 2678; x_wconf 73' lang='lat' dir='ltr'><strong>conjnx</strong></span> <span class='ocrx_word' id='word_1_295' title='bbox 500 2615 529 2659; x_wconf 75' lang='lat' dir='ltr'><strong>ot</strong></span> <span class='ocrx_word' id='word_1_296' title='bbox 538 2602 659 2677; x_wconf 67' lang='lat' dir='ltr'><strong>ancilla,</strong></span> <span class='ocrx_word' id='word_1_297' title='bbox 670 2614 729 2660; x_wconf 74' lang='lat' dir='ltr'><strong>tros</strong></span> <span class='ocrx_word' id='word_1_298' title='bbox 740 2602 872 2661; x_wconf 67' lang='lat' dir='ltr'><strong>homines</strong></span> <span class='ocrx_word' id='word_1_299' title='bbox 880 2648 889 2680; x_wconf 54' lang='lat'>5</span> <span class='ocrx_word' id='word_1_300' title='bbox 935 2594 998 2652; x_wconf 92' lang='lat' dir='ltr'><strong>tino</strong></span> <span class='ocrx_word' id='word_1_301' title='bbox 1013 2596 1121 2653; x_wconf 89' lang='lat' dir='ltr'><strong>rhetori</strong></span> <span class='ocrx_word' id='word_1_302' title='bbox 1136 2598 1273 2673; x_wconf 89' lang='lat' dir='ltr'><strong>proprias</strong></span> <span class='ocrx_word' id='word_1_303' title='bbox 1289 2598 1490 2673; x_wconf 78' lang='lat' dir='ltr'><strong>frequentarit.</strong></span> <span class='ocrx_word' id='word_1_304' title='bbox 1533 2603 1570 2658; x_wconf 93' lang='lat' dir='ltr'><strong>At</strong></span> <span class='ocrx_word' id='word_1_305' title='bbox 1580 2614 1711 2659; x_wconf 81' lang='lat' dir='ltr'><strong>veterum</strong></span> 
     </span>
     <span class='ocr_line' id='line_1_27' title="bbox 110 2683 1712 2767; baseline 0.003 -26"><span class='ocrx_word' id='word_1_306' title='bbox 110 2689 253 2764; x_wconf 71' lang='lat' dir='ltr'><strong>privatim</strong></span> <span class='ocrx_word' id='word_1_307' title='bbox 268 2689 444 2747; x_wconf 77' lang='lat' dir='ltr'><strong>concordent</strong></span> <span class='ocrx_word' id='word_1_308' title='bbox 457 2690 572 2748; x_wconf 78' lang='lat' dir='ltr'><strong>efficere</strong></span> <span class='ocrx_word' id='word_1_309' title='bbox 585 2709 645 2747; x_wconf 91' lang='lat' dir='ltr'><strong>non</strong></span> <span class='ocrx_word' id='word_1_310' title='bbox 661 2701 764 2767; x_wconf 79' lang='lat' dir='ltr'><strong>potest,</strong></span> <span class='ocrx_word' id='word_1_311' title='bbox 776 2716 789 2741; x_wconf 72' lang='lat' dir='ltr'><strong>s</strong></span> <span class='ocrx_word' id='word_1_312' title='bbox 801 2690 889 2748; x_wconf 81' lang='lat' dir='ltr'><strong>vide·</strong></span> <span class='ocrx_word' id='word_1_313' title='bbox 935 2683 972 2739; x_wconf 94' lang='lat' dir='ltr'><strong>de</strong></span> <span class='ocrx_word' id='word_1_314' title='bbox 986 2683 1032 2741; x_wconf 91' lang='lat' dir='ltr'><strong>his</strong></span> <span class='ocrx_word' id='word_1_315' title='bbox 1047 2683 1230 2742; x_wconf 92' lang='lat' dir='ltr'><strong>orationibus</strong></span> <span class='ocrx_word' id='word_1_316' title='bbox 1244 2685 1391 2745; x_wconf 89' lang='lat' dir='ltr'><strong>silentium</strong></span> <span class='ocrx_word' id='word_1_317' title='bbox 1405 2688 1465 2763; x_wconf 90' lang='lat' dir='ltr'><strong>jam</strong></span> <span class='ocrx_word' id='word_1_318' title='bbox 1483 2686 1592 2747; x_wconf 92' lang='lat' dir='ltr'><strong>dodum</strong></span> <span class='ocrx_word' id='word_1_319' title='bbox 1614 2688 1712 2748; x_wconf 88' lang='lat' dir='ltr'><strong>esiccit</strong></span> 
     </span>
     <span class='ocr_line' id='line_1_28' title="bbox 108 2770 1707 2855; baseline 0.008 -32"><span class='ocrx_word' id='word_1_320' title='bbox 108 2774 202 2833; x_wconf 76' lang='lat' dir='ltr'><strong>bann-</strong></span> <span class='ocrx_word' id='word_1_321' title='bbox 226 2776 323 2847; x_wconf 74' lang='lat' dir='ltr'><strong>onim,</strong></span> <span class='ocrx_word' id='word_1_322' title='bbox 353 2777 451 2854; x_wconf 72' lang='lat' dir='ltr'><strong>inquit</strong></span> <span class='ocrx_word' id='word_1_323' title='bbox 485 2778 562 2835; x_wconf 77' lang='lat' dir='ltr'><strong>idom</strong></span> <span class='ocrx_word' id='word_1_324' title='bbox 593 2776 731 2855; x_wconf 70' lang='lat' dir='ltr'><strong>scriptor,</strong></span> <span class='ocrx_word' id='word_1_325' title='bbox 756 2778 900 2838; x_wconf 62' lang='lat' dir='ltr'><strong>ancillam,</strong></span> <span class='ocrx_word' id='word_1_326' title='bbox 934 2783 967 2827; x_wconf 91' lang='lat' dir='ltr'><strong>ut</strong></span> <span class='ocrx_word' id='word_1_327' title='bbox 990 2772 1050 2829; x_wconf 84' lang='lat' dir='ltr'><strong>viri</strong></span> <span class='ocrx_word' id='word_1_328' title='bbox 1073 2770 1151 2828; x_wconf 90' lang='lat' dir='ltr'><strong>docti</strong></span> <span class='ocrx_word' id='word_1_329' title='bbox 1176 2772 1207 2829; x_wconf 92' lang='lat' dir='ltr'><strong>in</strong></span> <span class='ocrx_word' id='word_1_330' title='bbox 1233 2772 1362 2831; x_wconf 89' lang='lat' dir='ltr'><strong>diversas</strong></span> <span class='ocrx_word' id='word_1_331' title='bbox 1391 2788 1488 2852; x_wconf 89' lang='lat' dir='ltr'><strong>partes</strong></span> <span class='ocrx_word' id='word_1_332' title='bbox 1514 2776 1707 2837; x_wconf 86' lang='lat' dir='ltr'><strong>discederent.</strong></span> 
     </span>
     <span class='ocr_line' id='line_1_29' title="bbox 108 2857 1709 2940; baseline 0.008 -20"><span class='ocrx_word' id='word_1_333' title='bbox 108 2883 210 2921; x_wconf 88' lang='lat' dir='ltr'><strong>amare</strong></span> <span class='ocrx_word' id='word_1_334' title='bbox 223 2862 348 2938; x_wconf 84' lang='lat' dir='ltr'><strong>Gorgias</strong></span> <span class='ocrx_word' id='word_1_335' title='bbox 361 2876 390 2922; x_wconf 90' lang='lat' dir='ltr'><strong>et</strong></span> <span class='ocrx_word' id='word_1_336' title='bbox 403 2866 516 2922; x_wconf 85' lang='lat' dir='ltr'><strong>ancillae</strong></span> <span class='ocrx_word' id='word_1_337' title='bbox 529 2884 563 2922; x_wconf 90' lang='lat' dir='ltr'><strong>ea</strong></span> <span class='ocrx_word' id='word_1_338' title='bbox 580 2866 616 2923; x_wconf 89' lang='lat' dir='ltr'><strong>de</strong></span> <span class='ocrx_word' id='word_1_339' title='bbox 629 2885 714 2923; x_wconf 83' lang='lat' dir='ltr'><strong>causa</strong></span> <span class='ocrx_word' id='word_1_340' title='bbox 730 2857 890 2926; x_wconf 80' lang='lat' dir='ltr'><strong>obtrectare</strong></span> <span class='ocrx_word' id='word_1_341' title='bbox 933 2859 993 2917; x_wconf 72' lang='lat' dir='ltr'><strong>Alli</strong></span> <span class='ocrx_word' id='word_1_342' title='bbox 1016 2860 1094 2917; x_wconf 69' lang='lat' dir='ltr'><strong>essim</strong></span> <span class='ocrx_word' id='word_1_343' title='bbox 1116 2878 1164 2917; x_wconf 72' lang='lat'><strong>0³³</strong></span> <span class='ocrx_word' id='word_1_344' title='bbox 1186 2863 1323 2936; x_wconf 62' lang='lat' dir='ltr'><strong>genuinas</strong></span> <span class='ocrx_word' id='word_1_345' title='bbox 1340 2863 1541 2921; x_wconf 66' lang='lat' dir='ltr'><strong>elittimffl&#39;unt</strong></span> <span class='ocrx_word' id='word_1_346' title='bbox 1564 2864 1633 2940; x_wconf 75' lang='grc'>(74),</span> <span class='ocrx_word' id='word_1_347' title='bbox 1656 2866 1709 2924; x_wconf 68' lang='lat' dir='ltr'><strong>alii</strong></span> 
     </span>
     <span class='ocr_line' id='line_1_30' title="bbox 108 2948 1710 3033; baseline 0.005 -25"><span class='ocrx_word' id='word_1_348' title='bbox 108 2973 199 3013; x_wconf 81' lang='lat' dir='ltr'><strong>uxor.</strong></span> <span class='ocrx_word' id='word_1_349' title='bbox 244 2952 386 3011; x_wconf 78' lang='lat' dir='ltr'><strong>Praeterea</strong></span> <span class='ocrx_word' id='word_1_350' title='bbox 404 2953 541 3012; x_wconf 85' lang='lat' dir='ltr'><strong>inclaruit</strong></span> <span class='ocrx_word' id='word_1_351' title='bbox 557 2953 656 3012; x_wconf 85' lang='lat' dir='ltr'><strong>rhetor</strong></span> <span class='ocrx_word' id='word_1_352' title='bbox 669 2955 828 3015; x_wconf 80' lang='lat' dir='ltr'><strong>Leontinus</strong></span> <span class='ocrx_word' id='word_1_353' title='bbox 845 2957 888 3015; x_wconf 82' lang='lat' dir='ltr'><strong>to·</strong></span> <span class='ocrx_word' id='word_1_354' title='bbox 934 2948 1097 3026; x_wconf 83' lang='lat' dir='ltr'><strong>posteriore</strong></span> <span class='ocrx_word' id='word_1_355' title='bbox 1120 2961 1250 3026; x_wconf 84' lang='lat' dir='ltr'><strong>tempore</strong></span> <span class='ocrx_word' id='word_1_356' title='bbox 1270 2949 1408 3011; x_wconf 83' lang='lat' dir='ltr'><strong>confictas</strong></span> <span class='ocrx_word' id='word_1_357' title='bbox 1422 2965 1451 3010; x_wconf 84' lang='lat' dir='ltr'><strong>et</strong></span> <span class='ocrx_word' id='word_1_358' title='bbox 1462 2952 1580 3029; x_wconf 81' lang='lat' dir='ltr'><strong>Gorgiae</strong></span> <span class='ocrx_word' id='word_1_359' title='bbox 1602 2974 1710 3033; x_wconf 87' lang='lat' dir='ltr'><strong>suppo·</strong></span> 
     </span>
     <span class='ocr_line' id='line_1_31' title="bbox 107 3041 888 3119; baseline 0.008 -22"><span class='ocrx_word' id='word_1_360' title='bbox 107 3041 198 3100; x_wconf 90' lang='lat' dir='ltr'><strong>nebri</strong></span> <span class='ocrx_word' id='word_1_361' title='bbox 209 3042 342 3100; x_wconf 89' lang='lat' dir='ltr'><strong>oratione</strong></span> <span class='ocrx_word' id='word_1_362' title='bbox 353 3056 381 3099; x_wconf 90' lang='lat' dir='ltr'><strong>et</strong></span> <span class='ocrx_word' id='word_1_363' title='bbox 394 3042 525 3119; x_wconf 88' lang='lat' dir='ltr'><strong>Pythica.</strong></span> <span class='ocrx_word' id='word_1_364' title='bbox 566 3042 679 3100; x_wconf 91' lang='lat' dir='ltr'><strong>Prioris</strong></span> <span class='ocrx_word' id='word_1_365' title='bbox 688 3058 888 3116; x_wconf 86' lang='lat' dir='ltr'><strong>argumentum</strong></span> 
     </span>
    </p>

    <p class='ocr_par' dir='ltr' id='par_1_6' title="bbox 108 3129 923 3210">
     <span class='ocr_line' id='line_1_32' title="bbox 108 3129 923 3210; baseline 0.006 -24"><span class='ocrx_word' id='word_1_366' title='bbox 108 3131 200 3188; x_wconf 87' lang='lat' dir='ltr'><strong>latius</strong></span> <span class='ocrx_word' id='word_1_367' title='bbox 224 3129 394 3208; x_wconf 86' lang='lat' dir='ltr'><strong>perscripsit</strong></span> <span class='ocrx_word' id='word_1_368' title='bbox 415 3130 607 3189; x_wconf 88' lang='lat' dir='ltr'><strong>Philostratus</strong></span> <span class='ocrx_word' id='word_1_369' title='bbox 636 3151 664 3209; x_wconf 90' lang='lat' dir='ltr'><strong>p.</strong></span> <span class='ocrx_word' id='word_1_370' title='bbox 688 3131 754 3206; x_wconf 83' lang='grc'>(93.</span> <span class='ocrx_word' id='word_1_371' title='bbox 774 3131 890 3210; x_wconf 93' lang='lat' dir='ltr'><strong>Quippe</strong></span> <span class='ocrx_word' id='word_1_372' title='bbox 920 3155 923 3160; x_wconf 93' lang='lat'>·</span> 
     </span>
    </p>
   </div>
   <div class='ocr_carea' id='block_1_5' title="bbox 109 3179 1710 3387">
    <p class='ocr_par' dir='ltr' id='par_1_7' title="bbox 109 3179 1710 3387">
     <span class='ocr_line' id='line_1_33' title="bbox 144 3179 1708 3246; baseline 0.002 -16"><span class='ocrx_word' id='word_1_373' title='bbox 144 3219 150 3230; x_wconf 97' lang='lat'><strong>.</strong></span> <span class='ocrx_word' id='word_1_374' title='bbox 346 3219 352 3230; x_wconf 95' lang='lat'><strong>.</strong></span> <span class='ocrx_word' id='word_1_375' title='bbox 418 3220 424 3230; x_wconf 92' lang='lat'><strong>.</strong></span> <span class='ocrx_word' id='word_1_376' title='bbox 566 3219 572 3232; x_wconf 93' lang='lat'><strong>.</strong></span> <span class='ocrx_word' id='word_1_377' title='bbox 667 3219 674 3231; x_wconf 91' lang='lat'><strong>.</strong></span> <span class='ocrx_word' id='word_1_378' title='bbox 853 3222 873 3233; x_wconf 90' lang='lat'><strong>..</strong></span> <span class='ocrx_word' id='word_1_379' title='bbox 932 3180 1142 3241; x_wconf 80' lang='grc' dir='ltr'><strong>τοθςένπολέμοις</strong></span> <span class='ocrx_word' id='word_1_380' title='bbox 1159 3179 1339 3243; x_wconf 71' lang='grc' dir='ltr'><strong>ἀριστεύσαντας</strong></span> <span class='ocrx_word' id='word_1_381' title='bbox 1349 3181 1523 3240; x_wconf 73' lang='grc' dir='ltr'><strong>Ἀθηναίων-</strong></span> <span class='ocrx_word' id='word_1_382' title='bbox 1536 3183 1708 3246; x_wconf 79' lang='lat' dir='ltr'><strong>(tillPhilostr.</strong></span> 
     </span>
     <span class='ocr_line' id='line_1_34' title="bbox 109 3218 1710 3316; baseline 0.005 -20"><span class='ocrx_word' id='word_1_383' title='bbox 109 3238 188 3276; x_wconf 66' lang='lat' dir='ltr'><strong>mm</strong></span> <span class='ocrx_word' id='word_1_384' title='bbox 215 3218 372 3296; x_wconf 64' lang='lat' dir='ltr'><strong>l‘ffldffllua</strong></span> <span class='ocrx_word' id='word_1_385' title='bbox 395 3221 500 3276; x_wconf 64' lang='lat' dir='ltr'><strong>‘hetam</strong></span> <span class='ocrx_word' id='word_1_386' title='bbox 533 3219 621 3277; x_wconf 62' lang='lat' dir='ltr'>sume</span> <span class='ocrx_word' id='word_1_387' title='bbox 648 3232 689 3276; x_wconf 64' lang='lat' dir='ltr'><strong>m</strong></span> <span class='ocrx_word' id='word_1_388' title='bbox 705 3219 764 3298; x_wconf 77' lang='lat'><strong>(66)</strong></span> <span class='ocrx_word' id='word_1_389' title='bbox 790 3220 827 3277; x_wconf 71' lang='lat' dir='ltr'><strong>de</strong></span> <span class='ocrx_word' id='word_1_390' title='bbox 851 3241 888 3279; x_wconf 75' lang='lat'><strong>¹¹⁸</strong></span> <span class='ocrx_word' id='word_1_391' title='bbox 933 3264 957 3311; x_wconf 82' lang='lat' dir='ltr'><strong>p.</strong></span> <span class='ocrx_word' id='word_1_392' title='bbox 968 3253 1031 3300; x_wconf 76' lang='lat' dir='ltr'><strong>ast:</strong></span> <span class='ocrx_word' id='word_1_393' title='bbox 1044 3251 1166 3313; x_wconf 73' lang='grc' dir='ltr'><strong>ἐνδιέτριψα</strong></span> <span class='ocrx_word' id='word_1_394' title='bbox 1174 3255 1223 3306; x_wconf 82' lang='grc' dir='ltr'><strong>τοῖς</strong></span> <span class='ocrx_word' id='word_1_395' title='bbox 1234 3256 1280 3298; x_wconf 86' lang='grc' dir='ltr'><strong>τῶν</strong></span> <span class='ocrx_word' id='word_1_396' title='bbox 1291 3252 1402 3307; x_wconf 80' lang='grc' dir='ltr'><strong>Μηδικῶν</strong></span> <span class='ocrx_word' id='word_1_397' title='bbox 1415 3254 1647 3316; x_wconf 84' lang='grc' dir='ltr'><strong>τροπαίων.ἐπαίνοις</strong></span> <span class='ocrx_word' id='word_1_398' title='bbox 1675 3257 1710 3304; x_wconf 85' lang='grc' dir='ltr'><strong>ἐν·</strong></span> 
     </span>
     <span class='ocr_line' id='line_1_35' title="bbox 109 3292 1709 3387; baseline 0.009 -27"><span class='ocrx_word' id='word_1_399' title='bbox 109 3303 340 3362; x_wconf 83' lang='lat' dir='ltr'><strong>Atheniensibus</strong></span> <span class='ocrx_word' id='word_1_400' title='bbox 360 3306 429 3380; x_wconf 85' lang='lat' dir='ltr'><strong>qui,</strong></span> <span class='ocrx_word' id='word_1_401' title='bbox 442 3325 532 3382; x_wconf 87' lang='lat' dir='ltr'><strong>quum</strong></span> <span class='ocrx_word' id='word_1_402' title='bbox 555 3306 588 3363; x_wconf 91' lang='lat' dir='ltr'><strong>in</strong></span> <span class='ocrx_word' id='word_1_403' title='bbox 612 3305 701 3364; x_wconf 85' lang='lat' dir='ltr'><strong>bellis</strong></span> <span class='ocrx_word' id='word_1_404' title='bbox 718 3325 774 3382; x_wconf 84' lang='lat' dir='ltr'><strong>pro</strong></span> <span class='ocrx_word' id='word_1_405' title='bbox 796 3310 889 3384; x_wconf 75' lang='lat' dir='ltr'><strong>patria</strong></span> <span class='ocrx_word' id='word_1_406' title='bbox 932 3321 1075 3384; x_wconf 64' lang='grc' dir='ltr'><strong>δεικνύμενος</strong></span> <span class='ocrx_word' id='word_1_407' title='bbox 1084 3320 1223 3380; x_wconf 53' lang='lat' dir='ltr'><strong>cissimis</strong></span> <span class='ocrx_word' id='word_1_408' title='bbox 1234 3321 1265 3368; x_wconf 83' lang='grc' dir='ltr'><strong>τὰ</strong></span> <span class='ocrx_word' id='word_1_409' title='bbox 1280 3320 1321 3381; x_wconf 79' lang='grc' dir='ltr'><strong>μὲν</strong></span> <span class='ocrx_word' id='word_1_410' title='bbox 1333 3323 1393 3370; x_wconf 81' lang='grc' dir='ltr'><strong>κατὰ</strong></span> <span class='ocrx_word' id='word_1_411' title='bbox 1403 3328 1450 3371; x_wconf 87' lang='grc' dir='ltr'><strong>τῶν</strong></span> <span class='ocrx_word' id='word_1_412' title='bbox 1469 3325 1591 3387; x_wconf 77' lang='grc' dir='ltr'><strong>βαρὸοίρων</strong></span> <span class='ocrx_word' id='word_1_413' title='bbox 1608 3292 1709 3386; x_wconf 72' lang='grc' dir='ltr'><strong>τροίταῖα</strong></span> 
     </span>
    </p>
   </div>
   <div class='ocr_carea' id='block_1_6' title="bbox 109 3390 1708 3475">
    <p class='ocr_par' dir='ltr' id='par_1_8' title="bbox 109 3390 1708 3475">
     <span class='ocr_line' id='line_1_36' title="bbox 109 3390 1708 3475; baseline 0.006 -29"><span class='ocrx_word' id='word_1_414' title='bbox 109 3393 221 3449; x_wconf 82' lang='lat' dir='ltr'><strong>mortui</strong></span> <span class='ocrx_word' id='word_1_415' title='bbox 240 3405 350 3466; x_wconf 88' lang='lat' dir='ltr'><strong>essent,</strong></span> <span class='ocrx_word' id='word_1_416' title='bbox 367 3413 425 3450; x_wconf 92' lang='lat' dir='ltr'><strong>non</strong></span> <span class='ocrx_word' id='word_1_417' title='bbox 440 3394 534 3452; x_wconf 90' lang='lat' dir='ltr'><strong>solum</strong></span> <span class='ocrx_word' id='word_1_418' title='bbox 554 3393 723 3475; x_wconf 56' lang='lat' dir='ltr'><strong>depublico</strong></span> <span class='ocrx_word' id='word_1_419' title='bbox 741 3394 824 3465; x_wconf 91' lang='lat' dir='ltr'><strong>elati,</strong></span> <span class='ocrx_word' id='word_1_420' title='bbox 837 3396 888 3454; x_wconf 88' lang='lat' dir='ltr'><strong>sed</strong></span> <span class='ocrx_word' id='word_1_421' title='bbox 931 3392 1016 3452; x_wconf 60' lang='grc' dir='ltr'><strong>ὕμνους</strong></span> <span class='ocrx_word' id='word_1_422' title='bbox 1037 3391 1146 3452; x_wconf 57' lang='grc' dir='ltr'><strong>ἀπαιτεῖν</strong></span> <span class='ocrx_word' id='word_1_423' title='bbox 1166 3391 1195 3438; x_wconf 67' lang='grc' dir='ltr'><strong>τὰ</strong></span> <span class='ocrx_word' id='word_1_424' title='bbox 1218 3390 1246 3456; x_wconf 68' lang='lat' dir='ltr'><strong>il.</strong></span> <span class='ocrx_word' id='word_1_425' title='bbox 1263 3392 1324 3438; x_wconf 60' lang='grc' dir='ltr'>κατὰ</span> <span class='ocrx_word' id='word_1_426' title='bbox 1345 3396 1392 3439; x_wconf 72' lang='grc' dir='ltr'><strong>τῶν</strong></span> <span class='ocrx_word' id='word_1_427' title='bbox 1412 3392 1526 3450; x_wconf 62' lang='lat' dir='ltr'><strong>‘Elimas</strong></span> <span class='ocrx_word' id='word_1_428' title='bbox 1547 3393 1653 3454; x_wconf 59' lang='grc' dir='ltr'><strong>θρήνους·</strong></span> <span class='ocrx_word' id='word_1_429' title='bbox 1678 3419 1708 3430; x_wconf 92' lang='grc'>-</span> 
     </span>
    </p>
   </div>
   <div class='ocr_carea' id='block_1_7' title="bbox 107 3460 1706 3540">
    <p class='ocr_par' dir='ltr' id='par_1_9' title="bbox 107 3460 1706 3540">
     <span class='ocr_line' id='line_1_37' title="bbox 107 3460 1706 3540; baseline 0.011 -7"><span class='ocrx_word' id='word_1_430' title='bbox 107 3479 201 3535; x_wconf 87' lang='lat' dir='ltr'><strong>etiam</strong></span> <span class='ocrx_word' id='word_1_431' title='bbox 216 3479 432 3539; x_wconf 87' lang='lat' dir='ltr'><strong>laudationibus</strong></span> <span class='ocrx_word' id='word_1_432' title='bbox 446 3481 626 3539; x_wconf 89' lang='lat' dir='ltr'><strong>cohonestati</strong></span> <span class='ocrx_word' id='word_1_433' title='bbox 642 3493 735 3538; x_wconf 88' lang='lat' dir='ltr'><strong>erant.</strong></span> <span class='ocrx_word' id='word_1_434' title='bbox 779 3479 812 3537; x_wconf 95' lang='lat' dir='ltr'><strong>ln</strong></span> <span class='ocrx_word' id='word_1_435' title='bbox 829 3494 887 3540; x_wconf 90' lang='lat' dir='ltr'><strong>tro·</strong></span> <span class='ocrx_word' id='word_1_436' title='bbox 933 3461 982 3523; x_wconf 71' lang='lat'>(⁶⁸)</span> <span class='ocrx_word' id='word_1_437' title='bbox 995 3461 1154 3510; x_wconf 58' lang='lat' dir='ltr'><strong>mmmmm</strong></span> <span class='ocrx_word' id='word_1_438' title='bbox 1167 3473 1190 3522; x_wconf 69' lang='grc' dir='ltr'><strong>Ρ·</strong></span> <span class='ocrx_word' id='word_1_439' title='bbox 1206 3462 1260 3508; x_wconf 73' lang='lat'><strong>⁴⁹³·</strong></span> <span class='ocrx_word' id='word_1_440' title='bbox 1271 3487 1301 3497; x_wconf 81' lang='grc'><em>“</em></span> <span class='ocrx_word' id='word_1_441' title='bbox 1313 3463 1362 3522; x_wconf 63' lang='lat'><strong>(⁶⁹)</strong></span> <span class='ocrx_word' id='word_1_442' title='bbox 1375 3460 1512 3510; x_wconf 57' lang='lat'><strong>¹⁴¹³⁸¹⁰¹⁰¹⁰⁸</strong></span> <span class='ocrx_word' id='word_1_443' title='bbox 1525 3460 1593 3509; x_wconf 53' lang='grc' dir='ltr'><strong>ΒΜ</strong></span> <span class='ocrx_word' id='word_1_444' title='bbox 1609 3460 1653 3509; x_wconf 60' lang='lat'>&#39;⁵¹³&#39;</span> <span class='ocrx_word' id='word_1_445' title='bbox 1672 3465 1706 3510; x_wconf 67' lang='grc' dir='ltr'><strong>ΠΙ</strong></span> 
     </span>
    </p>
   </div>
   <div class='ocr_carea' id='block_1_8' title="bbox 109 3528 1708 3660">
    <p class='ocr_par' dir='ltr' id='par_1_10' title="bbox 109 3528 1708 3660">
     <span class='ocr_line' id='line_1_38' title="bbox 623 3528 1708 3594; baseline -0.001 -14"><span class='ocrx_word' id='word_1_446' title='bbox 623 3570 629 3580; x_wconf 92' lang='grc'>.</span> <span class='ocrx_word' id='word_1_447' title='bbox 830 3571 836 3582; x_wconf 94' lang='grc'>.</span> <span class='ocrx_word' id='word_1_448' title='bbox 931 3544 985 3592; x_wconf 84' lang='lat' dir='ltr'><strong>cap.</strong></span> <span class='ocrx_word' id='word_1_449' title='bbox 995 3535 1031 3594; x_wconf 82' lang='lat' dir='ltr'><strong>tt,</strong></span> <span class='ocrx_word' id='word_1_450' title='bbox 1041 3544 1096 3594; x_wconf 80' lang='lat' dir='ltr'><strong>pag.</strong></span> <span class='ocrx_word' id='word_1_451' title='bbox 1112 3533 1170 3579; x_wconf 80' lang='lat' dir='ltr'><strong>rtis</strong></span> <span class='ocrx_word' id='word_1_452' title='bbox 1185 3529 1201 3576; x_wconf 91' lang='lat' dir='ltr'><strong>b</strong></span> <span class='ocrx_word' id='word_1_453' title='bbox 1216 3528 1254 3578; x_wconf 77' lang='lat' dir='ltr'><strong>ed,</strong></span> <span class='ocrx_word' id='word_1_454' title='bbox 1267 3530 1364 3579; x_wconf 81' lang='lat' dir='ltr'><strong>Baikor.</strong></span> <span class='ocrx_word' id='word_1_455' title='bbox 1375 3529 1522 3591; x_wconf 80' lang='lat' dir='ltr'><strong>Vidiragm.</strong></span> <span class='ocrx_word' id='word_1_456' title='bbox 1534 3531 1646 3592; x_wconf 78' lang='grc'>6.-(70)</span> <span class='ocrx_word' id='word_1_457' title='bbox 1657 3533 1708 3579; x_wconf 84' lang='lat' dir='ltr'><strong>Ari·</strong></span> 
     </span>
     <span class='ocr_line' id='line_1_39' title="bbox 109 3568 1706 3660; baseline 0.004 -19"><span class='ocrx_word' id='word_1_458' title='bbox 109 3586 245 3641; x_wconf 65' lang='lat' dir='ltr'><strong>Pwssffl</strong></span> <span class='ocrx_word' id='word_1_459' title='bbox 266 3582 375 3638; x_wconf 88' lang='lat' dir='ltr'><strong>autem,</strong></span> <span class='ocrx_word' id='word_1_460' title='bbox 399 3569 519 3646; x_wconf 58' lang='grc' dir='ltr'><strong>((113ὲίίθ</strong></span> <span class='ocrx_word' id='word_1_461' title='bbox 555 3568 647 3626; x_wconf 69' lang='lat' dir='ltr'>M⁸d¹⁵</span> <span class='ocrx_word' id='word_1_462' title='bbox 672 3581 755 3626; x_wconf 57' lang='lat'><strong>“³¹¹⁸</strong></span> <span class='ocrx_word' id='word_1_463' title='bbox 773 3584 886 3644; x_wconf 65' lang='lat' dir='ltr'><strong>P⁰⁵¹ii¹s</strong></span> <span class='ocrx_word' id='word_1_464' title='bbox 919 3599 1107 3649; x_wconf 74' lang='lat' dir='ltr'><strong>statuerumt.</strong></span> <span class='ocrx_word' id='word_1_465' title='bbox 1118 3597 1159 3646; x_wconf 89' lang='lat' dir='ltr'><strong>lib.</strong></span> <span class='ocrx_word' id='word_1_466' title='bbox 1173 3600 1268 3659; x_wconf 83' lang='lat' dir='ltr'><strong>illeso.</strong></span> <span class='ocrx_word' id='word_1_467' title='bbox 1282 3602 1320 3659; x_wconf 85' lang='lat'><strong>17,</strong></span> <span class='ocrx_word' id='word_1_468' title='bbox 1333 3598 1527 3660; x_wconf 70' lang='lat' dir='ltr'><strong>pagttlitaed.</strong></span> <span class='ocrx_word' id='word_1_469' title='bbox 1538 3599 1706 3648; x_wconf 46' lang='lat' dir='ltr'><strong>satiaruut</strong></span> 
     </span>
    </p>
   </div>
   <div class='ocr_carea' id='block_1_9' title="bbox 102 3655 1708 5204">
    <p class='ocr_par' dir='ltr' id='par_1_11' title="bbox 108 3655 1708 3822">
     <span class='ocr_line' id='line_1_40' title="bbox 109 3655 1708 3735; baseline 0.004 -23"><span class='ocrx_word' id='word_1_470' title='bbox 109 3655 251 3714; x_wconf 88' lang='lat' dir='ltr'><strong>laudibus</strong></span> <span class='ocrx_word' id='word_1_471' title='bbox 273 3657 458 3733; x_wconf 86' lang='lat' dir='ltr'><strong>immoratus,</strong></span> <span class='ocrx_word' id='word_1_472' title='bbox 482 3657 690 3716; x_wconf 80' lang='lat' dir='ltr'><strong>demonstravit</strong></span> <span class='ocrx_word' id='word_1_473' title='bbox 720 3668 827 3735; x_wconf 80' lang='lat' dir='ltr'><strong>tropaea</strong></span> <span class='ocrx_word' id='word_1_474' title='bbox 851 3660 887 3717; x_wconf 87' lang='lat' dir='ltr'><strong>de</strong></span> <span class='ocrx_word' id='word_1_475' title='bbox 932 3671 945 3718; x_wconf 78' lang='grc' dir='ltr'><strong>θ</strong></span> <span class='ocrx_word' id='word_1_476' title='bbox 964 3671 1029 3728; x_wconf 73' lang='grc' dir='ltr'><strong>ελεγι</strong></span> <span class='ocrx_word' id='word_1_477' title='bbox 1050 3667 1161 3730; x_wconf 79' lang='grc' dir='ltr'><strong>Γοργίας,</strong></span> <span class='ocrx_word' id='word_1_478' title='bbox 1180 3668 1216 3716; x_wconf 85' lang='grc' dir='ltr'><strong>ὄτι</strong></span> <span class='ocrx_word' id='word_1_479' title='bbox 1234 3669 1279 3732; x_wconf 84' lang='grc' dir='ltr'><strong>οὐχ</strong></span> <span class='ocrx_word' id='word_1_480' title='bbox 1295 3669 1414 3717; x_wconf 78' lang='grc' dir='ltr'>ὑπολείπει</span> <span class='ocrx_word' id='word_1_481' title='bbox 1433 3668 1503 3716; x_wconf 80' lang='grc' dir='ltr'><strong>αὐτὸν</strong></span> <span class='ocrx_word' id='word_1_482' title='bbox 1517 3669 1531 3716; x_wconf 84' lang='grc' dir='ltr'>ὁ</span> <span class='ocrx_word' id='word_1_483' title='bbox 1544 3669 1628 3730; x_wconf 77' lang='grc' dir='ltr'><strong>λόγος,</strong></span> <span class='ocrx_word' id='word_1_484' title='bbox 1639 3671 1708 3718; x_wconf 74' lang='grc' dir='ltr'><strong>τοῦτο</strong></span> 
     </span>
     <span class='ocr_line' id='line_1_41' title="bbox 108 3737 1707 3822; baseline -0.001 -23"><span class='ocrx_word' id='word_1_485' title='bbox 108 3741 247 3803; x_wconf 86' lang='lat' dir='ltr'><strong>barbaris</strong></span> <span class='ocrx_word' id='word_1_486' title='bbox 268 3746 423 3804; x_wconf 88' lang='lat' dir='ltr'><strong>constituta</strong></span> <span class='ocrx_word' id='word_1_487' title='bbox 438 3744 579 3822; x_wconf 81' lang='lat' dir='ltr'><strong>hymnos,</strong></span> <span class='ocrx_word' id='word_1_488' title='bbox 598 3744 635 3802; x_wconf 81' lang='lat' dir='ltr'><strong>da</strong></span> <span class='ocrx_word' id='word_1_489' title='bbox 652 3743 763 3802; x_wconf 86' lang='lat' dir='ltr'><strong>Graecis</strong></span> <span class='ocrx_word' id='word_1_490' title='bbox 784 3757 888 3803; x_wconf 90' lang='lat' dir='ltr'><strong>statuta</strong></span> <span class='ocrx_word' id='word_1_491' title='bbox 931 3738 1283 3802; x_wconf 62' lang='lat' dir='ltr'><strong>tortrrtnto&#39;rtptttottna,</strong></span> <span class='ocrx_word' id='word_1_492' title='bbox 1294 3739 1479 3797; x_wconf 73' lang='lat' dir='ltr'><strong>flottatnaost,</strong></span> <span class='ocrx_word' id='word_1_493' title='bbox 1490 3737 1707 3798; x_wconf 63' lang='lat' dir='ltr'><strong>circumtusus</strong></span> 
     </span>
    </p>

    <p class='ocr_par' dir='ltr' id='par_1_12' title="bbox 931 3807 1704 3870">
     <span class='ocr_line' id='line_1_42' title="bbox 931 3807 1704 3870; baseline 0.003 -12"><span class='ocrx_word' id='word_1_494' title='bbox 931 3811 971 3860; x_wconf 86' lang='grc' dir='ltr'><strong>τὸν</strong></span> <span class='ocrx_word' id='word_1_495' title='bbox 984 3809 1045 3858; x_wconf 87' lang='grc' dir='ltr'><strong>θεόν·</strong></span> <span class='ocrx_word' id='word_1_496' title='bbox 1055 3808 1142 3870; x_wconf 80' lang='grc' dir='ltr'><strong>ὁμοίως</strong></span> <span class='ocrx_word' id='word_1_497' title='bbox 1151 3809 1176 3856; x_wconf 85' lang='grc' dir='ltr'><strong>δὲ</strong></span> <span class='ocrx_word' id='word_1_498' title='bbox 1185 3809 1225 3857; x_wconf 80' lang='grc' dir='ltr'><strong>καὶ</strong></span> <span class='ocrx_word' id='word_1_499' title='bbox 1235 3809 1336 3870; x_wconf 84' lang='grc' dir='ltr'><strong>ἀνδρίαν,</strong></span> <span class='ocrx_word' id='word_1_500' title='bbox 1349 3809 1403 3866; x_wconf 71' lang='lat' dir='ltr'><strong>had</strong></span> <span class='ocrx_word' id='word_1_501' title='bbox 1412 3807 1452 3855; x_wconf 76' lang='grc' dir='ltr'><strong>καὶ</strong></span> <span class='ocrx_word' id='word_1_502' title='bbox 1463 3807 1492 3855; x_wconf 82' lang='grc' dir='ltr'><strong>τὰ</strong></span> <span class='ocrx_word' id='word_1_503' title='bbox 1505 3813 1580 3857; x_wconf 86' lang='grc' dir='ltr'><strong>ποιεῖ·</strong></span> <span class='ocrx_word' id='word_1_504' title='bbox 1592 3808 1605 3856; x_wconf 83' lang='grc' dir='ltr'><strong>ὃ</strong></span> <span class='ocrx_word' id='word_1_505' title='bbox 1616 3809 1704 3860; x_wconf 83' lang='grc' dir='ltr'><strong>τοιόνδε</strong></span> 
     </span>
    </p>

    <p class='ocr_par' dir='ltr' id='par_1_13' title="bbox 931 3877 1705 3938">
     <span class='ocr_line' id='line_1_43' title="bbox 931 3877 1705 3938; baseline -0.003 -8"><span class='ocrx_word' id='word_1_506' title='bbox 931 3880 1002 3931; x_wconf 80' lang='grc' dir='ltr'><strong>ἐστίν.</strong></span> <span class='ocrx_word' id='word_1_507' title='bbox 1012 3884 1122 3931; x_wconf 82' lang='lat' dir='ltr'><strong>Fortasse</strong></span> <span class='ocrx_word' id='word_1_508' title='bbox 1133 3879 1175 3929; x_wconf 89' lang='lat' dir='ltr'><strong>illa</strong></span> <span class='ocrx_word' id='word_1_509' title='bbox 1187 3880 1283 3938; x_wconf 72' lang='lat' dir='ltr'><strong>Gorgiae</strong></span> <span class='ocrx_word' id='word_1_510' title='bbox 1298 3880 1374 3927; x_wconf 88' lang='lat' dir='ltr'><strong>oratio</strong></span> <span class='ocrx_word' id='word_1_511' title='bbox 1386 3877 1505 3928; x_wconf 70' lang='lat' dir='ltr'><strong>Aristoteli</strong></span> <span class='ocrx_word' id='word_1_512' title='bbox 1522 3877 1705 3938; x_wconf 82' lang='lat' dir='ltr'><strong>obversabatur,</strong></span> 
     </span>
    </p>

    <p class='ocr_par' dir='ltr' id='par_1_14' title="bbox 102 3949 1706 5204">
     <span class='ocr_line' id='line_1_44' title="bbox 931 3949 1705 4012; baseline -0.003 -11"><span class='ocrx_word' id='word_1_513' title='bbox 931 3966 1005 4012; x_wconf 82' lang='lat' dir='ltr'><strong>quum</strong></span> <span class='ocrx_word' id='word_1_514' title='bbox 1022 3952 1075 4001; x_wconf 72' lang='grc' dir='ltr'><strong>(ναι</strong></span> <span class='ocrx_word' id='word_1_515' title='bbox 1093 3951 1208 4000; x_wconf 84' lang='lat' dir='ltr'><strong>scriberet</strong></span> <span class='ocrx_word' id='word_1_516' title='bbox 1227 3949 1300 3998; x_wconf 80' lang='lat' dir='ltr'><strong>libet.</strong></span> <span class='ocrx_word' id='word_1_517' title='bbox 1312 3949 1357 3998; x_wconf 91' lang='lat' dir='ltr'><strong>lib.</strong></span> <span class='ocrx_word' id='word_1_518' title='bbox 1370 3951 1381 3998; x_wconf 93' lang='lat' dir='ltr'><strong>l</strong></span> <span class='ocrx_word' id='word_1_519' title='bbox 1394 3961 1446 4010; x_wconf 82' lang='lat' dir='ltr'><strong>cap.</strong></span> <span class='ocrx_word' id='word_1_520' title='bbox 1456 3953 1480 4006; x_wconf 80' lang='lat'><strong>3,</strong></span> <span class='ocrx_word' id='word_1_521' title='bbox 1493 3961 1545 4010; x_wconf 74' lang='lat' dir='ltr'><strong>pag.</strong></span> <span class='ocrx_word' id='word_1_522' title='bbox 1564 3954 1623 3999; x_wconf 79' lang='lat' dir='ltr'><strong>issa</strong></span> <span class='ocrx_word' id='word_1_523' title='bbox 1636 3963 1651 3998; x_wconf 87' lang='lat' dir='ltr'><strong>a</strong></span> <span class='ocrx_word' id='word_1_524' title='bbox 1666 3951 1705 3999; x_wconf 83' lang='lat' dir='ltr'><strong>ot.</strong></span> 
     </span>
     <span class='ocr_line' id='line_1_45' title="bbox 108 4012 1706 4085; baseline 0.001 -21"><span class='ocrx_word' id='word_1_525' title='bbox 108 4019 159 4073; x_wconf 85' lang='grc'>(63)</span> <span class='ocrx_word' id='word_1_526' title='bbox 175 4016 304 4066; x_wconf 77' lang='lat' dir='ltr'><strong>Pausanias</strong></span> <span class='ocrx_word' id='word_1_527' title='bbox 316 4017 359 4066; x_wconf 87' lang='lat' dir='ltr'><strong>lib.</strong></span> <span class='ocrx_word' id='word_1_528' title='bbox 372 4020 414 4079; x_wconf 86' lang='lat' dir='ltr'><strong>vt,</strong></span> <span class='ocrx_word' id='word_1_529' title='bbox 435 4023 473 4078; x_wconf 87' lang='grc'><strong>17,</strong></span> <span class='ocrx_word' id='word_1_530' title='bbox 484 4021 517 4066; x_wconf 87' lang='lat'><strong>8:</strong></span> <span class='ocrx_word' id='word_1_531' title='bbox 534 4018 685 4080; x_wconf 72' lang='grc' dir='ltr'><strong>εὐδοκιμῆσαι</strong></span> <span class='ocrx_word' id='word_1_532' title='bbox 699 4016 795 4079; x_wconf 81' lang='grc' dir='ltr'><strong>Γοργίαν</strong></span> <span class='ocrx_word' id='word_1_533' title='bbox 811 4019 886 4079; x_wconf 78' lang='grc' dir='ltr'><strong>λόγων</strong></span> <span class='ocrx_word' id='word_1_534' title='bbox 930 4021 1040 4072; x_wconf 76' lang='lat' dir='ltr'><strong>setta:</strong></span> <span class='ocrx_word' id='word_1_535' title='bbox 1054 4021 1102 4070; x_wconf 81' lang='grc' dir='ltr'><strong>οῖον</strong></span> <span class='ocrx_word' id='word_1_536' title='bbox 1122 4021 1227 4085; x_wconf 80' lang='grc' dir='ltr'><strong>Ἀχιλλέα</strong></span> <span class='ocrx_word' id='word_1_537' title='bbox 1236 4021 1370 4069; x_wconf 74' lang='grc' dir='ltr'><strong>ἐπαινοῦσιν</strong></span> <span class='ocrx_word' id='word_1_538' title='bbox 1387 4017 1422 4065; x_wconf 81' lang='grc' dir='ltr'><strong>ὅτι</strong></span> <span class='ocrx_word' id='word_1_539' title='bbox 1443 4012 1554 4074; x_wconf 75' lang='grc' dir='ltr'><strong>ίθοήθησι</strong></span> <span class='ocrx_word' id='word_1_540' title='bbox 1572 4023 1607 4078; x_wconf 87' lang='grc' dir='ltr'><strong>τῷ</strong></span> <span class='ocrx_word' id='word_1_541' title='bbox 1621 4018 1706 4080; x_wconf 76' lang='grc' dir='ltr'><strong>ἑταίρῳ</strong></span> 
     </span>
     <span class='ocr_line' id='line_1_46' title="bbox 107 4087 1705 4156; baseline 0.001 -21"><span class='ocrx_word' id='word_1_542' title='bbox 107 4089 179 4135; x_wconf 72' lang='grc' dir='ltr'><strong>ἕνεκα</strong></span> <span class='ocrx_word' id='word_1_543' title='bbox 190 4089 215 4135; x_wconf 72' lang='grc' dir='ltr'><strong>ἐν</strong></span> <span class='ocrx_word' id='word_1_544' title='bbox 227 4104 254 4136; x_wconf 85' lang='grc' dir='ltr'><strong>τε</strong></span> <span class='ocrx_word' id='word_1_545' title='bbox 264 4094 293 4153; x_wconf 75' lang='grc' dir='ltr'><strong>τῇ</strong></span> <span class='ocrx_word' id='word_1_546' title='bbox 305 4090 430 4150; x_wconf 68' lang='grc' dir='ltr'><strong>πανηγύρει</strong></span> <span class='ocrx_word' id='word_1_547' title='bbox 445 4095 474 4147; x_wconf 72' lang='grc' dir='ltr'><strong>τῇ</strong></span> <span class='ocrx_word' id='word_1_548' title='bbox 483 4089 617 4150; x_wconf 74' lang='grc' dir='ltr'>Ὀλυμπικῇ</span> <span class='ocrx_word' id='word_1_549' title='bbox 630 4105 687 4149; x_wconf 73' lang='grc' dir='ltr'><strong>φασι</strong></span> <span class='ocrx_word' id='word_1_550' title='bbox 702 4087 886 4149; x_wconf 73' lang='grc' dir='ltr'><strong>κατθφικόμονον</strong></span> <span class='ocrx_word' id='word_1_551' title='bbox 931 4093 1061 4156; x_wconf 74' lang='grc' dir='ltr'>Πατρόκλῳ</span> <span class='ocrx_word' id='word_1_552' title='bbox 1070 4095 1136 4150; x_wconf 79' lang='grc' dir='ltr'><strong>εἰδὼς</strong></span> <span class='ocrx_word' id='word_1_553' title='bbox 1145 4093 1181 4142; x_wconf 81' lang='grc' dir='ltr'><strong>ὅτι</strong></span> <span class='ocrx_word' id='word_1_554' title='bbox 1195 4092 1231 4140; x_wconf 79' lang='grc' dir='ltr'><strong>δεῖ</strong></span> <span class='ocrx_word' id='word_1_555' title='bbox 1245 4090 1314 4138; x_wconf 82' lang='grc' dir='ltr'><strong>αίττὸν</strong></span> <span class='ocrx_word' id='word_1_556' title='bbox 1329 4089 1461 4147; x_wconf 76' lang='grc' dir='ltr'><strong>ἀποθανεῖν,</strong></span> <span class='ocrx_word' id='word_1_557' title='bbox 1471 4088 1520 4142; x_wconf 79' lang='grc' dir='ltr'><strong>ἐξὸν</strong></span> <span class='ocrx_word' id='word_1_558' title='bbox 1531 4093 1579 4146; x_wconf 83' lang='grc' dir='ltr'><strong>ζῆν.</strong></span> <span class='ocrx_word' id='word_1_559' title='bbox 1590 4088 1671 4150; x_wconf 80' lang='grc' dir='ltr'><strong>Τούτῳ</strong></span> <span class='ocrx_word' id='word_1_560' title='bbox 1681 4091 1705 4138; x_wconf 77' lang='grc' dir='ltr'><strong>δὲ</strong></span> 
     </span>
     <span class='ocr_line' id='line_1_47' title="bbox 107 4157 1705 4224; baseline -0.002 -19"><span class='ocrx_word' id='word_1_561' title='bbox 107 4158 173 4205; x_wconf 75' lang='grc' dir='ltr'><strong>κατὰ</strong></span> <span class='ocrx_word' id='word_1_562' title='bbox 195 4159 319 4219; x_wconf 59' lang='lat' dir='ltr'><strong>ramosior</strong></span> <span class='ocrx_word' id='word_1_563' title='bbox 336 4161 396 4219; x_wconf 71' lang='lat' dir='ltr'><strong>toas</strong></span> <span class='ocrx_word' id='word_1_564' title='bbox 414 4160 486 4220; x_wconf 68' lang='grc' dir='ltr'><strong>Τισίᾳ</strong></span> <span class='ocrx_word' id='word_1_565' title='bbox 500 4160 556 4222; x_wconf 88' lang='grc' dir='ltr'><strong>παρ’</strong></span> <span class='ocrx_word' id='word_1_566' title='bbox 569 4159 708 4217; x_wconf 69' lang='grc' dir='ltr'><strong>Ἀθηναίους.</strong></span> <span class='ocrx_word' id='word_1_567' title='bbox 728 4158 887 4210; x_wconf 80' lang='lat' dir='ltr'><strong>Philostratus</strong></span> <span class='ocrx_word' id='word_1_568' title='bbox 930 4163 944 4208; x_wconf 85' lang='grc' dir='ltr'><strong>ὁ</strong></span> <span class='ocrx_word' id='word_1_569' title='bbox 963 4163 1004 4224; x_wconf 74' lang='grc' dir='ltr'><strong>μὲν</strong></span> <span class='ocrx_word' id='word_1_570' title='bbox 1024 4167 1128 4216; x_wconf 77' lang='grc' dir='ltr'><strong>τοιοῦτος</strong></span> <span class='ocrx_word' id='word_1_571' title='bbox 1148 4160 1242 4213; x_wconf 79' lang='grc' dir='ltr'><strong>θάνατος</strong></span> <span class='ocrx_word' id='word_1_572' title='bbox 1265 4159 1367 4215; x_wconf 77' lang='grc' dir='ltr'><strong>κάλλιον,</strong></span> <span class='ocrx_word' id='word_1_573' title='bbox 1387 4158 1414 4205; x_wconf 87' lang='grc' dir='ltr'><strong>τὸ</strong></span> <span class='ocrx_word' id='word_1_574' title='bbox 1431 4157 1456 4205; x_wconf 86' lang='grc' dir='ltr'><strong>δὲ</strong></span> <span class='ocrx_word' id='word_1_575' title='bbox 1474 4161 1513 4214; x_wconf 79' lang='grc' dir='ltr'><strong>(ἠν</strong></span> <span class='ocrx_word' id='word_1_576' title='bbox 1531 4159 1653 4220; x_wconf 79' lang='grc' dir='ltr'><strong>συμφέρον.</strong></span> <span class='ocrx_word' id='word_1_577' title='bbox 1675 4183 1705 4193; x_wconf 96' lang='grc'><strong>-</strong></span> 
     </span>
     <span class='ocr_line' id='line_1_48' title="bbox 106 4228 1705 4294; baseline -0.002 -18"><span class='ocrx_word' id='word_1_578' title='bbox 106 4228 179 4289; x_wconf 85' lang='lat' dir='ltr'><strong>epist.</strong></span> <span class='ocrx_word' id='word_1_579' title='bbox 190 4230 257 4288; x_wconf 79' lang='grc' dir='ltr'><strong>ΧΙΙΙ,</strong></span> <span class='ocrx_word' id='word_1_580' title='bbox 267 4243 290 4289; x_wconf 85' lang='grc' dir='ltr'><strong>ρ.</strong></span> <span class='ocrx_word' id='word_1_581' title='bbox 302 4233 348 4277; x_wconf 82' lang='grc'><strong>919</strong></span> <span class='ocrx_word' id='word_1_582' title='bbox 358 4246 365 4277; x_wconf 83' lang='grc' dir='ltr'><strong>ι</strong></span> <span class='ocrx_word' id='word_1_583' title='bbox 375 4229 474 4290; x_wconf 79' lang='grc' dir='ltr'><strong>Γοργίου</strong></span> <span class='ocrx_word' id='word_1_584' title='bbox 484 4231 616 4291; x_wconf 81' lang='grc' dir='ltr'><strong>θαυμασταί</strong></span> <span class='ocrx_word' id='word_1_585' title='bbox 627 4228 689 4288; x_wconf 74' lang='grc' dir='ltr'><strong>ἦσαν</strong></span> <span class='ocrx_word' id='word_1_586' title='bbox 697 4236 789 4294; x_wconf 82' lang='grc' dir='ltr'><strong>πρῶτον</strong></span> <span class='ocrx_word' id='word_1_587' title='bbox 805 4233 846 4293; x_wconf 82' lang='grc' dir='ltr'><strong>μὲν</strong></span> <span class='ocrx_word' id='word_1_588' title='bbox 861 4235 883 4282; x_wconf 87' lang='grc' dir='ltr'><strong>ο(</strong></span> <span class='ocrx_word' id='word_1_589' title='bbox 931 4233 981 4292; x_wconf 81' lang='grc'>(71)</span> <span class='ocrx_word' id='word_1_590' title='bbox 993 4233 1112 4290; x_wconf 77' lang='lat' dir='ltr'><strong>Diogenes</strong></span> <span class='ocrx_word' id='word_1_591' title='bbox 1122 4232 1228 4281; x_wconf 85' lang='lat' dir='ltr'><strong>Laertius</strong></span> <span class='ocrx_word' id='word_1_592' title='bbox 1238 4230 1303 4287; x_wconf 86' lang='lat' dir='ltr'><strong>Vlll,</strong></span> <span class='ocrx_word' id='word_1_593' title='bbox 1316 4235 1358 4278; x_wconf 81' lang='lat'><strong>58:</strong></span> <span class='ocrx_word' id='word_1_594' title='bbox 1368 4228 1464 4290; x_wconf 80' lang='grc' dir='ltr'><strong>Γοργίαν</strong></span> <span class='ocrx_word' id='word_1_595' title='bbox 1472 4231 1528 4288; x_wconf 82' lang='grc' dir='ltr'><strong>γοῦν</strong></span> <span class='ocrx_word' id='word_1_596' title='bbox 1536 4229 1576 4276; x_wconf 86' lang='grc' dir='ltr'><strong>τὸν</strong></span> <span class='ocrx_word' id='word_1_597' title='bbox 1585 4231 1705 4276; x_wconf 83' lang='grc' dir='ltr'><strong>Λεοντῖνον</strong></span> 
     </span>
     <span class='ocr_line' id='line_1_49' title="bbox 107 4298 1704 4366; baseline -0.001 -20"><span class='ocrx_word' id='word_1_598' title='bbox 107 4301 172 4347; x_wconf 70' lang='grc' dir='ltr'><strong>κατὰ</strong></span> <span class='ocrx_word' id='word_1_599' title='bbox 188 4300 315 4349; x_wconf 78' lang='grc' dir='ltr'><strong>Θετταλίαν</strong></span> <span class='ocrx_word' id='word_1_600' title='bbox 328 4300 450 4359; x_wconf 75' lang='grc' dir='ltr'><strong>Ἓλληνες,</strong></span> <span class='ocrx_word' id='word_1_601' title='bbox 461 4298 515 4363; x_wconf 78' lang='grc' dir='ltr'><strong>παρ’</strong></span> <span class='ocrx_word' id='word_1_602' title='bbox 528 4300 563 4356; x_wconf 71' lang='grc' dir='ltr'><strong>οῖς</strong></span> <span class='ocrx_word' id='word_1_603' title='bbox 577 4301 605 4349; x_wconf 89' lang='grc' dir='ltr'><strong>τὸ</strong></span> <span class='ocrx_word' id='word_1_604' title='bbox 617 4301 745 4363; x_wconf 77' lang='grc' dir='ltr'><strong>ῥητορεύειν</strong></span> <span class='ocrx_word' id='word_1_605' title='bbox 758 4302 885 4363; x_wconf 75' lang='grc' dir='ltr'><strong>γοργιιίζειν</strong></span> <span class='ocrx_word' id='word_1_606' title='bbox 930 4304 1002 4352; x_wconf 73' lang='grc' dir='ltr'><strong>αὐτοῦ</strong></span> <span class='ocrx_word' id='word_1_607' title='bbox 1015 4303 1066 4366; x_wconf 83' lang='grc' dir='ltr'><strong>[τοῦ</strong></span> <span class='ocrx_word' id='word_1_608' title='bbox 1078 4299 1270 4364; x_wconf 78' lang='grc' dir='ltr'><strong>Ἐμπεδοκλέους)</strong></span> <span class='ocrx_word' id='word_1_609' title='bbox 1280 4301 1386 4361; x_wconf 79' lang='grc' dir='ltr'><strong>γενέσθαι</strong></span> <span class='ocrx_word' id='word_1_610' title='bbox 1406 4299 1518 4360; x_wconf 80' lang='grc' dir='ltr'><strong>μαθητήν,</strong></span> <span class='ocrx_word' id='word_1_611' title='bbox 1535 4298 1605 4357; x_wconf 80' lang='grc' dir='ltr'><strong>ἀνδρα</strong></span> <span class='ocrx_word' id='word_1_612' title='bbox 1623 4299 1704 4359; x_wconf 79' lang='grc' dir='ltr'><strong>ὑπερί-</strong></span> 
     </span>
     <span class='ocr_line' id='line_1_50' title="bbox 105 4367 1704 4436; baseline -0.002 -18"><span class='ocrx_word' id='word_1_613' title='bbox 105 4375 149 4427; x_wconf 78' lang='grc' dir='ltr'><strong>τήν</strong></span> <span class='ocrx_word' id='word_1_614' title='bbox 168 4371 302 4433; x_wconf 73' lang='grc' dir='ltr'><strong>ἐπωνυμίαν</strong></span> <span class='ocrx_word' id='word_1_615' title='bbox 316 4371 394 4433; x_wconf 74' lang='grc' dir='ltr'><strong>ἔσχεν·</strong></span> <span class='ocrx_word' id='word_1_616' title='bbox 413 4371 465 4420; x_wconf 84' lang='grc' dir='ltr'><strong>εἶτα</strong></span> <span class='ocrx_word' id='word_1_617' title='bbox 482 4372 510 4420; x_wconf 83' lang='grc' dir='ltr'><strong>τὸ</strong></span> <span class='ocrx_word' id='word_1_618' title='bbox 532 4371 623 4432; x_wconf 77' lang='grc' dir='ltr'><strong>ξύμπαν</strong></span> <span class='ocrx_word' id='word_1_619' title='bbox 645 4371 787 4433; x_wconf 57' lang='lat' dir='ltr'><strong>‘filimatia</strong></span> <span class='ocrx_word' id='word_1_620' title='bbox 803 4374 827 4420; x_wconf 78' lang='lat' dir='ltr'><strong>iv</strong></span> <span class='ocrx_word' id='word_1_621' title='bbox 850 4373 884 4429; x_wconf 77' lang='grc' dir='ltr'><strong>οῖς</strong></span> <span class='ocrx_word' id='word_1_622' title='bbox 929 4389 1003 4435; x_wconf 85' lang='grc' dir='ltr'><strong>χοντα</strong></span> <span class='ocrx_word' id='word_1_623' title='bbox 1020 4375 1044 4422; x_wconf 83' lang='grc' dir='ltr'><strong>ἐν</strong></span> <span class='ocrx_word' id='word_1_624' title='bbox 1065 4374 1187 4436; x_wconf 69' lang='grc' dir='ltr'><strong>ῥητορικῇ,</strong></span> <span class='ocrx_word' id='word_1_625' title='bbox 1206 4373 1246 4419; x_wconf 79' lang='grc' dir='ltr'><strong>καί</strong></span> <span class='ocrx_word' id='word_1_626' title='bbox 1263 4371 1346 4432; x_wconf 82' lang='grc' dir='ltr'><strong>τέχνην</strong></span> <span class='ocrx_word' id='word_1_627' title='bbox 1365 4367 1543 4417; x_wconf 78' lang='grc' dir='ltr'><strong>θπολελοιπὰτα.</strong></span> <span class='ocrx_word' id='word_1_628' title='bbox 1564 4367 1601 4415; x_wconf 79' lang='lat' dir='ltr'><strong>(ll.</strong></span> <span class='ocrx_word' id='word_1_629' title='bbox 1620 4367 1704 4416; x_wconf 83' lang='lat' dir='ltr'><strong>Cicero</strong></span> 
     </span>
     <span class='ocr_line' id='line_1_51' title="bbox 105 4436 1699 4504; baseline -0.002 -17"><span class='ocrx_word' id='word_1_630' title='bbox 105 4440 253 4497; x_wconf 72' lang='grc' dir='ltr'><strong>Ὀλυμπίασι</strong></span> <span class='ocrx_word' id='word_1_631' title='bbox 273 4441 387 4504; x_wconf 66' lang='grc' dir='ltr'><strong>διελέχθη.</strong></span> <span class='ocrx_word' id='word_1_632' title='bbox 397 4467 430 4480; x_wconf 91' lang='grc'>-</span> <span class='ocrx_word' id='word_1_633' title='bbox 440 4442 488 4499; x_wconf 78' lang='lat' dir='ltr'><strong>(si)</strong></span> <span class='ocrx_word' id='word_1_634' title='bbox 503 4439 562 4490; x_wconf 81' lang='lat' dir='ltr'><strong>vid.</strong></span> <span class='ocrx_word' id='word_1_635' title='bbox 582 4441 665 4500; x_wconf 76' lang='lat' dir='ltr'><strong>fragm.</strong></span> <span class='ocrx_word' id='word_1_636' title='bbox 686 4446 707 4490; x_wconf 88' lang='lat' dir='ltr'><strong>t.</strong></span> <span class='ocrx_word' id='word_1_637' title='bbox 718 4471 749 4480; x_wconf 95' lang='lat'>-</span> <span class='ocrx_word' id='word_1_638' title='bbox 765 4439 812 4500; x_wconf 78' lang='lat'><strong>(65)</strong></span> <span class='ocrx_word' id='word_1_639' title='bbox 829 4443 884 4491; x_wconf 86' lang='lat' dir='ltr'><strong>Plu·</strong></span> <span class='ocrx_word' id='word_1_640' title='bbox 931 4447 997 4493; x_wconf 80' lang='lat' dir='ltr'><strong>lirut.</strong></span> <span class='ocrx_word' id='word_1_641' title='bbox 1015 4457 1068 4504; x_wconf 86' lang='lat' dir='ltr'><strong>cap.</strong></span> <span class='ocrx_word' id='word_1_642' title='bbox 1091 4440 1328 4503; x_wconf 58' lang='lat' dir='ltr'><strong>insatiabilium.</strong></span> <span class='ocrx_word' id='word_1_643' title='bbox 1342 4439 1383 4488; x_wconf 89' lang='lat' dir='ltr'><strong>lib.</strong></span> <span class='ocrx_word' id='word_1_644' title='bbox 1400 4440 1448 4499; x_wconf 90' lang='lat' dir='ltr'><strong>ill,</strong></span> <span class='ocrx_word' id='word_1_645' title='bbox 1468 4447 1488 4498; x_wconf 87' lang='lat' dir='ltr'><strong>t,</strong></span> <span class='ocrx_word' id='word_1_646' title='bbox 1501 4441 1525 4498; x_wconf 85' lang='grc'><strong>8,</strong></span> <span class='ocrx_word' id='word_1_647' title='bbox 1541 4442 1565 4485; x_wconf 90' lang='lat' dir='ltr'><strong>et</strong></span> <span class='ocrx_word' id='word_1_648' title='bbox 1578 4436 1663 4485; x_wconf 89' lang='lat' dir='ltr'><strong>Suidas</strong></span> <span class='ocrx_word' id='word_1_649' title='bbox 1675 4450 1699 4484; x_wconf 84' lang='grc' dir='ltr'><strong>ν.</strong></span> 
     </span>
     <span class='ocr_line' id='line_1_52' title="bbox 106 4507 1701 4575; baseline -0.003 -17"><span class='ocrx_word' id='word_1_650' title='bbox 106 4510 397 4574; x_wconf 63' lang='grc' dir='ltr'><strong>(αταΙιιιοθοιιῄνμριαο.</strong></span> <span class='ocrx_word' id='word_1_651' title='bbox 408 4511 455 4559; x_wconf 82' lang='lat' dir='ltr'><strong>rol.</strong></span> <span class='ocrx_word' id='word_1_652' title='bbox 466 4513 512 4560; x_wconf 87' lang='lat' dir='ltr'><strong>vtl</strong></span> <span class='ocrx_word' id='word_1_653' title='bbox 524 4513 600 4571; x_wconf 77' lang='lat' dir='ltr'><strong>pits</strong></span> <span class='ocrx_word' id='word_1_654' title='bbox 608 4509 646 4559; x_wconf 83' lang='lat' dir='ltr'><strong>od.</strong></span> <span class='ocrx_word' id='word_1_655' title='bbox 658 4511 884 4573; x_wconf 63' lang='lat' dir='ltr'><strong>flattenal&#39;opniou,</strong></span> <span class='ocrx_word' id='word_1_656' title='bbox 929 4513 1122 4575; x_wconf 69' lang='grc' dir='ltr'><strong>Γοργία;.-(72)</strong></span> <span class='ocrx_word' id='word_1_657' title='bbox 1131 4511 1258 4572; x_wconf 74' lang='lat' dir='ltr'><strong>Dionysius</strong></span> <span class='ocrx_word' id='word_1_658' title='bbox 1270 4511 1389 4560; x_wconf 85' lang='lat' dir='ltr'><strong>italicam.</strong></span> <span class='ocrx_word' id='word_1_659' title='bbox 1398 4513 1516 4569; x_wconf 85' lang='lat' dir='ltr'><strong>Deoomp.</strong></span> <span class='ocrx_word' id='word_1_660' title='bbox 1525 4507 1652 4567; x_wconf 75' lang='lat' dir='ltr'><strong>verhoap.</strong></span> <span class='ocrx_word' id='word_1_661' title='bbox 1666 4511 1701 4563; x_wconf 82' lang='lat' dir='ltr'><strong>ta.</strong></span> 
     </span>
     <span class='ocr_line' id='line_1_53' title="bbox 105 4575 1699 4646; baseline -0.003 -19"><span class='ocrx_word' id='word_1_662' title='bbox 105 4585 150 4627; x_wconf 78' lang='grc' dir='ltr'><strong>τοῦ</strong></span> <span class='ocrx_word' id='word_1_663' title='bbox 176 4581 271 4643; x_wconf 71' lang='grc' dir='ltr'><strong>ῥήτορος</strong></span> <span class='ocrx_word' id='word_1_664' title='bbox 297 4581 434 4641; x_wconf 78' lang='grc' dir='ltr'><strong>ἀναγνόντος</strong></span> <span class='ocrx_word' id='word_1_665' title='bbox 455 4581 479 4630; x_wconf 72' lang='grc' dir='ltr'><strong>ἐν</strong></span> <span class='ocrx_word' id='word_1_666' title='bbox 493 4580 611 4642; x_wconf 80' lang='grc' dir='ltr'><strong>Ὀλυμπίᾳ</strong></span> <span class='ocrx_word' id='word_1_667' title='bbox 625 4580 694 4640; x_wconf 82' lang='grc' dir='ltr'><strong>λόγον</strong></span> <span class='ocrx_word' id='word_1_668' title='bbox 708 4583 760 4646; x_wconf 78' lang='grc' dir='ltr'><strong>περὶ</strong></span> <span class='ocrx_word' id='word_1_669' title='bbox 775 4583 883 4643; x_wconf 74' lang='grc' dir='ltr'><strong>ὁμονοίας</strong></span> <span class='ocrx_word' id='word_1_670' title='bbox 929 4595 953 4642; x_wconf 89' lang='lat' dir='ltr'><strong>p.</strong></span> <span class='ocrx_word' id='word_1_671' title='bbox 964 4586 994 4630; x_wconf 81' lang='grc'><strong>68</strong></span> <span class='ocrx_word' id='word_1_672' title='bbox 1004 4581 1041 4629; x_wconf 88' lang='lat' dir='ltr'><strong>ad.</strong></span> <span class='ocrx_word' id='word_1_673' title='bbox 1053 4581 1243 4642; x_wconf 52' lang='lat' dir='ltr'><strong>tteistazupoa</strong></span> <span class='ocrx_word' id='word_1_674' title='bbox 1252 4578 1272 4628; x_wconf 83' lang='grc' dir='ltr'><strong>δ’</strong></span> <span class='ocrx_word' id='word_1_675' title='bbox 1282 4579 1334 4628; x_wconf 82' lang='grc' dir='ltr'><strong>οὔτε</strong></span> <span class='ocrx_word' id='word_1_676' title='bbox 1348 4578 1426 4641; x_wconf 68' lang='grc' dir='ltr'><strong>ῥήτωρ</strong></span> <span class='ocrx_word' id='word_1_677' title='bbox 1435 4578 1508 4630; x_wconf 76' lang='grc' dir='ltr'><strong>οὐδεὶς</strong></span> <span class='ocrx_word' id='word_1_678' title='bbox 1516 4576 1568 4623; x_wconf 82' lang='grc' dir='ltr'><strong>οὔτε</strong></span> <span class='ocrx_word' id='word_1_679' title='bbox 1577 4575 1699 4637; x_wconf 79' lang='grc' dir='ltr'><strong>φιλόσοφος</strong></span> 
     </span>
     <span class='ocr_line' id='line_1_54' title="bbox 105 4645 1703 4714; baseline -0.002 -18"><span class='ocrx_word' id='word_1_680' title='bbox 105 4657 157 4704; x_wconf 78' lang='grc' dir='ltr'><strong>τοῖς</strong></span> <span class='ocrx_word' id='word_1_681' title='bbox 172 4651 294 4711; x_wconf 51' lang='lat' dir='ltr'><strong>&#39;hilarata</strong></span> <span class='ocrx_word' id='word_1_682' title='bbox 310 4653 324 4700; x_wconf 84' lang='lat' dir='ltr'><strong>d</strong></span> <span class='ocrx_word' id='word_1_683' title='bbox 344 4651 477 4706; x_wconf 81' lang='grc' dir='ltr'><strong>Μελάνθιος·</strong></span> <span class='ocrx_word' id='word_1_684' title='bbox 490 4651 563 4706; x_wconf 73' lang='grc' dir='ltr'><strong>Οὗτος</strong></span> <span class='ocrx_word' id='word_1_685' title='bbox 577 4654 634 4712; x_wconf 80' lang='grc' dir='ltr'><strong>ἡμῖν</strong></span> <span class='ocrx_word' id='word_1_686' title='bbox 650 4650 713 4712; x_wconf 70' lang='grc' dir='ltr'>(ἔφη)</span> <span class='ocrx_word' id='word_1_687' title='bbox 730 4653 880 4714; x_wconf 70' lang='lat' dir='ltr'><strong>mutavisset</strong></span> <span class='ocrx_word' id='word_1_688' title='bbox 928 4653 1021 4708; x_wconf 81' lang='grc' dir='ltr'><strong>τίςτόὃε</strong></span> <span class='ocrx_word' id='word_1_689' title='bbox 1036 4651 1121 4714; x_wconf 85' lang='grc' dir='ltr'><strong>χρόνον</strong></span> <span class='ocrx_word' id='word_1_690' title='bbox 1129 4653 1213 4713; x_wconf 77' lang='grc' dir='ltr'><strong>τέχνην</strong></span> <span class='ocrx_word' id='word_1_691' title='bbox 1222 4651 1316 4712; x_wconf 81' lang='grc' dir='ltr'><strong>ὥρισεν·</strong></span> <span class='ocrx_word' id='word_1_692' title='bbox 1327 4647 1375 4696; x_wconf 81' lang='grc' dir='ltr'><strong>οὐδ’</strong></span> <span class='ocrx_word' id='word_1_693' title='bbox 1384 4648 1457 4708; x_wconf 79' lang='grc' dir='ltr'><strong>ὅσπερ</strong></span> <span class='ocrx_word' id='word_1_694' title='bbox 1467 4650 1556 4707; x_wconf 79' lang='grc' dir='ltr'><strong>πρῶτος</strong></span> <span class='ocrx_word' id='word_1_695' title='bbox 1566 4645 1703 4708; x_wconf 75' lang='grc' dir='ltr'><strong>ἐπεχείρησε</strong></span> 
     </span>
     <span class='ocr_line' id='line_1_55' title="bbox 105 4714 1701 4794; baseline -0.007 -22"><span class='ocrx_word' id='word_1_696' title='bbox 105 4724 160 4782; x_wconf 78' lang='grc' dir='ltr'><strong>περὶ</strong></span> <span class='ocrx_word' id='word_1_697' title='bbox 170 4721 279 4782; x_wconf 75' lang='grc' dir='ltr'><strong>ὁμονοίας</strong></span> <span class='ocrx_word' id='word_1_698' title='bbox 285 4759 294 4782; x_wconf 93' lang='grc'><strong>,</strong></span> <span class='ocrx_word' id='word_1_699' title='bbox 304 4723 329 4777; x_wconf 80' lang='grc' dir='ltr'><strong>ὃς</strong></span> <span class='ocrx_word' id='word_1_700' title='bbox 343 4724 413 4771; x_wconf 74' lang='grc' dir='ltr'><strong>αὑτὸν</strong></span> <span class='ocrx_word' id='word_1_701' title='bbox 427 4724 466 4771; x_wconf 83' lang='grc' dir='ltr'><strong>οιαὶ</strong></span> <span class='ocrx_word' id='word_1_702' title='bbox 480 4724 522 4780; x_wconf 77' lang='grc' dir='ltr'><strong>τὴν</strong></span> <span class='ocrx_word' id='word_1_703' title='bbox 533 4727 631 4783; x_wconf 70' lang='grc' dir='ltr'><strong>γυναῖκα</strong></span> <span class='ocrx_word' id='word_1_704' title='bbox 641 4723 681 4770; x_wconf 76' lang='grc' dir='ltr'><strong>καὶ</strong></span> <span class='ocrx_word' id='word_1_705' title='bbox 694 4725 736 4778; x_wconf 79' lang='grc' dir='ltr'><strong>τὴν</strong></span> <span class='ocrx_word' id='word_1_706' title='bbox 745 4723 883 4785; x_wconf 77' lang='grc' dir='ltr'><strong>θεράπαιναν</strong></span> <span class='ocrx_word' id='word_1_707' title='bbox 927 4722 1058 4784; x_wconf 82' lang='grc' dir='ltr'><strong>περὶαύτοῦ</strong></span> <span class='ocrx_word' id='word_1_708' title='bbox 1067 4721 1169 4784; x_wconf 77' lang='grc' dir='ltr'><strong>γροίρειν,</strong></span> <span class='ocrx_word' id='word_1_709' title='bbox 1180 4719 1275 4781; x_wconf 79' lang='grc' dir='ltr'><strong>Γοργίας</strong></span> <span class='ocrx_word' id='word_1_710' title='bbox 1287 4721 1300 4766; x_wconf 87' lang='grc' dir='ltr'>ὁ</span> <span class='ocrx_word' id='word_1_711' title='bbox 1312 4721 1442 4778; x_wconf 80' lang='grc' dir='ltr'><strong>Λεοντῖνος,</strong></span> <span class='ocrx_word' id='word_1_712' title='bbox 1452 4716 1517 4764; x_wconf 81' lang='grc' dir='ltr'><strong>οὐδέν</strong></span> <span class='ocrx_word' id='word_1_713' title='bbox 1526 4731 1548 4762; x_wconf 91' lang='grc' dir='ltr'><strong>τι</strong></span> <span class='ocrx_word' id='word_1_714' title='bbox 1557 4714 1628 4775; x_wconf 83' lang='grc' dir='ltr'><strong>λόγον</strong></span> <span class='ocrx_word' id='word_1_715' title='bbox 1639 4716 1701 4794; x_wconf 56' lang='grc' dir='ltr'><strong>ἀξιον</strong></span> 
     </span>
     <span class='ocr_line' id='line_1_56' title="bbox 103 4785 1702 4855; baseline -0.004 -17"><span class='ocrx_word' id='word_1_716' title='bbox 103 4792 155 4853; x_wconf 71' lang='grc' dir='ltr'><strong>(δίᾳ</strong></span> <span class='ocrx_word' id='word_1_717' title='bbox 169 4797 229 4850; x_wconf 82' lang='grc' dir='ltr'><strong>τρεῖς</strong></span> <span class='ocrx_word' id='word_1_718' title='bbox 242 4791 309 4847; x_wconf 73' lang='grc' dir='ltr'><strong>ὄντας</strong></span> <span class='ocrx_word' id='word_1_719' title='bbox 325 4794 430 4855; x_wconf 79' lang='grc' dir='ltr'><strong>ὁμονοεῖν</strong></span> <span class='ocrx_word' id='word_1_720' title='bbox 444 4792 472 4840; x_wconf 80' lang='grc' dir='ltr'><strong>οὗ</strong></span> <span class='ocrx_word' id='word_1_721' title='bbox 484 4795 600 4840; x_wconf 73' lang='grc' dir='ltr'><strong>πέπεικεν.</strong></span> <span class='ocrx_word' id='word_1_722' title='bbox 611 4790 658 4840; x_wconf 85' lang='grc' dir='ltr'><strong>Ἦν</strong></span> <span class='ocrx_word' id='word_1_723' title='bbox 672 4792 717 4852; x_wconf 78' lang='grc' dir='ltr'><strong>γὰρ</strong></span> <span class='ocrx_word' id='word_1_724' title='bbox 726 4794 758 4847; x_wconf 84' lang='grc' dir='ltr'><strong>ὡς</strong></span> <span class='ocrx_word' id='word_1_725' title='bbox 772 4792 834 4840; x_wconf 70' lang='grc' dir='ltr'><strong>ἔοικέ</strong></span> <span class='ocrx_word' id='word_1_726' title='bbox 849 4810 882 4848; x_wconf 82' lang='grc' dir='ltr'><strong>τις</strong></span> <span class='ocrx_word' id='word_1_727' title='bbox 927 4791 1035 4854; x_wconf 67' lang='grc' dir='ltr'><strong>ἔγραψεν.</strong></span> <span class='ocrx_word' id='word_1_728' title='bbox 1045 4815 1076 4826; x_wconf 94' lang='lat'><strong>—-</strong></span> <span class='ocrx_word' id='word_1_729' title='bbox 1085 4792 1134 4851; x_wconf 73' lang='grc'>(73)</span> <span class='ocrx_word' id='word_1_730' title='bbox 1156 4793 1262 4838; x_wconf 78' lang='lat' dir='ltr'><strong>Fortasse</strong></span> <span class='ocrx_word' id='word_1_731' title='bbox 1281 4788 1339 4836; x_wconf 86' lang='lat' dir='ltr'><strong>olim</strong></span> <span class='ocrx_word' id='word_1_732' title='bbox 1358 4787 1447 4847; x_wconf 78' lang='lat' dir='ltr'><strong>plures,</strong></span> <span class='ocrx_word' id='word_1_733' title='bbox 1461 4785 1556 4832; x_wconf 83' lang='lat' dir='ltr'><strong>iuerunl</strong></span> <span class='ocrx_word' id='word_1_734' title='bbox 1571 4788 1614 4832; x_wconf 76' lang='lat' dir='ltr'><strong>atti</strong></span> <span class='ocrx_word' id='word_1_735' title='bbox 1628 4789 1702 4832; x_wconf 85' lang='lat' dir='ltr'><strong>ettam</strong></span> 
     </span>
     <span class='ocr_line' id='line_1_57' title="bbox 103 4853 1701 4932; baseline -0.004 -24"><span class='ocrx_word' id='word_1_736' title='bbox 103 4862 163 4922; x_wconf 73' lang='grc' dir='ltr'><strong>ἔρως</strong></span> <span class='ocrx_word' id='word_1_737' title='bbox 173 4866 216 4909; x_wconf 77' lang='grc' dir='ltr'><strong>τοῦ</strong></span> <span class='ocrx_word' id='word_1_738' title='bbox 231 4863 329 4924; x_wconf 81' lang='grc' dir='ltr'><strong>Γοργίου</strong></span> <span class='ocrx_word' id='word_1_739' title='bbox 339 4864 379 4910; x_wconf 78' lang='grc' dir='ltr'><strong>καί</strong></span> <span class='ocrx_word' id='word_1_740' title='bbox 391 4861 518 4919; x_wconf 77' lang='grc' dir='ltr'><strong>ζηλοτυπία</strong></span> <span class='ocrx_word' id='word_1_741' title='bbox 531 4867 571 4918; x_wconf 81' lang='grc' dir='ltr'><strong>τῆς</strong></span> <span class='ocrx_word' id='word_1_742' title='bbox 584 4862 692 4922; x_wconf 80' lang='grc' dir='ltr'><strong>γυναικὸς</strong></span> <span class='ocrx_word' id='word_1_743' title='bbox 704 4863 761 4924; x_wconf 74' lang='grc' dir='ltr'><strong>πρὸς</strong></span> <span class='ocrx_word' id='word_1_744' title='bbox 774 4861 802 4910; x_wconf 82' lang='grc' dir='ltr'><strong>τὸ</strong></span> <span class='ocrx_word' id='word_1_745' title='bbox 814 4864 880 4923; x_wconf 71' lang='lat' dir='ltr'><strong>ospo-</strong></span> <span class='ocrx_word' id='word_1_746' title='bbox 926 4873 993 4908; x_wconf 78' lang='lat' dir='ltr'><strong>niano</strong></span> <span class='ocrx_word' id='word_1_747' title='bbox 1018 4861 1098 4908; x_wconf 81' lang='lat' dir='ltr'><strong>latent.</strong></span> <span class='ocrx_word' id='word_1_748' title='bbox 1121 4861 1182 4907; x_wconf 81' lang='lat' dir='ltr'><strong>Nom</strong></span> <span class='ocrx_word' id='word_1_749' title='bbox 1205 4859 1287 4932; x_wconf 78' lang='lat' dir='ltr'><strong>const.</strong></span> <span class='ocrx_word' id='word_1_750' title='bbox 1313 4858 1420 4906; x_wconf 59' lang='lat' dir='ltr'><strong>irascaris</strong></span> <span class='ocrx_word' id='word_1_751' title='bbox 1445 4853 1508 4915; x_wconf 89' lang='lat' dir='ltr'><strong>apud</strong></span> <span class='ocrx_word' id='word_1_752' title='bbox 1536 4853 1701 4915; x_wconf 78' lang='lat' dir='ltr'><strong>Marrrolyoum</strong></span> 
     </span>
     <span class='ocr_line' id='line_1_58' title="bbox 103 4923 1700 4994; baseline -0.005 -17"><span class='ocrx_word' id='word_1_753' title='bbox 103 4932 315 4992; x_wconf 61' lang='lat' dir='ltr'><strong>tarvisios-iss)</strong></span> <span class='ocrx_word' id='word_1_754' title='bbox 329 4933 441 4981; x_wconf 86' lang='lat' dir='ltr'><strong>Philostr.</strong></span> <span class='ocrx_word' id='word_1_755' title='bbox 452 4944 475 4992; x_wconf 88' lang='lat' dir='ltr'><strong>p.</strong></span> <span class='ocrx_word' id='word_1_756' title='bbox 487 4934 532 4980; x_wconf 75' lang='lat' dir='ltr'><strong>iss</strong></span> <span class='ocrx_word' id='word_1_757' title='bbox 541 4931 693 4993; x_wconf 61' lang='lat' dir='ltr'><strong>:districtu</strong></span> <span class='ocrx_word' id='word_1_758' title='bbox 700 4933 777 4992; x_wconf 78' lang='grc' dir='ltr'><strong>λόγος,</strong></span> <span class='ocrx_word' id='word_1_759' title='bbox 787 4930 813 4978; x_wconf 82' lang='grc' dir='ltr'><strong>ὃν</strong></span> <span class='ocrx_word' id='word_1_760' title='bbox 820 4932 882 4987; x_wconf 63' lang='lat' dir='ltr'><strong>irit-</strong></span> <span class='ocrx_word' id='word_1_761' title='bbox 928 4931 1054 4979; x_wconf 77' lang='lat' dir='ltr'><strong>Florentiae</strong></span> <span class='ocrx_word' id='word_1_762' title='bbox 1068 4942 1093 4976; x_wconf 89' lang='lat' dir='ltr'><strong>se</strong></span> <span class='ocrx_word' id='word_1_763' title='bbox 1114 4930 1161 4976; x_wconf 85' lang='lat' dir='ltr'><strong>tres</strong></span> <span class='ocrx_word' id='word_1_764' title='bbox 1179 4927 1262 4988; x_wconf 83' lang='lat' dir='ltr'><strong>legisse</strong></span> <span class='ocrx_word' id='word_1_765' title='bbox 1277 4928 1386 4994; x_wconf 69' lang='lat' dir='ltr'><strong>testatur.</strong></span> <span class='ocrx_word' id='word_1_766' title='bbox 1407 4924 1462 4974; x_wconf 86' lang='lat' dir='ltr'><strong>vid.</strong></span> <span class='ocrx_word' id='word_1_767' title='bbox 1477 4923 1570 4972; x_wconf 81' lang='lat' dir='ltr'><strong>Fabric.</strong></span> <span class='ocrx_word' id='word_1_768' title='bbox 1585 4923 1643 4972; x_wconf 83' lang='lat' dir='ltr'><strong>Dibl.</strong></span> <span class='ocrx_word' id='word_1_769' title='bbox 1657 4926 1700 4972; x_wconf 88' lang='lat' dir='ltr'><strong>Gr.</strong></span> 
     </span>
     <span class='ocr_line' id='line_1_59' title="bbox 104 4995 1700 5063; baseline -0.003 -16"><span class='ocrx_word' id='word_1_770' title='bbox 104 5003 144 5047; x_wconf 81' lang='grc' dir='ltr'><strong>θεν</strong></span> <span class='ocrx_word' id='word_1_771' title='bbox 156 5001 284 5062; x_wconf 73' lang='grc' dir='ltr'><strong>ἱιθηνήσιν,</strong></span> <span class='ocrx_word' id='word_1_772' title='bbox 297 5002 384 5063; x_wconf 76' lang='grc' dir='ltr'><strong>εἴρηται</strong></span> <span class='ocrx_word' id='word_1_773' title='bbox 395 5003 436 5063; x_wconf 73' lang='grc' dir='ltr'><strong>μὲν</strong></span> <span class='ocrx_word' id='word_1_774' title='bbox 445 5002 483 5049; x_wconf 76' lang='grc' dir='ltr'><strong>ἐπὶ</strong></span> <span class='ocrx_word' id='word_1_775' title='bbox 492 5006 540 5057; x_wconf 83' lang='grc' dir='ltr'><strong>τοῖς</strong></span> <span class='ocrx_word' id='word_1_776' title='bbox 549 5001 576 5049; x_wconf 78' lang='grc' dir='ltr'><strong>ἐκ</strong></span> <span class='ocrx_word' id='word_1_777' title='bbox 586 5007 631 5049; x_wconf 77' lang='grc' dir='ltr'><strong>τοῖιν</strong></span> <span class='ocrx_word' id='word_1_778' title='bbox 640 5003 748 5063; x_wconf 79' lang='grc' dir='ltr'><strong>πολέμων</strong></span> <span class='ocrx_word' id='word_1_779' title='bbox 758 5007 881 5054; x_wconf 83' lang='grc' dir='ltr'><strong>πεσοῦσιν.</strong></span> <span class='ocrx_word' id='word_1_780' title='bbox 901 5036 906 5060; x_wconf 63' lang='grc' dir='ltr'><strong>γ</strong></span> <span class='ocrx_word' id='word_1_781' title='bbox 925 5003 947 5050; x_wconf 90' lang='grc' dir='ltr'><strong>ΙΙ</strong></span> <span class='ocrx_word' id='word_1_782' title='bbox 960 5011 984 5056; x_wconf 70' lang='grc' dir='ltr'><strong>ιι.</strong></span> <span class='ocrx_word' id='word_1_783' title='bbox 997 5007 1042 5049; x_wconf 80' lang='lat'><strong>806</strong></span> <span class='ocrx_word' id='word_1_784' title='bbox 1054 4999 1093 5048; x_wconf 85' lang='lat' dir='ltr'><strong>ed.</strong></span> <span class='ocrx_word' id='word_1_785' title='bbox 1104 4999 1169 5050; x_wconf 84' lang='lat' dir='ltr'><strong>llari.</strong></span> <span class='ocrx_word' id='word_1_786' title='bbox 1178 5027 1206 5038; x_wconf 90' lang='lat'>-</span> <span class='ocrx_word' id='word_1_787' title='bbox 1218 4999 1267 5058; x_wconf 80' lang='grc'>(74)</span> <span class='ocrx_word' id='word_1_788' title='bbox 1283 4999 1395 5057; x_wconf 69' lang='lat' dir='ltr'><strong>[tritonus</strong></span> <span class='ocrx_word' id='word_1_789' title='bbox 1407 4995 1436 5044; x_wconf 88' lang='lat' dir='ltr'><strong>ad</strong></span> <span class='ocrx_word' id='word_1_790' title='bbox 1453 4995 1551 5056; x_wconf 86' lang='lat' dir='ltr'><strong>Dionys.</strong></span> <span class='ocrx_word' id='word_1_791' title='bbox 1566 4997 1602 5044; x_wconf 85' lang='lat' dir='ltr'><strong>De</strong></span> <span class='ocrx_word' id='word_1_792' title='bbox 1620 5007 1700 5054; x_wconf 76' lang='lat' dir='ltr'><strong>comp</strong></span> 
     </span>
     <span class='ocr_line' id='line_1_60' title="bbox 103 5066 1699 5135; baseline -0.004 -17"><span class='ocrx_word' id='word_1_793' title='bbox 103 5072 145 5126; x_wconf 73' lang='grc' dir='ltr'><strong>οὓς</strong></span> <span class='ocrx_word' id='word_1_794' title='bbox 158 5073 181 5118; x_wconf 80' lang='grc' dir='ltr'><strong>ο(</strong></span> <span class='ocrx_word' id='word_1_795' title='bbox 195 5071 305 5128; x_wconf 71' lang='grc' dir='ltr'><strong>ΙΑθηναῖοι</strong></span> <span class='ocrx_word' id='word_1_796' title='bbox 314 5073 416 5134; x_wconf 76' lang='grc' dir='ltr'><strong>δημοσίᾳ</strong></span> <span class='ocrx_word' id='word_1_797' title='bbox 426 5071 463 5126; x_wconf 81' lang='grc' dir='ltr'><strong>ξὺν</strong></span> <span class='ocrx_word' id='word_1_798' title='bbox 475 5071 576 5126; x_wconf 80' lang='grc' dir='ltr'><strong>ἐπαίνοις</strong></span> <span class='ocrx_word' id='word_1_799' title='bbox 588 5072 685 5134; x_wconf 76' lang='grc' dir='ltr'><strong>ἔθαψαν,</strong></span> <span class='ocrx_word' id='word_1_800' title='bbox 696 5072 768 5135; x_wconf 66' lang='lat' dir='ltr'><strong>cosio</strong></span> <span class='ocrx_word' id='word_1_801' title='bbox 781 5072 804 5119; x_wconf 79' lang='grc' dir='ltr'><strong>δὲ</strong></span> <span class='ocrx_word' id='word_1_802' title='bbox 813 5073 881 5134; x_wconf 75' lang='grc' dir='ltr'><strong>ὑπερ</strong></span> <span class='ocrx_word' id='word_1_803' title='bbox 927 5073 990 5122; x_wconf 67' lang='lat' dir='ltr'><strong>vorti,</strong></span> <span class='ocrx_word' id='word_1_804' title='bbox 1008 5079 1036 5119; x_wconf 81' lang='lat' dir='ltr'><strong>zo</strong></span> <span class='ocrx_word' id='word_1_805' title='bbox 1052 5085 1075 5130; x_wconf 89' lang='lat' dir='ltr'><strong>p.</strong></span> <span class='ocrx_word' id='word_1_806' title='bbox 1089 5072 1133 5116; x_wconf 83' lang='lat' dir='ltr'><strong>tas</strong></span> <span class='ocrx_word' id='word_1_807' title='bbox 1148 5073 1186 5117; x_wconf 79' lang='lat' dir='ltr'><strong>ad.</strong></span> <span class='ocrx_word' id='word_1_808' title='bbox 1199 5069 1297 5129; x_wconf 54' lang='lat' dir='ltr'><strong>§talassio</strong></span> <span class='ocrx_word' id='word_1_809' title='bbox 1307 5067 1419 5116; x_wconf 79' lang='lat' dir='ltr'><strong>arctoos</strong></span> <span class='ocrx_word' id='word_1_810' title='bbox 1435 5067 1465 5114; x_wconf 85' lang='lat' dir='ltr'><strong>ad</strong></span> <span class='ocrx_word' id='word_1_811' title='bbox 1486 5066 1599 5114; x_wconf 78' lang='lat' dir='ltr'><strong>l‘lrilostr.</strong></span> <span class='ocrx_word' id='word_1_812' title='bbox 1614 5077 1639 5124; x_wconf 90' lang='lat' dir='ltr'><strong>p.</strong></span> <span class='ocrx_word' id='word_1_813' title='bbox 1653 5069 1699 5112; x_wconf 74' lang='lat'><strong>950</strong></span> 
     </span>
     <span class='ocr_line' id='line_1_61' title="bbox 102 5135 1701 5204; baseline -0.005 -13"><span class='ocrx_word' id='word_1_814' title='bbox 102 5143 352 5204; x_wconf 62' lang='lat' dir='ltr'><strong>iatias&#39;ootinssttar.</strong></span> <span class='ocrx_word' id='word_1_815' title='bbox 364 5143 524 5204; x_wconf 81' lang='lat' dir='ltr'><strong>ttcrmogeoes</strong></span> <span class='ocrx_word' id='word_1_816' title='bbox 534 5141 592 5204; x_wconf 78' lang='lat' dir='ltr'><strong>(vid.</strong></span> <span class='ocrx_word' id='word_1_817' title='bbox 603 5142 686 5204; x_wconf 82' lang='lat' dir='ltr'><strong>fragm.</strong></span> <span class='ocrx_word' id='word_1_818' title='bbox 696 5144 718 5204; x_wconf 80' lang='lat'><strong>5)</strong></span> <span class='ocrx_word' id='word_1_819' title='bbox 727 5162 732 5189; x_wconf 81' lang='lat' dir='ltr'>z</span> <span class='ocrx_word' id='word_1_820' title='bbox 742 5143 878 5204; x_wconf 73' lang='grc' dir='ltr'><strong>ἐγκωμιάζει</strong></span> <span class='ocrx_word' id='word_1_821' title='bbox 926 5141 1053 5190; x_wconf 77' lang='lat' dir='ltr'><strong>utatur.</strong></span> <span class='ocrx_word' id='word_1_822' title='bbox 1070 5141 1162 5202; x_wconf 76' lang='lat' dir='ltr'><strong>Lipsius</strong></span> <span class='ocrx_word' id='word_1_823' title='bbox 1175 5140 1204 5188; x_wconf 84' lang='lat' dir='ltr'><strong>ad</strong></span> <span class='ocrx_word' id='word_1_824' title='bbox 1223 5143 1278 5190; x_wconf 64' lang='lat' dir='ltr'><strong>Tl&#39;ar.</strong></span> <span class='ocrx_word' id='word_1_825' title='bbox 1292 5141 1377 5190; x_wconf 54' lang='lat' dir='ltr'><strong>stultat.</strong></span> <span class='ocrx_word' id='word_1_826' title='bbox 1395 5143 1439 5202; x_wconf 80' lang='lat' dir='ltr'><strong>xl,</strong></span> <span class='ocrx_word' id='word_1_827' title='bbox 1455 5143 1491 5188; x_wconf 80' lang='lat' dir='ltr'><strong>tt.</strong></span> <span class='ocrx_word' id='word_1_828' title='bbox 1508 5135 1701 5188; x_wconf 81' lang='lat' dir='ltr'><strong>ttrnrstcrlrosius</strong></span> 
     </span>
    </p>
   </div>
   <div class='ocr_carea' id='block_1_10' title="bbox 1747 2628 1755 2653">
    <p class='ocr_par' dir='ltr' id='par_1_15' title="bbox 1747 2628 1755 2653">
     <span class='ocr_line' id='line_1_62' title="bbox 1747 2628 1755 2653; baseline 0 0"><span class='ocrx_word' id='word_1_829' title='bbox 1747 2628 1755 2653; x_wconf 83' lang='grc' dir='ltr'><em>Ι</em></span> 
     </span>
    </p>
   </div>
   <div class='ocr_carea' id='block_1_11' title="bbox 0 0 1984 5925">
    <p class='ocr_par' dir='ltr' id='par_1_16' title="bbox 0 0 1984 5925">
     <span class='ocr_line' id='line_1_63' title="bbox 0 0 1984 5925; baseline 0 5"><span class='ocrx_word' id='word_1_830' title='bbox 0 0 1984 5925; x_wconf 95' lang='lat' dir='ltr'><strong> </strong></span> 
     </span>
    </p>
   </div>
  </div>
 </body>
</html>
