3959 5925
263 319 323 369 tiu
808 303 1007 364 centetum
1029 301 1340 363 COMMENTARIUS

259 452 328 504 paam
356 438 474 488 rationem
504 436 644 486 trahendam
662 448 739 497 nsque
762 435 792 483 ad
815 435 977 497 intelligentiae
1001 434 1039 484 ln·
1087 435 1176 498 dequo
1193 435 1289 484 salomo
1304 434 1328 482 in
1342 433 1483 496 proverbiis,
1503 437 1612 484 Creonti
1627 446 1683 495 nae,
1697 434 1785 497 inquit,
1802 441 1868 486 Deris

257 543 320 581 cem.
353 527 455 576 liitbcile
476 537 537 586 opus
550 524 662 582 omnino,
683 524 721 573 vel
741 524 850 586 assequi,
874 523 942 584 lungo
960 526 1041 572 tamen
1086 526 1276 587 progressionis
1289 535 1343 574 sum
1356 527 1486 602 seruitum,
1505 525 1549 573 cui
1561 527 1649 574 nitens
1663 523 1777 584 efficeret
1791 509 1871 590 opero

257 617 388 676 dilllcilius,
405 614 527 664 declarare
543 626 572 661 ac
588 612 682 662 docere.
715 612 779 662 Talia
801 611 888 674 quippe
904 617 989 660 natura
1006 617 1042 660 est
1087 611 1194 660 diuina:
1209 614 1398 674 coristitaritque
1408 615 1469 661 onte
1482 611 1688 674 mundiorium,
1701 615 1833 678 terreque
1846 619 1871 666 et

258 705 394 762 initiorum
413 714 469 764 quae
491 713 570 763 neque
594 700 713 762 exemplis
741 699 915 759 demonstrari,
933 699 1041 748 avendum
1086 697 1214 763 profundi
1228 698 1418 759 fundationem
1436 716 1444 748 :
1463 703 1526 750 onte
1544 703 1648 750 tructus
1656 699 1777 761 soritium
1794 716 1872 765 nope-

257 791 304 850 bis,
321 803 377 853 qnae
386 790 417 840 ad
429 789 568 851 exemplum
585 790 766 851 comparentur,
782 785 967 847 exsistentibus,
984 799 1040 848 pos·
1086 791 1235 852 stionesque
1245 791 1392 838 catonianos.
1426 787 1644 849 lipericindicans,
1656 799 1780 851 preeunte
1791 791 1871 841 dirina

256 882 306 942 sil,
327 892 373 929 nec
393 892 422 928 ex
445 878 592 942 praecedenti
614 876 708 926 ratione
727 876 807 937 aliqua
826 874 942 925 intimari.
976 875 1041 924 tlibil
1088 877 1209 940 sapientia
1222 876 1312 926 coelum
1331 877 1469 939 terramque
1487 877 1591 936 lectam,
1609 874 1762 940 eandemque
1776 880 1871 942 sapien-

256 969 347 1033 quippc
362 966 454 1029 origine
469 966 601 1028 antiquius.
633 964 681 1014 Sed
698 965 803 1014 obscura
821 961 927 1024 quadam
942 961 1041 1010 luminis
1088 965 1146 1014 tiam
1161 963 1269 1013 divinam
1280 977 1333 1014 esse
1349 964 1513 1014 univcrsitatis
1527 963 1697 1026 primordium.
1724 969 1870 1031 ltaquoap·

257 1055 455 1122 praesumptione,
469 1067 518 1103 non
531 1056 558 1103 nt
572 1052 630 1117 quid
644 1053 676 1102 sit
689 1053 802 1115 explices,
818 1051 861 1101 sed
880 1053 964 1100 contra
980 1051 1041 1100 sub·
1087 1057 1162 1115 paret,
1176 1052 1320 1114 sapientiam
1333 1052 1419 1102 tactam
1432 1051 1556 1114 quldema
1569 1052 1683 1112 lico,sed
1695 1065 1742 1102 non
1753 1055 1838 1117 aliqno
1848 1057 1872 1106 ln

257 1145 324 1205 latis,
340 1156 396 1206 quae
411 1147 482 1203 sunt,
501 1141 618 1204 singulis,
633 1140 698 1203 qnod
723 1141 802 1189 solvam
828 1141 946 1199 remanet,
961 1139 1040 1200 ipsum
1087 1144 1204 1203 tempore.
1237 1143 1320 1203 Neque
1337 1141 1403 1190 enim
1426 1139 1497 1190 inerit
1514 1141 1611 1202 tempus
1627 1139 1714 1202 ullum,
1734 1155 1783 1204 quo
1806 1147 1871 1194 Deua

257 1247 321 1293 esse,
341 1231 409 1295 qnod
422 1229 548 1293 quaeritur,
564 1228 746 1291 intelligendum
764 1227 890 1289 relinquas
909 1240 915 1273 ι
932 1226 979 1276 boe
992 1229 1041 1288 cst,
1088 1229 1159 1279 luerit
1168 1229 1219 1278 sine
1230 1228 1359 1292 sapientia.
1369 1227 1489 1291 Quodque
1498 1231 1576 1278 Deum
1587 1227 1678 1291 percipi
1688 1231 1872 1292 cogitationibus

259 1323 286 1372 ut
301 1319 423 1369 universis
435 1318 586 1381 corporibus,
608 1329 664 1379 quic
680 1317 743 1366 intra
759 1315 878 1378 gremium
894 1315 963 1364 ailrae
978 1315 1043 1364 varie
1087 1317 1212 1366 bominum
1235 1319 1364 1380 antequam
1386 1317 1529 1378 sapientiem
1553 1317 1619 1380 eius,
1644 1317 1678 1368 sit
1706 1331 1817 1380 necesse,
1840 1323 1873 1368 ob

257 1409 324 1459 raria
344 1408 491 1470 immanior,
511 1407 597 1456 mutat
615 1418 646 1455 ex
659 1404 705 1454 alio
717 1405 743 1453 in
755 1403 819 1454 aliud
836 1402 982 1454 resolutione
995 1402 1042 1451 sin·
1088 1404 1242 1454 eminentiam
1253 1406 1355 1466 naturae,
1367 1404 1424 1466 quia
1437 1405 1505 1467 prius
1515 1404 1585 1466 cuius
1601 1419 1641 1456 res
1660 1408 1708 1468 est,
1721 1405 1819 1457 demum
1836 1421 1872 1457 res

225 1473 235 1489 ’
257 1497 356 1560 gillatlm
368 1495 486 1555 ademtis,
506 1493 586 1544 solum
600 1494 682 1556 ipsum
696 1505 803 1542 vacuum
823 1492 906 1540 sinum
929 1490 1041 1553 specula·

258 1587 323 1636 bone
336 1584 424 1634 mentis
438 1583 588 1644 imagineris.

287 1674 439 1723 ccbxltlli.
462 1673 516 1728 Qua
536 1670 629 1719 ratione
644 1670 748 1728 iactum,
765 1671 792 1717 ut
807 1682 865 1716 cum
884 1666 967 1716 nuilus
987 1679 1042 1716 cana

257 1764 369 1813 veterum
383 1759 478 1810 dubitet
499 1772 568 1819 esse,
593 1760 675 1808 utrum
695 1761 775 1806 tanien
799 1757 875 1817 iacta,
904 1769 936 1805 an
957 1757 1043 1804 contra

257 1849 347 1899 iniecta
360 1848 401 1907 sit,
413 1845 578 1908 disceptetur,
591 1857 723 1907 eorumque
742 1845 851 1906 ipsorum
865 1842 908 1906 qui
925 1843 1041 1892 inlectam

257 1940 309 1988 stne
321 1935 475 1999 generatione
489 1935 632 1995 posuerunt,
645 1933 753 1995 uterique
762 1933 905 1982 continuam
920 1933 1043 1992 etiugem.

257 2026 297 2076 elii
318 2036 378 2074 vero
395 2023 498 2073 divisam
517 2024 617 2084 putent;
639 2033 785 2083 rursumque
802 2033 904 2080 corvini,
920 2019 962 2082 qai
980 2018 1044 2068 diri·

256 2113 330 2164 duam
349 2124 404 2162 esse
424 2112 532 2168 censent,
554 2109 640 2171 partim
654 2107 706 2156 sine
718 2106 833 2169 qualitate
847 2108 872 2155 et
899 2105 1043 2161 intormem,

178 2189 186 2208 “
258 2201 345 2264 partlm
365 2199 492 2249 iormatam
512 2209 566 2246 esse
584 2189 756 2258 pronuntisni3
774 2193 799 2242 bi
822 2205 880 2241 vero
899 2194 941 2254 qui
961 2191 1043 2254 iugem

257 2287 446 2350 continuamque
458 2285 598 2348 posuerunt,
611 2280 746 2344 disceptent
761 2279 824 2328 inter
840 2292 865 2327 sc
877 2277 908 2328 de
918 2277 1043 2341 qualitati·

259 2374 306 2425 bus
332 2374 458 2438 turmaque
487 2384 585 2432 corun,
616 2382 672 2432 qum
698 2367 789 2418 ibidem
812 2365 1003 2428 conformantur,
1019 2369 1044 2415 ct

257 2463 368 2513 omniurn
392 2474 448 2524 quse
466 2460 532 2510 bisce
553 2457 666 2508 accidunt
689 2476 695 2506 s
719 2459 802 2504 utrum
822 2467 854 2504 ex
872 2454 933 2504 silra
952 2467 1041 2516 prosc-

258 2551 334 2613 niant,
348 2563 378 2601 an
392 2563 424 2600 ea
434 2549 483 2597 alio
503 2548 596 2610 potiore
609 2544 708 2594 numine
721 2542 943 2593 accommodentur.
967 2545 1038 2600 Quo-

258 2653 313 2689 rum
328 2637 434 2688 breviter
448 2634 639 2700 perstringentur
649 2633 785 2696 opiniones.

288 2727 435 2778 cccxxiv.
452 2723 548 2776 liebrrci
565 2723 652 2772 silvam
666 2726 804 2782 generatam
823 2733 876 2769 esse
888 2717 1043 2769 cantitentur.

257 2820 367 2876 Quorum
381 2810 571 2876 sapientissimis
596 2813 692 2873 bioyses
711 2822 759 2858 uon
783 2809 890 2857 bumana
915 2807 1044 2870 iocundia,

257 2906 300 2955 scd
312 2905 408 2965 (lirina,
423 2906 451 2952 ut
464 2903 559 2962 ierunt,
571 2900 729 2963 inspiratione
747 2900 882 2961 vegetatus,
900 2899 925 2947 in
939 2910 969 2947 eo
982 2896 1045 2947 libro

258 2996 300 3058 qni
311 2996 344 3043 de
356 2994 480 3055 genituro
492 2990 588 3039 mundi
600 2991 727 3049 censetur,
739 2989 771 3037 ab
785 2987 885 3038 exordio
897 2986 976 3035 siccet
989 2998 1046 3049 pro·

258 3084 338 3145 latus,
358 3080 429 3144 juata
451 3078 676 3142 interpretationem
696 3077 849 3138 septuaginta
877 3075 1042 3138 prudentium.

151 3223 156 3231 ,
261 3174 341 3222 initio
353 3167 499 3230 Deussectt
512 3167 607 3217 cretum
617 3169 642 3216 et
655 3170 762 3215 terrum.
782 3165 867 3213 Terra
877 3168 968 3215 eutem
982 3167 1042 3213 erut

259 3264 402 3317 inuisibilis
417 3265 442 3313 et
456 3262 635 3323 incomposito.
677 3260 710 3307 Ut
724 3269 782 3305 vero
794 3254 922 3317 aithuila
936 3268 943 3298 ε
958 3256 1046 3317 Caput

260 3366 350 3407 rerum
366 3351 484 3403 coadidit
498 3354 566 3400 Deera
576 3347 670 3397 cretum
684 3350 710 3397 et
725 3350 833 3395 terrum.
863 3345 944 3393 l'erro
960 3354 1042 3405 porro

259 3446 351 3496 imonis
362 3445 422 3493 erat
437 3441 462 3491 et
481 3439 559 3489 nibli.
592 3437 636 3486 vel
650 3438 678 3485 nt
690 3435 851 3497 symmachus
867 3452 873 3482 :
887 3431 923 3482 ei
935 3430 1045 3481 exordio

258 3532 377 3586 coadidit
392 3534 460 3581 item
479 3528 575 3579 ciclum
589 3528 615 3575 et
637 3529 745 3575 terram.
781 3525 862 3572 Terra
884 3534 963 3583 porro
988 3518 1044 3574 suit

257 3626 370 3675 otiosum
391 3618 471 3684 quid,
497 3616 688 3677 confusumque
713 3615 737 3662 et
766 3608 960 3661 inordinatum.
997 3605 1044 3656 sed

190 3768 197 3777 ,
259 3711 375 3775 origenes
392 3707 515 3758 asseverat
531 3704 564 3754 ita
580 3703 625 3753 sibi
640 3702 672 3750 ab
693 3699 801 3750 liebraeis
817 3711 872 3748 esse
891 3707 1043 3760 persuasum,

260 3798 325 3863 qaod
338 3800 364 3847 io
378 3797 528 3859 aliquantam
540 3794 572 3842 sit
585 3805 601 3841 a
615 3804 673 3841 sera
684 3788 830 3854 proprietate
843 3785 953 3836 derirata
966 3784 1040 3833 inter-

261 3885 373 3950 pretatio.
381 3884 467 3934 Fuisse
477 3882 542 3932 enirn
552 3880 575 3929 in
585 3878 715 3942 exemplari
726 3892 732 3927 ι
745 3879 826 3927 Terra
835 3877 924 3925 nutem
934 3869 1044 3933 stupido

259 3972 377 4039 quadem
386 3973 444 4021 erat
459 3969 645 4020 admiratione.
659 3966 747 4016 onmia
761 3970 841 4013 tamen
854 3962 908 4011 baec
927 3960 952 4009 in
964 3970 1042 4007 unum

259 4063 328 4125 sirint
343 4070 498 4118 concurrere,
511 4058 540 4105 nt
553 4058 579 4106 et
597 4055 709 4117 generata
720 4053 754 4101 sit
766 4065 804 4113 eo,
817 4063 873 4113 qne
884 4048 994 4109 subjecta
1007 4048 1044 4095 est

260 4152 375 4203 unirorso
394 4148 499 4212 corpori,
513 4146 588 4207 eitra,
602 4156 771 4205 sermonesque
794 4142 859 4203 ipsos
880 4141 915 4189 sic
927 4140 1043 4199 interpre-

260 4243 350 4291 tentur.
376 4237 481 4291 initiam
493 4234 593 4285 minime
606 4232 780 4296 temporarium
794 4230 850 4279 dici.
883 4226 1043 4290 nequeenim

263 4330 340 4380 ullum
358 4330 456 4391 tempus
474 4324 548 4375 tuisse
559 4330 615 4374 anta
628 4319 902 4371 mundieromationem
915 4316 1011 4378 dieique
1020 4320 1043 4364 et

261 4421 391 4470 nocturnas
404 4416 486 4477 vices,
508 4414 597 4476 quibus
613 4411 727 4475 temporis
750 4408 826 4472 spatia
845 4406 954 4457 dimensa
972 4406 1038 4455 sant.

261 4511 326 4559 'lum
336 4506 399 4557 initii
408 4505 497 4555 multas
506 4515 561 4553 esse
571 4499 764 4563 significationes,
774 4499 803 4546 ul
816 4497 932 4547 initium
943 4496 1045 4557 supien-

262 4596 308 4644 ttoe
331 4595 452 4644 timorem
474 4592 579 4642 Domini
601 4600 655 4637 esse
671 4585 785 4637 salomm
806 4582 877 4633 dixit.
910 4583 982 4642 Item,
996 4577 1044 4629 lni-

261 4683 323 4733 lium
344 4680 470 4745 sapientire
489 4678 570 4729 cnltus
593 4676 645 4727 Dei.
677 4675 793 4737 tiilvilque
813 4672 910 4734 minus,
931 4671 1043 4721 initium

261 4774 309 4824 utu
323 4771 393 4822 bone
407 4772 483 4821 actua
493 4768 592 4829 iusim.
604 4769 682 4829 ilique
697 4765 771 4815 etiam
783 4763 807 4812 in
820 4761 940 4825 praeconio
951 4760 1044 4823 saplen-

261 4859 303 4911 rie
313 4858 419 4910 wimiis
436 4861 520 4909 auctor
539 4872 546 4906 :
565 4858 676 4906 initium
692 4856 753 4904 otte
772 4854 851 4915 punis
872 4853 898 4900 et
920 4861 993 4913 uque
1020 4848 1045 4899 et

264 4950 354 4999 tunieu
375 4946 488 5011 (lnquit)
510 4947 535 4994 et
562 4943 651 4993 donans
672 4941 760 4991 idonea
784 4938 891 4989 relaudis
912 4933 1040 5000 pudendis.

1088 1497 1139 1559 ipsa
1149 1496 1268 1545 nuscitur.
1300 1498 1330 1544 Et
1345 1495 1376 1545 de
1386 1495 1453 1544 initio
1466 1494 1564 1557 quidem
1580 1496 1615 1545 sie
1628 1495 1778 1546 habendum.

1118 1584 1252 1632 ceblltlv.
1277 1583 1349 1642 Quod
1370 1587 1450 1632 aulem
1465 1583 1562 1643 uelum,
1577 1596 1684 1645 quamve
1703 1588 1791 1634 terram
1812 1586 1871 1634 sori·

1089 1675 1159 1733 ptura
1172 1671 1292 1734 loquatur,
1306 1670 1499 1733 intelligendum.
1530 1671 1576 1730 Qui
1597 1671 1755 1721 tumultuario
1766 1674 1872 1722 contenti

1089 1762 1147 1808 sunt
1173 1758 1304 1819 intellectu,
1320 1759 1408 1808 coelnm
1425 1759 1472 1807 lmc
1493 1758 1558 1822 quod
1580 1758 1709 1820 videmus;
1729 1762 1754 1809 et
1772 1761 1871 1823 terram,

1089 1859 1138 1908 que
1159 1846 1326 1908 subvehimur,
1339 1846 1386 1896 dici
1400 1849 1503 1910 putant:
1518 1860 1589 1909 porro
1604 1848 1648 1909 qni
1667 1847 1738 1898 altius
1748 1847 1871 1912 indagant,

1089 1937 1177 1996 negant
1195 1935 1241 1984 boc
1260 1935 1348 1984 coelum
1365 1935 1395 1985 ab
1414 1933 1482 1984 initio
1501 1934 1606 1996 iactum,
1630 1935 1672 1986 sed
1697 1936 1803 1986 secundo
1820 1935 1870 1986 die.

1089 2025 1200 2084 Namque
1212 2021 1282 2072 initio
1305 2023 1395 2072 iactum
1414 2021 1504 2083 lumen,
1523 2021 1596 2085 idque
1607 2023 1670 2071 diem
1683 2036 1737 2074 esse
1748 2024 1873 2084 cognomi-

1089 2116 1183 2161 natum.
1218 2113 1269 2160 lloc
1281 2123 1339 2160 vero
1350 2109 1437 2160 coelum
1453 2115 1547 2173 postes,
1557 2109 1621 2173 quod
1636 2111 1703 2160 Deus
1716 2111 1875 2174 appellaverit

1089 2197 1242 2250 soliditatem.
1276 2199 1357 2248 Tertio
1375 2196 1488 2262 deinceps
1503 2197 1542 2248 dle
1556 2198 1654 2248 remotis
1663 2199 1749 2261 aquis,
1761 2199 1876 2261 apperuit

1091 2287 1154 2337 sima
1167 2302 1175 2338 ς
1187 2288 1257 2350 eique
1270 2291 1341 2336 terrm
1352 2298 1440 2336 nomen
1456 2286 1603 2350 impositum.
1620 2287 1652 2337 ut
1667 2286 1698 2336 sii
1709 2285 1822 2349 evidens,
1833 2299 1864 2336 ne

1091 2387 1139 2438 que
1162 2376 1209 2424 lmc
1226 2375 1332 2438 coelurn,
1354 2375 1475 2436 cognitum
1488 2375 1573 2438 nobis;
1595 2389 1674 2438 neque
1690 2375 1762 2434 lianc,
1784 2375 1811 2424 in
1826 2389 1876 2438 qua

1089 2476 1188 2524 sunaus,
1202 2466 1301 2523 terram,
1312 2463 1343 2512 ab
1352 2462 1451 2513 exordio
1463 2462 1535 2525 lacta,
1545 2463 1588 2513 sed
1600 2462 1647 2512 alia
1661 2475 1714 2514 esse
1728 2462 1874 2526 antiquiora,

1090 2552 1213 2603 intellectu
1228 2553 1322 2616 potins,
1340 2566 1413 2615 quam
1423 2553 1551 2614 sensibus,
1565 2552 1708 2604 inaurienda.
1743 2553 1813 2604 Aliud
1829 2555 1874 2610 igi·

1089 2641 1130 2689 tur
1152 2653 1235 2691 rernm
1257 2640 1347 2690 emtum
1369 2642 1394 2690 et
1410 2640 1476 2690 alind
1503 2639 1619 2703 quiddam
1639 2654 1692 2692 csse
1716 2640 1874 2704 soliditatem,

1090 2729 1210 2792 scriptura
1228 2732 1333 2790 testatur
1359 2743 1365 2772 ε
1387 2729 1522 2792 eodemque
1548 2728 1620 2778 modo
1642 2729 1708 2779 aliud
1726 2733 1831 2792 terram,
1851 2734 1877 2780 et

1091 2817 1148 2866 ilem
1165 2817 1230 2866 alind
1247 2818 1345 2867 siccam.

1121 2907 1273 2956 cccxxvi.
1302 2905 1371 2966 Quod
1388 2905 1461 2970 igitur
1474 2905 1533 2956 illud
1548 2907 1635 2957 rmlurn
1651 2908 1719 2971 prius
1733 2919 1806 2972 quam
1825 2919 1875 2957 can·

1090 2998 1141 3045 tera
1154 2998 1221 3046 Dens
1233 2996 1354 3058 condidit,
1369 2988 1473 3059 qu'arnve
1489 2999 1596 3047 terrain?
1614 2996 1684 3046 Plailo
1698 3002 1805 3047 carentes
1819 3010 1876 3045 cor·

1089 3096 1164 3147 porc,
1187 3085 1260 3146 atque
1282 3082 1459 3145 intelligibiles,
1477 3084 1591 3134 wntias
1607 3097 1661 3135 ease
1679 3089 1775 3145 censet;
1792 3084 1877 3143 ideas,

1089 3178 1113 3223 et
1132 3174 1280 3237 exemplaria
1297 3177 1347 3221 lam
1367 3172 1438 3221 siccas
1458 3173 1528 3222 istius
1546 3174 1634 3233 terras,
1648 3185 1722 3235 quam
1738 3172 1877 3223 soliditatis.

1092 3260 1202 3322 Denique
1218 3259 1290 3309 etiam
1305 3259 1428 3309 bominem
1451 3260 1518 3321 prius
1540 3259 1730 3321 intelligibilem,
1749 3262 1775 3311 et
1794 3272 1879 3310 esem·

1091 3348 1157 3411 plum
1168 3348 1324 3409 archetypum
1334 3347 1427 3407 generis
1435 3346 1544 3407 humani,
1555 3351 1612 3395 tunc
1623 3346 1721 3396 demum
1731 3360 1878 3409 corporeum

1091 3437 1207 3485 tactuma
1229 3437 1281 3484 lieo
1303 3447 1356 3483 esse
1379 3433 1447 3483 dicit.
1480 3433 1527 3484 llil
1549 3446 1597 3483 non
1613 3433 1655 3484 ita.
1683 3432 1730 3482 sed
1751 3434 1874 3485 scientem

1090 3524 1228 3586 proplietam
1241 3522 1300 3571 duss
1314 3534 1366 3571 esse
1376 3521 1470 3585 speeies
1488 3534 1567 3570 samm
1579 3520 1703 3582 omnium,
1722 3520 1824 3570 alterins
1838 3523 1878 3572 in-

1089 3610 1248 3674 telligibilem,
1264 3610 1363 3659 alteram
1385 3609 1514 3671 sensilem,
1529 3622 1569 3659 eas
1584 3610 1702 3670 virtutes,
1714 3620 1770 3668 quie
1782 3612 1877 3659 utram·

1089 3714 1137 3764 que
1147 3701 1258 3749 naturam
1281 3698 1449 3759 circumplexae
1463 3697 1618 3756 contineant,
1633 3696 1723 3745 ciclum
1739 3696 1763 3745 el
1784 3700 1874 3746 terram

1089 3788 1280 3853 cognominasse.
1341 3786 1435 3836 crelam
1469 3785 1586 3847 quidem,
1613 3784 1777 3847 incorpoream
1797 3790 1876 3855 natu-

1090 3891 1158 3937 ram3
1172 3879 1261 3927 terram
1279 3888 1347 3939 vero,
1362 3888 1416 3937 qnae
1432 3873 1567 3923 substantia
1589 3875 1626 3923 est
1640 3886 1777 3935 corporum,
1801 3886 1876 3935 quam

1089 3966 1170 4017 Graeci
1192 3967 1249 4023 iim
1267 3965 1363 4015 nocant.
1378 3962 1541 4025 Astipnlenlur
1560 3962 1597 4011 lris
1609 3973 1637 4011 ea
1655 3974 1711 4024 quic
1727 3964 1872 4024 sequnntur.

1090 4055 1171 4103 Terra
1180 4056 1272 4102 erstem
1282 4055 1342 4100 erut
1354 4050 1506 4111 inuisibilis,
1516 4052 1542 4099 et
1553 4048 1685 4111 informis,
1698 4048 1746 4098 boc
1754 4050 1800 4109 est,
1813 4046 1874 4097 silva

1088 4152 1214 4202 corporea,
1225 4141 1294 4189 vetris
1309 4137 1392 4188 mundi
1406 4135 1550 4199 substantia,
1567 4136 1634 4198 prlua
1649 4148 1723 4198 quana
1738 4134 1816 4185 eilicta
1830 4136 1876 4185 Dei

1088 4228 1181 4291 opificis
1193 4226 1297 4276 sollertis
1312 4229 1420 4275 sumeret
1438 4225 1541 4285 turmas,
1559 4223 1705 4275 etiamtunc
1723 4222 1831 4285 decolor,
1844 4226 1871 4273 et

1088 4318 1155 4367 omni
1165 4328 1248 4365 carens
1259 4314 1382 4377 qualitate.
1416 4312 1487 4373 Quod
1498 4325 1556 4362 vero
1568 4312 1616 4362 tale
1628 4314 1677 4373 est,
1687 4310 1797 4365 invisible
1808 4313 1876 4361 corte

1089 4405 1201 4466 liabetur,
1223 4405 1248 4453 et
1266 4402 1379 4452 iuimme.
1414 4401 1495 4452 inanis
1512 4412 1593 4464 porro,
1615 4401 1640 4450 ei
1659 4397 1729 4448 nillil
1749 4398 1877 4460 propterea

1088 4495 1167 4551 dicta,
1182 4495 1246 4558 quia,
1262 4506 1319 4541 cum
1333 4492 1365 4541 sil
1383 4492 1492 4541 omnium
1509 4490 1653 4554 qualitatum
1673 4487 1804 4550 receptrix,
1818 4500 1876 4549 pro·

1089 4584 1167 4649 prtem
1179 4582 1271 4633 nullam
1286 4580 1395 4631 hebetes
1410 4582 1508 4629 aratura.
1519 4578 1586 4629 silea
1596 4590 1661 4640 ergo,
1674 4576 1875 4638 utqurecuncta,

1091 4684 1147 4736 quae
1166 4670 1294 4731 accidunt,
1311 4668 1412 4731 recipiat
1426 4666 1451 4716 in
1468 4680 1509 4729 se,
1527 4668 1615 4717 inanis
1631 4664 1766 4727 appellata,
1778 4665 1806 4712 ul
1818 4676 1876 4725 quae

1090 4759 1207 4823 compleri
1223 4770 1347 4821 nunqnam
1359 4770 1428 4819 posse
1439 4755 1557 4810 rideatur.
1590 4756 1664 4805 Porro
1680 4752 1778 4814 quiasit
1787 4764 1876 4815 expers

1090 4848 1207 4907 omnium,
1218 4846 1287 4896 nitril
1299 4844 1370 4895 dicta.
1385 4848 1472 4897 otioso
1481 4845 1582 4905 vero‚et
1591 4842 1709 4905 indigesta
1718 4842 1875 4902 nuncupatur

1091 4950 1105 4986 a
1120 4935 1274 4999 Symrriacbu.
1307 4932 1377 4991 Quod
1394 4932 1490 4996 quidem
1504 4945 1547 4995 per
1562 4944 1587 4981 se
1597 4928 1656 4980 attii
1671 4928 1765 4989 ralesi,
1779 4928 1873 4989 otiosag

261 5036 388 5099 Quippeln
397 5034 491 5083 bbnon
503 5045 551 5083 una
561 5030 681 5094 initii,sed
696 5029 801 5089 diversa,
814 5032 837 5077 et
846 5024 989 5087 multiplex,
1003 5022 1046 5071 ba·
1091 5024 1156 5086 qnod
1175 5036 1232 5073 vero
1244 5022 1331 5071 babeat
1347 5020 1550 5085 opportunitatem
1569 5016 1719 5082 suscipiendi
1737 5014 1830 5065 ordinis
1843 5014 1875 5063 ab

264 5122 335 5172 betur
342 5122 490 5192 significatio.
503 5124 629 5172 lisitamen
637 5132 713 5169 unum
721 5130 801 5168 rerum
811 5115 923 5164 omnium
936 5110 1045 5174 initium,
1090 5113 1222 5162 exornante
1236 5112 1385 5173 semetbeo,
1399 5107 1516 5159 mundum
1530 5106 1653 5167 moliente,
1667 5104 1799 5167 indigesta
1816 5115 1875 5153 cen·
