3959 5925
716 353 758 412 IN
779 352 951 414 TIMAEUM
978 352 1181 412 PLATONIS.
1705 369 1758 421 ltili

150 499 372 552 numerus,neque
382 500 413 537 es
422 485 585 550 duplicatione
593 465 929 560 nascituralteriuslalicuins,
978 485 1076 546 triginta
1095 487 1120 534 et
1144 497 1186 534 ses
1210 497 1339 541 numerus,
1363 484 1576 552 secundaldicitur
1596 489 1759 553 quadratura,

149 593 193 630 nee
206 579 267 629 iutra
279 577 439 628 decumanum
451 575 553 625 iimitem
560 576 624 638 parit
633 568 787 637 quemquam.
821 574 933 636 Propter·
976 577 1090 626 constans
1100 587 1131 624 ει
1148 578 1253 636 quatuor
1265 573 1363 637 quidem
1377 575 1511 637 imparibus
1522 578 1643 639 numeris,
1658 579 1703 628 hoc
1722 584 1760 630 est

149 681 227 731 eaque
246 667 353 715 Minerva
368 665 406 714 est
422 675 438 712 a
456 663 580 713 veteribus
596 663 792 726 cognominatus,
823 661 881 711 item
906 663 939 731 ut·
978 677 1042 725 uno,
1056 663 1145 724 tribua,
1162 663 1285 725 quinque,
1305 664 1400 725 septem
1422 666 1469 713 :et
1483 677 1513 714 er
1525 665 1578 714 aliis
1597 667 1696 728 paribus
1712 682 1759 718 nu·

152 757 208 815 illa,
220 755 273 804 sine
282 754 375 813 matre,
387 751 550 814 perpetuoque
559 750 634 812 virgo.
978 756 1049 806 meris
1065 757 1169 817 quatuor
1184 767 1266 816 aeque,
1281 754 1355 805 idest
1368 754 1480 816 duobus,
1498 758 1613 816 quatuor,
1626 771 1679 819 sex,
1692 739 1756 809 octo:

77 823 80 828 ’
179 847 301 897 llxxvii.
319 843 590 903 Naturalisveroatque
600 841 708 904 optimus
715 839 925 901 habeluridcireo,
976 846 1083 893 Rursum
1097 841 1271 905 quinquaginta
1286 845 1390 904 quatuor
1405 855 1535 902 numeros,
1553 844 1594 906 qui
1608 845 1714 894 nascitur
1730 860 1760 896 es

148 935 206 998 qnia
221 932 300 983 multa
313 943 415 991 eorum,
429 943 484 993 quae
502 932 597 978 naturae
618 928 670 989 lege
689 927 849 991 proveniunt,
865 928 934 988 jura
976 929 1098 992 triangulo
1113 941 1186 991 supra
1201 928 1338 992 descripto,
1356 929 1426 978 tertia
1444 928 1592 993 quadratura
1607 932 1760 992 cognomina-

149 1021 548 1076 lruncnumerumlrerinotautur.
584 1019 705 1081 Principio
714 1018 843 1082 septimani
852 1021 933 1080 partas
977 1021 1027 1080 tur,
1044 1017 1101 1080 quia
1115 1016 1224 1067 continet
1242 1017 1346 1076 quatuor¹
1363 1017 1460 1078 quidem
1474 1017 1562 1068 limites
1580 1018 1604 1066 in
1616 1018 1705 1080 duplici
1725 1020 1759 1069 la-

149 1118 205 1163 auie
222 1114 325 1161 caeteros
343 1109 445 1172 legitimi
464 1110 523 1158 sunt
540 1108 566 1157 in
587 1108 682 1170 generis
703 1107 803 1156 lrumoni
827 1106 932 1156 loedbus.
976 1109 1042 1167 tere,
1060 1105 1167 1165 lrocest,
1183 1116 1271 1161 unum.
1286 1103 1348 1164 duo,
1363 1110 1476 1166 quatuor,
1494 1106 1567 1154 octo:
1584 1106 1688 1167 quatuor
1703 1117 1761 1156 vero

149 1201 240 1253 Deinde
250 1199 316 1262 qnod
331 1200 386 1260 post
399 1197 496 1260 partum
507 1195 610 1258 septimo
625 1207 709 1246 meuse
721 1195 806 1245 dentes
819 1198 932 1257 aguntur,
975 1193 1035 1242 alios
1048 1193 1073 1242 in
1084 1205 1114 1242 eo
1131 1192 1223 1254 latere,
1241 1191 1307 1255 quod
1322 1205 1353 1240 ex
1371 1191 1508 1254 triplicibus
1530 1193 1692 1255 compositum
1707 1197 1760 1256 est,

150 1290 253 1351 septimo
266 1286 381 1348 deinceps
391 1297 455 1334 anno
467 1286 602 1334 orabatur.
635 1283 704 1333 idem
718 1295 816 1344 quoqne
829 1281 933 1332 secunda
976 1295 1042 1340 nno,
1058 1280 1152 1340 tribus,
1167 1291 1273 1340 novem,
1289 1279 1372 1342 viginti
1390 1282 1500 1342 septem,
1513 1280 1636 1330 communi
1648 1280 1765 1342 videlicet

150 1372 302 1426 trebdomada
318 1373 470 1437 pubertatem
486 1371 557 1421 ailcrt
576 1371 674 1432 utrique
689 1371 758 1420 serm
779 1368 888 1432 gignendi
908 1370 933 1419 et
975 1371 1072 1431 accepta
1093 1367 1271 1431 singularitate,
1293 1381 1349 1431 quae
1373 1373 1410 1416 eat
1427 1368 1552 1431 utriusque
1569 1368 1650 1419 lateris
1676 1371 1759 1432 caput.

151 1463 258 1529 pariendi
277 1463 450 1513 maturitatem.
482 1461 563 1512 Tertia
580 1445 638 1509 lero
658 1458 810 1508 bebdomada
827 1457 933 1508 ostendit
976 1456 1084 1518 ideoque
1102 1455 1257 1518 singularitas
1270 1468 1312 1517 par
1325 1455 1488 1521 atqueimpar
1505 1455 1616 1506 habetur.
1649 1457 1760 1520 lureigi·

151 1567 178 1603 se
193 1553 238 1602 llos
258 1553 283 1601 et
297 1550 385 1612 lanugo
399 1551 462 1598 circa
484 1560 566 1610 gerrae.
600 1547 766 1604 erartavero
781 1544 933 1595 bebdomada
975 1551 1014 1596 tur
1036 1548 1128 1608 septem
1147 1545 1244 1609 quidem
1266 1545 1355 1595 limites
1378 1547 1567 1596 constituuntur.
1603 1550 1683 1600 Terna
1703 1561 1761 1599 vero

152 1637 299 1687 deliniuntur
312 1636 460 1685 incrementa
472 1634 580 1683 staturae.
613 1631 808 1694 Qoinlapleuam
820 1631 952 1692 juvenilis.
977 1647 1020 1697 per
1034 1635 1166 1698 utrumque
1177 1633 1241 1684 latus
1258 1633 1386 1683 intervalia
1404 1637 1544 1684 cernuntur.
1577 1637 1639 1685 Nam
1656 1635 1760 1699 singula·

152 1725 230 1774 aetatis
252 1724 321 1772 aliem
354 1720 533 1783 perlectionem.
568 1721 598 1769 ln
629 1719 813 1780 aegritudinibus
829 1733 933 1782 ¹quoqne
975 1722 1033 1772 ritas
1050 1721 1143 1771 initium
1161 1722 1200 1772 est
1216 1733 1373 1771 numerorum
1389 1722 1614 1787 parisatimparis,
1633 1727 1759 1786 propterea

148 1814 218 1872 jurata
232 1810 335 1860 eundem
350 1823 479 1859 nnmerum
492 1809 573 1858 motus
588 1807 640 1857 lieri
649 1843 656 1868 ,
666 1821 724 1856 usus
735 1807 933 1870 experientiaque
975 1807 1041 1870 quod
1055 1821 1098 1870 par
1111 1811 1135 1858 et
1148 1809 1225 1870 impar
1239 1808 1351 1870 habetur,
1363 1813 1388 1858 et
1398 1821 1482 1858 omnes
1493 1809 1518 1858 in
1530 1823 1557 1860 se
1569 1810 1659 1860 termas
1674 1825 1758 1861 nume·

151 1900 253 1950 docuit:
267 1901 292 1949 et
304 1899 461 1960 Hippocrates
471 1910 528 1946 curn
537 1909 602 1958 saepe
613 1897 672 1946 alias
687 1897 713 1945 iu
729 1895 852 1959 plerisque
863 1894 932 1945 libris
976 1909 1059 1945 rorum
1080 1895 1187 1946 creditur
1200 1895 1339 1956 continere,
1351 1895 1494 1959 epipedam‚
1509 1896 1694 1960 triangularem,
1716 1913 1759 1949 cu·

153 1991 216 2051 siris,
229 1991 281 2039 tum
294 1989 367 2039 etiam
385 1987 410 2037 iu
424 1987 461 2037 tris
473 1985 598 2037 evidenter
614 1998 676 2049 quos
690 1985 721 2036 de
733 1985 931 2054 Hebdomadibus
975 1984 1044 2034 bum.
1078 1987 1139 2043 Quae
1151 1983 1244 2046 singula
1259 1984 1373 2046 prosequi
1388 1983 1487 2046 longum
1501 1987 1548 2034 est.
1581 1985 1690 2036 Sufficiat
1703 1999 1759 2048 ergo

154 2077 264 2128 instituit.
296 2076 485 2126 Dinumerantor
502 2086 601 2136 quoque
623 2085 737 2123 sensuum
757 2074 866 2122 omnium
886 2073 931 2134 qui
975 2071 1154 2122 demonstrasse
1170 2071 1289 2121 rationem
1309 2073 1429 2122 nascentis
1442 2073 1531 2122 animae
1543 2086 1600 2135 quie
1617 2073 1758 2137 incorpora-

151 2169 206 2216 sunt
225 2164 359 2227 incapite,
378 2165 470 2226 septem
483 2163 589 2223 meatus,
604 2162 745 2222 oculorum,
762 2161 870 2221 sudum,
885 2173 929 2209 na-
974 2159 1036 2209 tioni
1048 2162 1100 2209 erat
1111 2158 1249 2221 destinata,
1265 2160 1330 2221 quod
1345 2172 1401 2208 orsa
1417 2160 1609 2221 asingularitatc
1621 2161 1758 2224 individua,
1785 2216 1789 2224 ¹

151 2255 212 2303 num
229 2255 302 2316 atque
321 2250 379 2301 oris.
412 2251 500 2300 Vitalia
513 2264 611 2313 quoque
627 2249 693 2312 paris
708 2247 818 2305 numeri.
833 2247 929 2309 lingua,
974 2235 1048 2310 atqua
1062 2247 1257 2310 incorpoream,
1273 2247 1391 2308 gradatim
1409 2260 1452 2310 per
1466 2247 1592 2298 lineamet
1608 2248 1758 2311 superficiem

151 2342 251 2402 pulmo,
265 2352 316 2400 cor,
333 2339 398 2400 lien,
415 2340 502 2402 hepar,
515 2337 564 2388 duo
584 2350 664 2387 renes.
695 2336 821 2385 Vocatium
834 2347 931 2397 quoquc
974 2335 1196 2398 increveritusque
1209 2335 1240 2385 ad
1256 2335 1389 2398 perlectum
1404 2348 1507 2399 corpus,
1527 2336 1686 2400 prolixitatis,
1704 2337 1757 2388 iati-

150 2429 273 2479 literarum
285 2440 400 2478 numerus
415 2426 494 2487 idem,
508 2438 539 2475 err
562 2423 851 2488 quibuscoosoaaotium
872 2435 930 2471 mn·
975 2422 1067 2472 tudinis
1093 2422 1309 2486 prolanditstisque
1334 2422 1465 2472 intervallis
1490 2424 1689 2486 :proptereaque
1709 2427 1759 2474 tam

150 2515 274 2578 iragositas
290 2513 423 2576 laevigatur.
457 2515 533 2563 Lunae
547 2525 645 2575 qnoque
662 2510 794 2561 crescentis
815 2511 839 2558 et
861 2520 931 2558 sene·
975 2510 1074 2560 subtilia
1088 2522 1160 2572 quam
1175 2509 1251 2559 solida
1267 2511 1375 2572 penetret
1385 2509 1469 2558 mundi
1479 2509 1575 2559 sensilis
1589 2523 1696 2573 corpora.

150 2605 240 2652 scentia
258 2601 411 2653 multiformis
426 2601 467 2651 illa
486 2598 662 2661 transfiguratio
684 2599 710 2648 in
727 2598 812 2649 eodem
831 2610 931 2647 numero
1006 2599 1113 2648 xxxiia
1129 2597 1200 2647 iiuuc
1211 2596 1390 2659 praestandaest
1403 2595 1464 2645 ratio
1475 2595 1558 2645 tormer
1570 2596 1639 2646 istius
1650 2597 1754 2659 triangu-

151 2692 254 2752 ponitur.
286 2689 409 2753 siquidem
429 2689 461 2739 de
483 2688 604 2748 obscura,
626 2687 750 2737 crescente
774 2685 880 2748 lumine,
904 2685 933 2734 lrt
975 2689 1046 2746 iaris,
1061 2687 1087 2736 iu
1100 2698 1148 2749 qua
1164 2688 1222 2736 suut
1233 2686 1322 2735 limites
1334 2688 1442 2748 sepiem,
1457 2687 1482 2734 et
1490 2697 1533 2735 sex
1545 2685 1672 2736 intervalla
1684 2687 1761 2750 dupii-

56 2767 66 2789 ⁸
151 2780 271 2840 bicornis,
286 2778 373 2829 delriuc
382 2777 491 2840 sectilis,
505 2778 593 2828 deiude
608 2776 732 2825 dimidiata
745 2777 830 2836 mator,
844 2774 932 2824 dehinc
975 2776 1011 2826 cis
1032 2779 1058 2826 et
1078 2775 1180 2838 triplicis
1198 2775 1348 2837 quantitatis.
1381 2774 1478 2825 Nullam
1501 2774 1556 2824 dico
1571 2788 1625 2825 esse
1645 2777 1761 2839 aptiorem

152 2864 241 2927 plena:
257 2869 449 2925 retrorsumque,
460 2863 538 2924 major
549 2861 689 2921 dimidiata,
702 2860 806 2923 sectilis,
818 2859 931 2909 bicornis.
977 2863 1094 2925 liguram,
1115 2875 1188 2925 quam
1211 2863 1250 2911 est
1272 2862 1341 2923 baec,
1362 2861 1388 2910 iu
1401 2874 1450 2924 qua
1472 2862 1626 2924 singularitas
1640 2864 1761 2914 cacumini

151 2951 233 3010 Quid?
247 2950 312 3013 qnod
326 2951 352 3000 iu
365 2950 457 3001 mundo
474 2952 568 3013 septem
578 2950 636 2999 sunt
651 2950 770 3011 planetae,
790 2947 932 2998 distantesa
975 2949 1161 3014 superimposita
1179 2949 1345 3000 summitatem
1362 2951 1434 3012 atqua
1455 2963 1536 3000 arcem
1550 2950 1661 3002 obtinere
1679 2953 1761 3003 cousi-

150 3052 177 3089 sc
190 3038 283 3089 ruusico
297 3038 481 3101 modulamine,
502 3038 634 3099 sicutipse
651 3039 764 3098 testatur,
785 3049 842 3086 cum
858 3037 932 3097 dicit;
975 3039 1082 3102 rimatur,
1100 3042 1129 3089 ut
1142 3052 1184 3102 per
1198 3052 1267 3100 eam,
1284 3040 1352 3088 vetut
1364 3038 1535 3095 emissaculum
1551 3039 1691 3101 quoddam,
1709 3043 1761 3090 tan-

151 3131 229 3177 Deum
242 3129 325 3177 reaia
335 3125 442 3176 scidisee
454 3126 556 3176 diversae
571 3126 665 3174 natissae
680 3123 810 3184 circulum,
822 3127 932 3187 septem·
976 3139 1049 3189 quam
1062 3140 1076 3177 ε
1092 3126 1145 3177 siun
1166 3126 1239 3175 loutis
1253 3126 1379 3189 perennis,
1394 3126 1503 3189 providae
1516 3126 1678 3189 intelligentia
1691 3129 1761 3190 quasi

152 3215 284 3279 qucorbes
297 3218 410 3279 impares
422 3227 476 3265 csse
489 3214 649 3276 fabricatum,
663 3212 704 3273 qni
718 3212 842 3262 contrariis
859 3212 932 3262 moti·
976 3215 1075 3277 quidam
1083 3214 1162 3277 largos
1172 3214 1251 3264 amnis
1260 3214 1371 3265 efflueret
1381 3232 1388 3264 ι
1399 3214 1498 3277 ipsaque
1507 3214 1673 3277 singularitas,
1683 3228 1761 3279 mens,

151 3301 197 3352 bus
218 3302 437 3364 agitationibnsque
461 3303 596 3362 vertantur,
620 3300 690 3360 iuxta
714 3298 791 3361 dapis
812 3301 837 3349 et
857 3299 933 3363 tripli
977 3302 1029 3353 sive
1050 3302 1221 3366 intelligentia,
1239 3302 1277 3352 vei
1296 3304 1347 3366 lpse
1362 3305 1427 3352 bens
1439 3303 1521 3365 opilea
1539 3302 1685 3371 intelligatur
1698 3316 1760 3353 esse.

151 3389 242 3453 spatie,
256 3390 281 3439 in
301 3390 390 3453 quibus
408 3388 497 3449 solem,
511 3393 537 3439 el
553 3388 651 3449 lunam,
665 3388 692 3436 el
707 3389 799 3437 ceteros
819 3387 933 3437 ambitos
976 3393 1039 3442 Cum
1053 3392 1116 3441 euim
1132 3392 1165 3442 sit
1177 3392 1245 3453 origo
1259 3372 1431 3450 numerorum,
1442 3390 1603 3452 omnibusque
1614 3403 1646 3440 ex
1661 3403 1688 3439 se
1701 3391 1759 3440 sub·

150 3476 217 3539 ignes
229 3478 339 3527 collocat.
976 3480 1090 3529 stantiam
1106 3479 1291 3540 subministret,
1304 3478 1455 3540 rationesque
1471 3490 1562 3527 eorsum
1573 3481 1622 3526 tam
1641 3476 1761 3538 simplices

181 3565 317 3615 xxxvlli.
335 3566 367 3613 at
380 3554 485 3614 limitum
496 3563 594 3626 quidem
607 3567 701 3627 septem
715 3563 751 3613 sic
764 3562 824 3612 ratio
837 3565 935 3625 praesta-
976 3580 1050 3629 quam
1067 3567 1238 3629 multiplicatas
1257 3567 1310 3629 ipsa
1325 3566 1459 3626 contineat,
1474 3564 1569 3615 caeteris
1587 3564 1708 3625 numeris,
1724 3564 1761 3614 in·

151 3655 201 3700 tur.
233 3650 418 3699 intervallorum
434 3663 494 3700 vero
513 3654 639 3701 ternorum
652 3652 714 3702 banc
729 3652 813 3702 dicunt
827 3664 880 3702 esse
893 3665 933 3701 ra·
977 3655 1106 3706 crementis
1122 3654 1382 3715 imminutionibnsque
1403 3652 1502 3701 mutatis
1520 3653 1595 3714 atque
1616 3664 1648 3701 ex
1667 3652 1762 3715 propria

151 3738 251 3788 tionem.
283 3738 378 3787 Rursus
395 3738 460 3787 euim
475 3737 522 3787 tria
534 3751 652 3789 numerus
663 3739 711 3788 alio
724 3738 829 3802 quodam
848 3751 935 3801 genere
978 3744 1063 3793 natura
1083 3741 1266 3803 recedentibus,
1288 3740 1341 3790 sola
1356 3740 1503 3789 inconcusso
1525 3738 1579 3800 iure
1599 3740 1636 3789 est
1650 3743 1722 3803 atquc
1736 3740 1762 3791 in

153 3826 256 3874 babetur
268 3824 385 3886 optimus.
420 3824 515 3874 Primm
524 3825 588 3875 enim
598 3862 607 3888 ,
616 3828 641 3875 et
651 3829 708 3877 aute
719 3840 804 3877 omnes
814 3828 934 3889 perlectus
976 3832 1041 3881 statu
1052 3844 1096 3879 suo
1107 3832 1257 3893 perseverat;
1269 3839 1365 3889 semper
1377 3826 1477 3888 eadem,
1487 3838 1582 3889 semper
1594 3827 1761 3891 immutabilis,

150 3915 199 3972 ast,
218 3911 310 3962 liabens
336 3912 448 3975 initium,
467 3914 555 3975 tuem,
578 3913 747 3977 medietatem,
774 3914 864 3976 quibus
884 3926 933 3964 cre·
976 3922 1002 3969 et
1023 3916 1176 3980 singularitas
1196 3929 1302 3979 semper,
1331 3915 1539 3974 quemadmodum
1556 3914 1639 3966 divina
1661 3916 1761 3980 omnia,

150 4000 221 4049 scunt
231 4012 347 4061 corpora,
358 4002 383 4050 et
394 4000 465 4061 iuxta
476 4013 532 4063 quae
543 4013 659 4063 corporea
670 4003 820 4052 incrementa
833 4014 934 4066 progve·
977 4020 1032 4070 quae
1044 4006 1109 4056 nulla
1123 4004 1237 4068 temporis
1250 4004 1417 4068 progressione
1433 4005 1565 4066 mutantur,
1583 4007 1688 4068 suntque
1698 4018 1763 4055 sem·

149 4086 256 4137 diunius.
290 4086 385 4149 Quippe
403 4100 460 4137 curn
478 4088 632 4140 intervalium
647 4104 724 4139 unum
742 4091 831 4140 lineam
848 4091 933 4155 iaciat,
979 4109 1020 4157 per
1033 4094 1161 4157 impatibili
1182 4094 1303 4144 felicitate.

149 4174 199 4223 dno
217 4174 384 4236 superficiem,
400 4176 446 4225 tria
463 4189 552 4238 corpus
573 4177 679 4227 divisum
695 4182 769 4239 atque
790 4177 933 4239 dividuum,
1009 4186 1059 4233 itt..
1078 4183 1170 4233 Deinde
1180 4182 1419 4245 proscqrriturPlalc.

151 4275 200 4323 quo
214 4262 274 4312 nilril
288 4265 326 4313 est
342 4263 480 4325 perfectius.
515 4265 647 4315 Triaeoim
664 4265 718 4315 linc
736 4265 861 4316 intervalla
876 4278 934 4315 cor-
1009 4272 1077 4322 Μττὰ
1091 4272 1115 4322 ab
1126 4273 1202 4321 ταῦτα
1213 4272 1377 4335 tarsaticam
1387 4269 1417 4319 rai
1426 4287 1452 4319 τε
1461 4267 1761 4332 δτττλάσιακαὶτρτττλάτια

150 4362 195 4411 pus
222 4349 368 4414 absolvunt,
399 4351 541 4415 longitudo,
564 4351 685 4413 latitudo,
712 4352 829 4403 soliditas.
863 4354 935 4404 cerie
977 4362 1141 4425 διαστήματα,
1155 4362 1237 4425 palpet
1249 4360 1283 4411 io
1299 4361 1386 4411 tacitae
1401 4359 1540 4422 ἀποτέμνων
1558 4357 1599 4407 aci
1610 4357 1679 4413 τιθεὶς
1690 4354 1761 4411 elaad

151 4436 214 4499 tria,
231 4438 343 4500 primitus
355 4437 422 4488 dicta
433 4441 489 4489 sunt
500 4442 590 4489 omnic
599 4440 664 4502 qnod
677 4440 708 4491 de
719 4440 817 4491 duobus
826 4440 934 4491 dicineo
978 4452 1064 4511 μεταξὺ
1079 4450 1185 4509 τούτων,
1200 4451 1264 4499 ὥστε
1278 4449 1303 4497 tv
1317 4448 1413 4499 tedere
1431 4448 1574 4509 διαστήματι
1588 4446 1629 4495 diso
1642 4445 1701 4494 εἶναι
1718 4459 1759 4506 με·

150 4527 229 4586 potest
247 4530 411 4590 :utrumqne
427 4528 492 4577 enim
507 4527 753 4579 diciturdcdnobus.
788 4532 848 4579 ilaec
861 4530 934 4590 igitur
977 4539 1147 4599 saepesaepe
1164 4537 1435 4599 massagetarum
1451 4531 1759 4599 dapovadtdvdneetqao.

149 4614 217 4662 terna
231 4612 357 4664 intervalla
374 4614 399 4662 in
418 4615 523 4677 utroque
540 4614 616 4666 latere
631 4616 805 4679 descriptionis
818 4617 878 4677 sita,
891 4629 933 4667 saa
977 4644 1021 4674 rm
1035 4628 1075 4675 χαὶ
1091 4624 1282 4689 επιμχομινητ,
1295 4626 1338 4681 τὴν
1350 4622 1370 4673 δ’
1381 4623 1429 4687 terp
1443 4622 1485 4685 pso
1503 4620 1556 4671 κατ’
1571 4620 1668 4685 dprtpda
1681 4618 1761 4681 mept-

149 4700 274 4750 intervalla
292 4701 439 4763 coudciuut;
451 4703 475 4753 et
490 4704 600 4754 senarius
619 4718 735 4755 numeros
748 4704 833 4767 plenus
846 4709 871 4755 et
883 4716 935 4768 per·
976 4731 1066 4778 xm„
1073 4750 1081 4777 ‚
1092 4714 1139 4777 top
1152 4714 1178 4763 aa
1191 4715 1372 4778 ὑπερεχομένην,

150 4787 227 4837 tectas
239 4789 325 4839 merito
340 4789 463 4841 babetur:
481 4791 570 4855 quippe
585 4791 674 4856 qpisit
687 4793 790 4856 arquatis
804 4793 842 4842 tris
857 4794 932 4855 pavli·
1009 4802 1106 4860 ertbas
1132 4804 1173 4852 tta
1193 4800 1285 4852 diuisis
1299 4802 1486 4863 consequenter
1509 4797 1654 4861 complebat
1677 4796 1760 4845 iata-

150 4874 196 4923 bus
209 4876 405 4939 exquibusipse
420 4880 523 4929 constet
556 4880 637 4929 Habet
648 4880 712 4930 enim
725 4880 898 4932 dimidietatem
907 4882 932 4931 iu
977 4882 1051 4933 ooltc
1063 4879 1176 4943 duplicis
1187 4884 1214 4930 et
1228 4879 1341 4942 triplicis
1354 4879 1574 4941 quantitatem
1588 4875 1760 4926 enicersttcte

149 4962 239 5022 tribus,
254 4962 327 5014 lrabet
338 4966 433 5016 tertiam
450 4968 585 5031 pontonem
598 4968 622 5018 iu
636 4968 747 5031 dnobus,
757 4970 830 5021 balet
838 4974 932 5021 sartam
973 4972 1066 5033 portes
1081 4979 1174 5018 secans
1190 4970 1272 5018 etiem
1289 4978 1360 5017 neae
1375 4980 1384 5014 .·
1402 4968 1427 5015 et
1442 4976 1475 5014 ea
1492 4962 1535 5015 itis
1552 4962 1760 5014 intervallorum

148 5049 172 5097 in
186 5062 248 5111 uno,
265 5064 337 5114 quar,
354 5053 428 5104 siunai
448 5058 521 5119 atque
537 5057 562 5105 in
579 5069 655 5106 unum
675 5056 792 5122 collecta,
810 5045 932 5121 complent
975 5061 1065 5122 spatie
1079 5056 1287 5121 conspicua,quo
1303 5053 1410 5117 singola
1424 5051 1571 5103 interuallo
1584 5052 1651 5102 birris
1664 5051 1759 5102 ηιεάίε-

148 5136 262 5189 eundem.
278 5138 458 5211 ,ueoiqas'qoi
472 5144 504 5194 ab
521 5156 551 5195 eo
569 5144 700 5207 quadratus
717 5146 836 5210 nascitur,
855 5146 880 5196 id
896 5149 934 5198 est
954 5174 960 5181 ·
976 5146 1076 5197 tatibus
1083 5146 1259 5209 fulcirentur.
1294 5142 1467 5195 Medietatem
1476 5152 1555 5207 porro
1566 5140 1666 5202 altero,
1678 5143 1760 5204 qrecto
