3959 5925
865 410 1102 472 FRAGMENTA
1126 410 1258 471 vauls.
1818 422 1854 475 93

264 540 391 605 ἿΙδιστσν
406 543 457 625 γάρ
468 566 493 601 τι
507 541 552 603 καί
562 543 702 602 κάλλιστον
719 534 845 617 εἶναιτὴν
861 543 1038 621 εὐδαιμονίαν,
1084 541 1276 620 προηγούμενον
1292 540 1375 620 ἔχοιεν
1383 541 1419 599 ·τ“ο
1433 545 1489 612 ζῆν.
1533 540 1579 607 Ὡς
1590 542 1618 601 δὲ
1631 543 1678 614 τήν
1693 544 1858 619 εὐδαιμονίαν

266 632 333 690 ollem
345 630 367 689 δ’
382 631 556 690 ἐπιτείνεσθαι
567 631 685 710 καθάπερ
700 630 737 689 τέ·
749 654 795 701 νην
810 632 927 709 ὀργάνων
942 630 1039 701 πλήθει
1083 630 1205 706 λέγεσθαι
1229 633 1324 709 χρῆσιν
1348 632 1456 707 ἀρετῆς,
1477 626 1558 696 οὕτως
1573 631 1617 687 καί
1631 631 1678 702 τήν
1699 633 1858 709 κακοδαιμο·

264 720 310 780 καὶ
320 724 483 799 παρασκευῇ·
497 715 556 777 οὔτε
568 718 618 792 τήν
632 718 712 791 αὐτήν
729 741 796 778 ειναι
811 723 869 780 θεοῦ
880 719 926 778 καί
940 717 1040 799 άνθράι-
1084 719 1140 777 νίαν
1163 721 1260 797 χρῆσιν
1279 718 1381 783 κακίας·
1396 718 1425 774 οὐ
1447 717 1499 794 μὴν
1519 720 1554 783 ὡς
1567 716 1614 787 τὴν
1629 718 1724 778 κακίαν
1739 722 1858 799 αὐτάρκη

264 832 328 878 που,
343 805 401 866 οὔτε
412 804 464 887 γάρ
474 805 521 878 τήν
537 806 631 887 ἀρετήν
645 805 826 877 άναπθύλητον
839 806 883 866 ίπὶ
891 810 942 866 τῶν
957 829 1039 865 σπου-
1083 808 1146 885 πρὸς
1159 804 1381 881 κακοδαιμονίαν,
1401 804 1480 871 ούτως
1500 807 1545 864 καί
1559 806 1606 875 τὴν
1622 808 1716 885 ἀρετήν
1733 808 1797 886 πρὸς
1814 814 1859 869 οὐ.

265 896 344 955 δαίων
358 893 389 953 τὸ
403 894 538 974 παράπαν,
563 893 687 954 δύνασθαι
710 894 763 975 γθιρ
784 894 835 953 ὐπδ
856 900 901 953 τοῦ
924 893 1040 965 πλήθους
1083 893 1230 970 δαιμονίαν.
1272 891 1322 960 Ὡς
1341 890 1368 949 δὲ
1381 890 1426 950 τὸν
1442 894 1583 952 σπουδαῖον
1598 894 1700 968 τάγαθδι
1716 894 1796 973 ἔχειν,
1812 897 1858 955 καὶ

265 986 309 1045 καὶ
324 983 450 1061 μεγέθους
466 985 637 1064 ἀφαιρεθῆναι
651 987 750 1042 κακῶν.
785 980 868 1043 Ὅθεν
883 983 1038 1042 ἐνδοιάσειεν
1083 982 1155 1061 αὐτῷ
1170 978 1310 1062 συμφέρειν
1333 980 1378 1038 καὶ
1401 989 1454 1045 τοῖς
1475 980 1574 1047 ἄλλοις.
1627 983 1791 1044 Φευκτὸνδέ
1813 985 1858 1042 τὸν

263 1074 295 1132 ἄν
307 1097 361 1148 τις,
379 1071 482 1157 μήποτε
506 1068 565 1128 οὐδέ
587 1070 685 1151 κυρίως
704 1069 910 1145 εὐδαιμονιστέον
934 1069 979 1129 τθν
999 1070 1039 1130 ἔτι
1084 1068 1139 1149 βίον
1151 1068 1283 1148 γίγνεσθαι
1300 1071 1352 1134 τοῖς
1363 1066 1410 1143 μὲν
1425 1068 1531 1144 άγαθοῑς
1541 1070 1567 1127 έν
1577 1076 1634 1135 ταῖς
1646 1070 1712 1146 άγαν
1729 1071 1858 1151 ἀτυχίαις,

262 1166 360 1237 ζῶντα,
375 1160 519 1230 διδιτδιῆς
532 1158 613 1238 τύχης
627 1160 732 1231 άδηλον.
773 1160 812 1220 Tb
826 1158 877 1241 γάρ
890 1164 936 1217 τοῦ
950 1160 1039 1219 Σόλοι·
1082 1165 1135 1224 τοῖς
1150 1157 1175 1215 δέ
1190 1162 1278 1221 κακοῖς
1298 1156 1342 1215 καὶ
1365 1158 1391 1213 ἐν
1412 1163 1470 1221 ταῖς
1484 1154 1551 1233 ἄγαν
1574 1156 1715 1236 εὐτυχίαις.
1764 1160 1859 1217 Πλεῖον

263 1273 304 1315 νος
318 1240 347 1308 εὐ
361 1248 430 1329 ἔχειν
443 1246 491 1284 ²⁴⁶·
501 1246 576 1313 τέλος
590 1246 638 1327 ὅρα
652 1256 753 1329 μακροῦ
766 1250 834 1331 βίου.
875 1252 1038 1328 -Μαρτυρεῖν
1081 1243 1132 1322 γάρ
1147 1244 1317 1320 ἁμαρτάνειν·
1335 1243 1368 1301 δι’
1384 1239 1458 1301 tasi
1473 1243 1539 1318 μηδὲ
1555 1242 1649 1323 κυρίως
1660 1247 1776 1325 εὐτυχεῖς
1788 1236 1856 1304 εἶναι

263 1339 291 1397 δὲ
313 1344 389 1396 τοῦτο
413 1334 516 1395 καὶτὸν
541 1334 608 1415 βίον,
631 1336 841 1413 εὐδαιμονίζοντα
860 1335 919 1403 τούς
933 1335 1038 1417 άνθριίι-
1081 1329 1273 1410 colepodium.
1848 1387 1851 1394 .

260 1425 419 1500 mominis?
440 1423 472 1481 δν
493 1422 634 1494 θνήσκωσι.
688 1425 742 1484 Τὸν
763 1420 785 1485 δ’
802 1422 974 1506 άραιρεθέντα
988 1423 1037 1494 τήν
1121 1417 1231 1487 Ἐπειδὴ
1245 1418 1268 1474 δ’
1285 1416 1437 1493 εὐδαιμονία
1453 1416 1484 1476 τὸ
1509 1418 1630 1495 μέγιστον
1654 1418 1768 1500 ἀγαθάν,
1791 1422 1859 1480 διαι-

261 1512 425 1590 εὐδαιμονίαν
437 1514 484 1570 οὐκ
498 1502 563 1570 εἶναι
573 1510 769 1588 κακοδαίμονα,
783 1513 901 1592 καθάπερ
916 1512 982 1587 μηδὲ
993 1511 1036 1571 τδν
1081 1504 1167 1585 ριτὲον
1179 1507 1303 1582 ποσαχῶς
1317 1504 1421 1581 λέγεται
1435 1503 1465 1563 τὸ
1477 1505 1585 1584 ἀγαθόν.
1627 1510 1734 1586 Τριχῶς
1745 1506 1778 1578 δή
1793 1530 1858 1589 ροισι

259 1602 427 1681 δλωςέχοντα
440 1597 554 1671 ταύτην,
566 1598 624 1657 ἀλλ’
635 1597 688 1657 ἔσθ’
698 1600 747 1673 &ra
762 1600 850 1677 μέσον.
894 1600 971 1657 bom
985 1599 1036 1679 γάρ
1080 1595 1220 1672 λέγεσθαι,
1234 1592 1265 1652 τύ
1279 1616 1307 1651 τε
1326 1591 1378 1671 γάρ
1392 1602 1458 1650 πᾶσι
1476 1601 1529 1659 τοῖς
1542 1585 1599 1652 οὐσι
1613 1594 1743 1674 σωτηρίας
1760 1594 1856 1671 αἴτιον,

259 1713 322 1748 ποτε
346 1688 390 1749 καί
413 1686 491 1767 σὀρδν
509 1685 554 1744 καὶ
571 1684 608 1761 μὴ
631 1687 709 1767 σοφὸν
727 1686 771 1746 τὸν
796 1684 874 1764 μέσον
898 1685 1035 1762 λεγόμενον
1080 1680 1168 1740 καὶτὸ
1190 1679 1412 1756 κατηγορούμενον
1428 1679 1524 1745 παντὸς
1545 1682 1661 1757 άγαθοῦ,
1682 1680 1728 1739 καθ
1741 1681 1771 1740 τὸ
1785 1683 1858 1739 διαυ-

261 1779 334 1857 βίον,
346 1776 391 1836 τὸν
408 1775 473 1852 μήτι
489 1774 630 1850 εὐδαίμονα
649 1774 716 1850 μήτε
734 1775 925 1852 κακοδαίμονα.
970 1774 1035 1854 Περὶ
1080 1768 1206 1848 θαίρετον·
1223 1758 1259 1827 ῶν
1273 1767 1303 1825 τὸ
1324 1766 1372 1843 μὲν
1386 1767 1437 1824 δεῖν
1452 1767 1509 1824 θεὸν
1520 1756 1586 1826 εἶναι
1603 1767 1634 1826 τὸ
1651 1774 1766 1848 πρῶτον,
1784 1769 1815 1828 τδ
1829 1769 1856 1828 δέ

259 1868 287 1926 δὲ
301 1864 360 1931 τούς
372 1861 548 1939 κοιμωμένους
560 1863 608 1921 οὐκ
623 1852 749 1934 εἶναιτὴν
764 1862 939 1939 εὐδαιμονίαν,
954 1860 972 1932 ἢ
988 1863 1036 1919 οὐκ
1080 1865 1133 1914 πᾶν
1147 1857 1219 1934 γίνος
1232 1854 1271 1890 ²⁴⁷
1285 1858 1337 1912 τῶν
1358 1858 1473 1928 ἀγαθῶν,
1493 1853 1524 1912 τὸ
1538 1854 1566 1913 δὲ
1579 1855 1669 1926 τέλος,
1687 1859 1726 1937 ἐφ’
1741 1856 1756 1915 δ
1770 1854 1862 1915 πάντα

258 1952 420 2033 έντελέχειάν
435 1973 474 2027 γε.
518 1948 575 2021 Τήν
597 1948 644 2026 μὲν
664 1949 715 2029 γθρ
736 1948 866 2029 ἐνέργειαν
886 1952 934 2020 τῆς
949 1951 1036 2028 ψυχῆς
1081 1944 1252 2025 σἰναρέρομεν,
1267 1941 1330 2021 ὅπερ
1345 1941 1414 2001 ἐστὶν
1426 1942 1588 2018 εὐδαιμονία.
1631 1944 1727 2003 Καὶτδ
1742 1946 1858 2002 διαυθαί·

258 2041 319 2120 περὶ
330 2041 377 2110 τήν
392 2036 543 2118 ἐγρήγορσιν
563 2028 628 2096 εἶναι
641 2082 649 2112 ,
662 2037 745 2117 ταύτῃ
764 2038 791 2097 δέ
802 2040 840 2096 δεῖ
851 2039 1035 2117 προστίθεσθαι
1080 2055 1153 2111 ρετον
1165 2031 1192 2089 δέ
1203 2034 1299 2112 τριχῶς
1307 2030 1446 2108 λέγεσθαι,
1459 2030 1477 2100 ἢ
1492 2021 1521 2089 οὐ
1535 2031 1613 2109 χάριν
1632 2032 1690 2090 τινὰ
1706 2032 1857 2111 πράττομεν

208 2160 211 2167 r
257 2128 286 2187 τὸ
301 2127 475 2207 κατὰφύσιν,
491 2125 534 2183 διά
552 2125 582 2183 ιδ
597 2124 634 2202 μὴ
650 2134 738 2185 πᾶσαν
752 2124 800 2197 τήν
817 2124 969 2206 ἐγρήγορσιν
980 2127 1034 2181 τῶν
1079 2123 1114 2188 ὡς
1128 2118 1240 2199 ἐσχάτου
1260 2110 1320 2189 ήού
1330 2117 1409 2197 χάριν
1420 2117 1515 2176 πάντα·
1526 2118 1543 2227 δ,
1554 2118 1640 2199 τρίτον
1654 2118 1669 2177 δ
1684 2120 1761 2200 μέρος
1770 2121 1858 2198 γίγνς.

258 2214 404 2275 σπουδαίων
426 2212 527 2280 τελείας
553 2203 619 2270 εἶναι
642 2218 736 2292 χρῆσιν
758 2214 871 2291 ἀρετῆς,
900 2213 968 2270 dila
982 2210 1041 2282 τὴν·
1078 2230 1122 2265 ται
1136 2208 1244 2265 τούτων.
1287 2207 1349 2265 Τῶν
1364 2206 1390 2263 δὲ
1408 2207 1593 2284 διαυθαιρετων
1611 2206 1646 2264 τὰ
1667 2207 1714 2283 μέν
1729 2198 1795 2265 εἶναι
1813 2230 1856 2265 τε·
1919 2244 1924 2255 ι

257 2300 423 2380 κατὰφύσιν.
463 2300 570 2370 Ταύτην
581 2301 604 2358 δ’
615 2290 680 2358 εἶναι
694 2300 742 2372 τήν
754 2306 798 2358 τοῦ
815 2299 852 2377 μή
865 2298 1032 2377 μαινομένου,
1079 2294 1160 2370 λικά,
1174 2294 1208 2353 τά
1222 2294 1249 2352 δέ
1263 2295 1396 2364 ποιητικά.
1437 2296 1536 2354 Τελικδι
1551 2294 1598 2370 μέν
1619 2294 1666 2364 τάς
1684 2299 1744 2355 κατ’
1761 2298 1856 2375 άρετήν

259 2392 322 2468 μηδ’
339 2387 520 2463 ἐξεστηκότος,
535 2388 591 2447 ἐπεὶ
602 2386 649 2459 τήν
664 2411 693 2462 γε
710 2388 806 2464 μανίαν
818 2388 863 2446 καὶ
880 2385 926 2456 τήν
936 2384 1033 2444 ἔκστα-
1077 2381 1275 2464 προηγουμένας
1290 2380 1402 2461 πράξεις·
1422 2381 1548 2453 ποιητικά
1568 2380 1595 2439 δέ
1608 2380 1642 2441 τδι
1658 2381 1734 2441 iiixl
1746 2386 1797 2441 τῶν
1812 2385 1857 2439 αἱ·

258 2501 298 2535 σιν
317 2478 362 2535 καὶ
381 2476 425 2534 τὸν
445 2476 523 2535 ὐπνον
544 2474 683 2543 έξιστάνειν
703 2474 781 2533 αὐτὸν
795 2474 892 2545 ταύτης
905 2478 950 2546 τῆς
963 2472 1033 2553 χρή·
1081 2476 1172 2554 ρετῶν.
1214 2474 1277 2531 Τῶν
1292 2471 1313 2527 δ’
1336 2472 1439 2545 άγαθῶν
1454 2470 1488 2529 τά
1510 2468 1556 2546 μέν
1581 2460 1646 2527 εἶναι
1666 2469 1758 2545 τίμια,
1781 2470 1814 2527 τδι
1828 2469 1856 2527 δὲ

258 2566 420 2643 σεως,τάχα
436 2564 463 2621 δέ
474 2563 520 2623 καί
534 2569 581 2633 τῆς
600 2571 646 2623 τοῦ
664 2564 759 2643 λόγου,
773 2563 818 2622 καί
834 2563 916 2621 ποιεῖν
932 2562 1030 2641 θηρίον.
1078 2556 1216 2628 ἐπαινετά,
1229 2553 1262 2615 τά
1273 2555 1300 2613 δὲ
1315 2555 1448 2630 δυνάμεις,
1463 2553 1497 2614 τά
1511 2556 1538 2613 δέ
1552 2555 1686 2635 ὠρελιμα.
1697 2555 1782 2631 Τίμια
1797 2553 1855 2630 μέν,

257 2648 306 2721 Οἷς
318 2655 369 2733 γάρ
384 2652 488 2729 λσγικύν
502 2652 598 2711 ἔστιτὸ
610 2656 669 2724 ζῆν,
684 2652 784 2718 τούτοις
801 2652 846 2711 καί
860 2651 890 2710 ab
906 2653 1028 2727 εὐδαιμο-
1077 2635 1130 2703 οἷον
1142 2643 1214 2720 θτύν,
1231 2642 1360 2723 ἄρχοντα,
1371 2640 1486 2720 πατέρα·
1503 2641 1627 2702 ἐπαινετά
1637 2643 1678 2715 δι’,
1695 2634 1748 2701 οἷον
1758 2645 1857 2700 δικαιο·

256 2750 308 2800 νεῖν
322 2740 458 2821 ὑπάρχειν·
471 2741 518 2799 οὔκ
533 2739 574 2798 ἀεὶ
590 2740 617 2797 δὲ
632 2738 689 2798 οὐδὲ
709 2739 823 2812 τούτοις,
837 2741 906 2798 ἀλλὰ
917 2743 993 2797 τοῦτο
1008 2738 1031 2795 εἰ
1077 2729 1167 2802 σύνην,
1187 2730 1319 2810 φρόνησιν·
1334 2729 1456 2806 δυνάμεις
1477 2728 1506 2788 δι’
1515 2773 1524 2805 ,
1544 2720 1596 2788 οἷον
1615 2731 1739 2802 πλοῦτον,
1753 2729 1850 2810 ἀρχήν,

256 2938 294 2988 nts
305 2939 351 2989 lrui
363 2938 414 2990 rult
428 2939 557 3002 beatitudo,
570 2940 801 3005 praeterquamquod
814 2940 839 2990 in
852 2942 907 2990 ritas
918 2938 1033 2989 societate
1077 2957 1224 3009 quamquam
1238 2956 1269 2994 no
1282 2943 1307 2993 bt
1319 2943 1414 3006 quidem
1427 2947 1541 3005 perpetuo
1553 2919 1672 3006 prosperae
1684 2943 1786 2992 torturum
1797 2943 1856 2993 tlatn

257 3028 403 3090 singulorum
412 3028 465 3091 jura
478 3041 573 3079 servare
589 3043 618 3077 ac
629 3043 708 3092 neque
720 3029 876 3091 philosophiae
887 3028 1032 3091 contempla·
1078 3037 1184 3094 ittuntur,
1199 3032 1239 3082 sed
1256 3031 1302 3082 boc
1323 3032 1352 3080 lis
1371 3032 1520 3093 contingere,
1536 3031 1556 3080 st
1574 3032 1632 3080 vitan
1650 3029 1775 3093 splendore
1796 3031 1857 3080 alios
1914 3012 1919 3032 ²

256 3115 313 3166 tirus
324 3116 493 3180 boni‚nequs
504 3117 575 3167 rebus
586 3117 617 3167 ad
631 3119 706 3168 vitam
716 3118 855 3168 necessariis
869 3117 959 3180 privari
970 3118 1030 3167 rasit.
1075 3123 1199 3182 superent.
1234 3119 1443 3178 Quemadmodum
1458 3132 1513 3168 reru
1526 3119 1648 3168 beatitudo
1659 3117 1746 3167 dicitur
1759 3119 1856 3167 virtutis

186 3193 189 3198 ’
255 3206 350 3254 Etenim
368 3218 443 3267 quum
460 3205 660 3267 jucundissimum
677 3207 736 3270 quid
752 3208 777 3256 ct
793 3207 980 3270 pulcherrimum
1000 3209 1033 3257 sit
1077 3221 1148 3267 usus,
1162 3208 1198 3256 sic
1208 3207 1303 3257 miseria
1316 3207 1384 3278 ritli3
1401 3221 1479 3269 neque
1499 3209 1579 3256 manen
1600 3209 1627 3278 ut
1645 3207 1751 3269 pravitas
1767 3205 1857 3256 suflicit

255 3293 392 3354 beatitudo,
411 3293 469 3343 artis
491 3295 564 3344 instar
585 3295 669 3344 crescit
690 3295 843 3346 multitudine
868 3299 893 3346 ct
916 3299 1032 3358 apparatu
1075 3295 1105 3344 ad
1119 3295 1253 3357 miserium,
1264 3296 1299 3344 ita
1311 3295 1387 3344 virtus
1397 3308 1493 3357 quoquo
1508 3295 1538 3344 sd
1550 3294 1697 3344 felicitatem.
1713 3293 1857 3343 Existimant

255 3381 486 3440 instrumentorum
500 3381 1032 3443 uequceundcmcsseindeoetbominem·
1076 3385 1246 3443 arrlem‚sirir
1256 3384 1344 3446 probus
1354 3383 1423 3432 bonis
1431 3382 1547 3440 abundet,
1557 3383 1604 3431 boc
1616 3387 1667 3431 inm
1684 3383 1727 3444 ipsi
1742 3385 1853 3431 tumore·
1901 3420 1904 3429 .

256 3463 382 3526 bibantur,
392 3467 450 3528 quia
462 3480 506 3516 uec
520 3467 650 3529 proborum
666 3468 790 3518 bominum
801 3471 879 3519 virtus
890 3483 988 3532 prorsus
1001 3472 1033 3520 sit
1076 3472 1133 3521 turis
1147 3470 1269 3534 prodesse.
1294 3475 1326 3519 At
1338 3471 1396 3520 siris
1406 3471 1476 3519 bonis
1489 3470 1562 3519 nimia
1575 3469 1670 3518 mismia
1681 3467 1767 3530 pressis
1780 3481 1794 3518 e
1805 3468 1855 3517 rita

254 3555 357 3616 stabitis,
375 3555 417 3604 scd
435 3556 553 3605 malorum
573 3556 642 3619 copia
654 3555 680 3606 et
697 3557 860 3618 magnitudino
882 3558 933 3607 tolli
949 3558 1030 3620 possit.
1076 3559 1241 3609 excedendum
1260 3571 1327 3619 esse,
1343 3559 1406 3607 sicut
1422 3557 1493 3606 malis
1508 3556 1645 3606 bominibus
1658 3554 1762 3605 molliter
1775 3567 1804 3603 ec
1813 3555 1855 3617 ju-

181 3681 187 3694 ,
255 3644 371 3699 Quocirca
383 3643 492 3693 dubitata
504 3645 569 3703 licet,
582 3657 641 3693 num
654 3645 752 3694 omnino
764 3647 805 3708 qui
814 3646 893 3695 adbuc
902 3647 963 3697 vivit
976 3661 1032 3709 pro·
1075 3647 1154 3697 cunde
1167 3646 1311 3696 visentibus.
1325 3645 1445 3695 Nimirum
1457 3645 1525 3707 plura
1536 3657 1577 3693 eoa
1589 3647 1642 3692 tum
1650 3655 1765 3705 peccam,
1779 3649 1852 3707 atqua

255 3732 305 3792 prie
317 3730 401 3780 beatus
410 3732 435 3780 in
447 3731 493 3780 buc
505 3733 571 3780 tanta
581 3731 683 3781 tortunae
697 3732 832 3785 mobilitate
846 3734 958 3796 appellari
972 3747 1031 3797 pos-
1062 3799 1064 3802 y
1077 3735 1178 3783 lrancob
1189 3713 1288 3783 Ισἐυειιιιι
1302 3733 1396 3795 proprie
1404 3734 1429 3781 ct
1441 3743 1498 3781 vers
1509 3731 1589 3781 lctices
1599 3731 1646 3780 dici
1660 3744 1708 3780 non
1719 3742 1796 3793 posse.

255 3818 293 3868 sit.
327 3819 421 3886 Splonis
434 3819 497 3868 enirn
512 3819 587 3890 illud,
598 3833 648 3881 quo
661 3821 737 3882 longae
757 3822 815 3870 vitae
826 3821 907 3870 'finem
923 3825 1032 3888 spectare
1107 3823 1227 3881 Quoniam
1241 3834 1299 3869 vcro
1309 3818 1481 3869 beatitudinem
1493 3819 1625 3868 maxlrnnrn
1637 3819 1726 3868 bonum
1735 3832 1787 3868 asse
1798 3831 1853 3868 ccu-

252 3904 374 3968 jubomnr,
387 3908 451 3956 recte
466 3919 492 3956 sc
508 3906 603 3956 babere.
619 3907 647 3956 ld
658 3921 715 3957 raro
726 3921 802 3969 genus
813 3909 945 3958 bumanum
959 3911 1031 3960 stiam
1076 3921 1172 3966 manns,
1187 3903 1248 3969 quot
1259 3907 1336 3955 modis
1347 3906 1438 3954 bouum
1451 3905 1553 3966 dicatur,
1570 3905 1753 3955 declarabimus.
1776 3905 1855 3956 Trita·

253 3977 350 4054 isauri,
361 3995 473 4056 quoniam
485 3995 568 4044 beatos
586 3995 700 4057 praedicet
717 3996 826 4045 bominac
842 4009 886 4046 sua
899 4000 976 4047 morto
987 3998 1030 4047 ds·
1075 3995 1134 4044 riam
1149 3994 1222 4057 igitur
1241 3995 1315 4056 accipi
1336 3993 1429 4053 ioluut,
1441 3993 1546 4056 primum
1558 3993 1624 4055 qnod
1637 3992 1751 4042 omnibus
1771 3993 1855 4042 salutis
1882 4061 1885 4065 ¹

255 4081 357 4130 iunctos.
382 4083 505 4130 Privatum
517 4084 596 4131 autem
607 4082 720 4133 telicitate
734 4097 781 4132 uou
796 4083 850 4134 ideo
862 4085 943 4134 statim
954 4084 1031 4134 intelt-
1075 4095 1146 4132 ceusu
1164 4085 1215 4144 est,
1237 4081 1323 4132 deinde
1337 4081 1403 4143 quod
1418 4081 1448 4130 ds
1468 4081 1534 4130 oront
1554 4080 1617 4129 bono
1637 4079 1738 4140 dicitur,
1752 4079 1855 4141 deniquo

254 4179 386 4228 comesse,
401 4169 503 4218 bominis
522 4170 595 4219 instar
614 4171 712 4220 omnino
725 4183 754 4221 es
773 4172 891 4233 carentis,
906 4172 947 4222 scd
967 4186 1031 4234 quo·
1074 4170 1139 4234 quod
1151 4148 1230 4233 perso
1248 4173 1286 4220 est
1300 4169 1462 4232 expetendum
1476 4181 1510 4219 :e
1527 4169 1617 4231 quibua
1630 4169 1734 4230 primunr
1747 4169 1808 4216 dens
1825 4167 1856 4216 sit

253 4255 382 4306 mmmodo
401 4269 453 4307 csse
473 4257 589 4308 medium.
608 4242 703 4321 Quippe¹
719 4260 828 4310 immines
847 4263 896 4310 tam
912 4263 1032 4326 κομίσαιεν
1074 4261 1182 4322 oportet,
1201 4259 1303 4309 alterum
1314 4271 1386 4308 omns
1399 4271 1473 4321 genera
1487 4257 1620 4316 bonorum,
1639 4255 1738 4306 tertium
1756 4253 1810 4302 duis
1823 4252 1855 4302 ad

253 4356 327 4406 quam
345 4344 485 4407 insipientes
505 4346 633 4409 aliquando
652 4347 755 4397 urediam
775 4362 830 4411 qum
845 4350 935 4398 dicitur
956 4351 1030 4402 vitam
1075 4361 1147 4410 quem
1158 4347 1394 4406 συυσῑτταίετίωυσ,
1406 4346 1431 4396 id
1442 4345 1619 4396 cstbsutitudo.
1631 4341 1763 4405 lamquod
1778 4353 1855 4403 porse

252 4431 351 4493 degere,
371 4445 450 4494 noque
465 4433 557 4484 laticem
573 4435 1032 4497 nequeintelicam.1iornrientesrero
1074 4436 1234 4497 expetendum
1247 4439 1286 4484 cst
1298 4435 1412 4485 bituriam
1433 4435 1507 4484 ctiam
1531 4433 1622 4496 accipi,
1643 4432 1681 4482 ret
1694 4431 1765 4492 cujus
1782 4441 1856 4478 οειιιτ

251 4517 398 4570 beatitudine
409 4533 458 4570 non
469 4520 530 4582 trui,
545 4522 630 4572 saltem
641 4537 690 4573 non
702 4525 813 4585 perlecta.
862 4527 957 4576 Etenim
975 4528 1031 4576 tuu-
1076 4522 1178 4572 tacimus
1198 4524 1325 4585 quaedam,
1342 4525 1425 4586 utpote
1442 4522 1508 4584 quod
1528 4521 1641 4571 ultimum
1654 4520 1702 4583 sit;
1722 4518 1761 4568 vel
1785 4515 1856 4577 cujus

251 4606 356 4657 ctionem
377 4607 451 4657 anirnl
464 4622 516 4659 esso
535 4613 628 4661 lantum
647 4610 763 4674 insigtliu
779 4615 910 4675 manantis,
931 4629 986 4677 quaa
1004 4619 1032 4665 ut
1075 4625 1147 4661 causa
1162 4612 1243 4661 omnia
1260 4613 1338 4675 liunt;
1357 4612 1396 4661 rel
1415 4611 1519 4673 deniquo
1536 4610 1601 4675 quod
1620 4610 1708 4659 horum
1730 4620 1788 4672 pars
1806 4609 1853 4657 cst.

253 4695 326 4756 prosit
338 4694 368 4744 ad
383 4694 522 4746 felicitatem
534 4697 606 4747 simul
619 4697 733 4748 naturalis
751 4711 804 4748 esse
815 4698 900 4760 δεθείς
914 4700 1030 4762 quianon
1075 4704 1149 4751 Porro
1163 4715 1215 4765 per.
1223 4716 1250 4752 se
1266 4701 1453 4764 expetendorum
1467 4701 1513 4751 alia
1527 4706 1584 4750 sunt
1604 4701 1635 4750 ad
1656 4701 1767 4749 ultimum
1780 4699 1854 4761 perti-

252 4785 329 4834 omuis
344 4786 475 4848 proborum
487 4787 611 4837 bominum
633 4787 710 4849 vigilia
727 4787 839 4851 perlectas
858 4789 956 4840 virtutis
973 4804 1031 4839 usus
1075 4789 1170 4851 nentia,
1192 4789 1384 4840 sliaetticientia.
1417 4789 1544 4851 atquem
1565 4787 1678 4838 ultimum
1690 4787 1787 4851 quidem
1800 4799 1855 4848 per·

253 4870 376 4935 habeatur,
398 4873 439 4922 sed
457 4874 613 4925 eaduntaxat
630 4889 685 4937 quae
706 4877 840 4926 secundum
861 4880 971 4927 naturam
983 4883 1028 4929 ost.
1075 4877 1150 4927 tinere
1163 4877 1269 4927 actiones
1281 4878 1394 4927 bonestas
1403 4877 1649 4939 easqucproecipnas3
1660 4874 1786 4925 allicientia
1798 4887 1855 4924 acro

254 4960 312 5008 Esse
321 4961 403 5009 autom
416 4960 478 5010 lianc
492 4975 536 5011 nac
552 4962 705 5023 insanientis,
724 4977 770 5014 neo
792 4965 884 5026 turiosi,
905 4969 1028 5027 propterea
1076 4965 1196 5016 baberiex
1209 4966 1275 5016 omnl
1287 4965 1474 5029 expetendorum
1486 4977 1587 5013 numero
1601 4963 1707 5014 materias
1717 4963 1854 5013 simulacra.

253 5043 319 5107 quod
334 5044 424 5097 insania
442 5049 466 5098 ct
481 5047 547 5098 turor
559 5054 583 5099 et
599 5061 697 5098 somnus
710 5061 764 5098 eum
777 5049 848 5112 bujm
860 5064 915 5112 risu,
931 5052 1031 5102 torsitan
1078 5055 1195 5103 Praeterea
1207 5053 1269 5103 bona
1285 5053 1333 5102 alia
1346 5053 1526 5112 bonosiacum,
1541 5051 1588 5106 alia
1599 5050 1744 5119 μαθηται,
1758 5051 1806 5100 alia
1817 5051 1854 5099 ta-

253 5132 326 5182 ntiam
338 5134 428 5185 ratione
446 5137 525 5199 prirut
544 5138 618 5199 atque
638 5137 728 5188 etteret.
769 5139 816 5198 Qut
833 5140 897 5189 enim
910 5141 986 5190 uitam
1001 5141 1043 5190 ιθ·
1077 5142 1247 5204 cultatm,alia
1259 5141 1335 5192 utilia.
1368 5143 1474 5192 llonesta
1489 5141 1602 5204 quidem,
1620 5141 1854 5203 utdenqpn'ncepr,

252 5222 352 5273 rationis
372 5235 482 5274 normam
504 5224 623 5288 dirigunt,
643 5239 684 5276 cos
704 5227 780 5276 etianr
800 5227 912 5279 felicitate
933 5228 1031 5293 llorere,
1076 5245 1176 5294 parens;
1192 5231 1308 5283 laudanda
1319 5245 1390 5294 acro,
1404 5232 1433 5281 ut
1444 5231 1701 5294 justitia,pmdentla;
1713 5229 1743 5279 ad
1757 5226 1853 5279 becb-
