3959 5925
258 382 295 423 ιιι
916 354 1198 419 DE.SOPlilSTlS.

257 514 314 573 que
334 492 477 563 ananchit,
501 491 566 549 licet
591 488 667 547 haud
694 491 779 566 paam
799 508 850 548 eos
869 489 905 547 de
929 508 1035 564 genere
1083 487 1127 546 illi
1147 488 1258 565 patrios
1283 488 1353 545 deos
1380 490 1536 547 commenti
1559 491 1635 562 sint,
1664 510 1736 567 quoe
1762 506 1867 569 postea

256 587 384 641 humano
409 580 483 637 male
508 579 649 635 meruisse
675 578 827 653 conquesti
853 578 928 648 sint,
956 578 1035 653 quod
1082 577 1175 633 Graeci
1194 576 1295 633 divino
1309 577 1422 634 honore
1444 577 1602 636 affecerunt
1620 592 1761 637 :nonest
1783 583 1869 656 quod

249 672 406 729 ‚docuerint
418 666 591 744 discipulos,
606 664 847 742 quemadmodum
864 682 949 721 causa
962 664 1036 721 inie-
1083 684 1223 722 miremur
1241 678 1353 722 mature
1379 666 1511 723 homines
1534 667 1678 743 sapientes
1700 666 1737 724 de
1760 668 1868 725 talium

257 760 319 815 rior
334 756 458 815 dicendo
479 755 612 833 superior
635 754 698 811 lieri
724 766 830 827 posset.
877 755 939 809 lloc
962 752 1037 810 illud
1081 752 1200 809 deorum
1234 753 1406 811 auctoritate
1434 751 1593 812 dubitasse.
1637 753 1738 829 ltaque
1768 752 1870 812 Xeno-

256 859 299 904 εει
313 845 393 920 quod
407 855 518 901 veteres
533 842 692 919 scriptores
708 838 789 915 ajunt
809 839 959 915 Sophistas
974 858 1036 897 esse
1082 840 1190 914 phanes
1216 840 1254 916 (t.)
1277 868 1288 890 a
1313 842 1426 913 omnia,
1448 842 1562 917 iuquit,
1586 841 1644 899 diis
1668 841 1872 918 ascripserunt

256 933 357 992 solitos
368 931 411 987 τὸν
423 931 495 1000 ἥττω
506 927 581 1005 λόγον
594 927 704 1005 κρείττω
715 933 806 985 ποιεῖν.
852 926 956 984 Veru'm
970 946 1035 983 cum
1083 926 1222 985 Homerus
1236 940 1264 985 et
1276 928 1430 999 Hesiodus,
1440 948 1629 1006 quaecumque
1640 930 1716 987 inter
1731 930 1872 989 homines

257 1017 415 1079 incaeteris
440 1018 565 1085 eximia,
590 1030 649 1073 tum
677 1016 761 1089 longe
785 1014 911 1070 maxima
933 1032 981 1071 ars
1004 1014 1035 1071 in
1081 1014 1205 1072 dedecus
1220 1027 1249 1072 et
1262 1016 1402 1092 probrum
1425 1030 1574 1092 putantur,
1592 1018 1777 1095 plurimaque
1794 1039 1871 1095 pro-

255 1108 414 1183 Protagora
429 1106 484 1163 luit
502 1105 553 1181 qui
566 1102 807 1180 qualemcumque
825 1118 939 1157 causam
955 1118 1037 1176 supe·
1083 1101 1254 1171 nuntiarunt
1268 1103 1377 1160 nefarie
1392 1122 1408 1158 a
1423 1102 1481 1161 diis
1496 1104 1568 1162 lacta
1576 1148 1586 1179 ‚
1604 1105 1694 1176 furta,
1707 1106 1871 1177 adulteria,

257 1197 366 1253 riorem
383 1194 461 1251 lecit.
503 1192 573 1261 Quae
587 1190 781 1268 persuadendi
802 1189 876 1245 ratio
896 1208 984 1264 quum
1000 1189 1036 1246 ad
1085 1201 1197 1246 mutuas
1209 1189 1334 1249 fraudes.
1352 1215 1365 1242 ι
1407 1192 1484 1250 Dicit
1495 1205 1589 1249 autem
1602 1194 1672 1251 deos
1686 1196 1872 1252 immortales

257 1280 417 1360 quamlibet
435 1280 603 1356 disputandi
619 1278 766 1335 materiam
783 1297 842 1334 non
865 1280 926 1333 sine
942 1278 1036 1335 fructu
1085 1276 1152 1332 itaa
1169 1272 1276 1354 priscis
1296 1282 1456 1337 carminum
1472 1280 1675 1339 conditoribus
1695 1301 1757 1339 esse
1771 1284 1872 1340 insor-

257 1370 389 1429 adhiberi
406 1380 519 1445 posset,
535 1366 696 1445 plurimum
718 1378 811 1423 tamen
828 1365 860 1422 in
875 1363 977 1423 litibus
992 1366 1036 1421 lo·
1083 1377 1186 1436 matos,
1199 1378 1229 1421 nt
1239 1366 1275 1422 ad
1286 1366 1436 1426 homiuum
1448 1369 1668 1427 similitudinem
1684 1370 1871 1441 accederent,

221 1486 224 1493 ·
257 1458 390 1518 rensibus
405 1454 685 1532 valebat,quoniam
700 1474 779 1513 suam
796 1454 919 1531 quisque
932 1455 1035 1511 malam
1083 1453 1153 1527 quia
1183 1454 1426 1529 quemadmodum
1455 1455 1589 1514 leonibus
1609 1470 1644 1514 -et
1667 1456 1762 1516 bubus
1788 1460 1871 1518 nihil

257 1564 370 1604 causam
389 1543 495 1601 bonam
508 1542 664 1615 reddebat,
685 1544 721 1599 de
735 1543 810 1599 mala
824 1562 910 1600 causa
923 1544 963 1599 ita
978 1544 1038 1600 dis-
1084 1540 1167 1597 leone
1194 1553 1223 1597 et
1248 1540 1326 1599 bove
1355 1543 1507 1620 pulchrius
1535 1547 1587 1611 sit,
1613 1544 1655 1601 sie
1695 1543 1872 1603 hominibus

256 1652 370 1705 serens,
381 1644 413 1688 ut
426 1630 504 1689 bona
518 1650 580 1688 esse
589 1629 740 1707 judicibus
753 1629 902 1687 videretur
916 1630 1037 1707 ipseque
1083 1626 1208 1685 humana
1229 1628 1321 1703 ligura
1344 1631 1474 1687 omnium
1498 1631 1694 1708 pulcherrima
1715 1632 1868 1693 videatur.

256 1724 352 1780 victor
365 1718 502 1796 ejudioio
514 1719 682 1776 discederet.
723 1716 808 1786 Quod
820 1718 965 1792 reliquum
980 1731 1034 1779 est.
1079 1715 1195 1783 Quibus
1209 1716 1359 1775 erroribus
1371 1737 1452 1781 suam
1468 1718 1504 1775 de
1516 1718 1619 1776 divina
1631 1732 1734 1777 natura
1747 1734 1871 1779 senten-

257 1825 386 1871 oratores
406 1807 496 1865 rerba
519 1807 655 1865 facientes
676 1808 708 1863 in
732 1806 812 1862 omni
837 1818 982 1862 conventu
1001 1818 1043 1862 ac·
1084 1803 1151 1859 tiam
1168 1803 1229 1880 ipso
1243 1824 1301 1860 non
1316 1805 1380 1863 sine
1398 1806 1508 1864 coelesti
1532 1807 1637 1864 mentis
1653 1808 1792 1865 instinctu
1810 1829 1871 1885 op·

256 1914 333 1959 coetu
355 1896 473 1975 publico
497 1915 581 1973 quem
611 1893 755 1971 πανήγυριν
791 1892 884 1951 Graeci
911 1908 1034 1965 vocant,
1082 1895 1177 1968 ponit.
1220 1892 1294 1949 Sunt
1307 1894 1385 1950 enim
1400 1895 1462 1951 haec
1473 1894 1537 1970 ejus
1551 1898 1643 1953 verba
1660 1895 1699 1974 (5)
1720 1918 1726 1952 :
1747 1923 1759 1946 ι
1779 1895 1871 1955 Unus

256 2008 346 2067 porro
362 1987 391 2043 in
410 1984 514 2061 quavis
535 1984 605 2041 festa
620 1982 807 2053 celebritate,
829 1983 859 2039 iu
873 1981 1036 2055 legationi·
1081 1993 1124 2038 est
1134 1981 1205 2039 deus
1219 1981 1338 2038 deorum
1354 1982 1563 2059 hominumque
1575 2002 1721 2056 summus,
1733 2004 1869 2042 neocor-

258 2075 312 2133 bus
328 2066 532 2143 obeundis,in
547 2071 704 2129 illustrium
723 2072 855 2128 virorum
872 2070 1035 2145 exsequiis,
1082 2088 1155 2143 pore
1174 2068 1347 2127 mortalibus
1362 2066 1468 2128 similis
1489 2089 1541 2128 nec
1557 2086 1662 2130 mente.
1705 2074 1796 2131 Totus
1816 2076 1871 2131 vi-

256 2162 381 2238 denique
398 2160 537 2217 incensis
558 2158 634 2235 apud
646 2157 760 2234 judices
775 2157 894 2233 agendis
906 2156 942 2214 ad
954 2176 1038 2231 argu·
1084 2156 1147 2228 det,
1172 2169 1250 2214 totus
1271 2158 1408 2232 intelligit
1432 2170 1567 2234 totusque
1590 2159 1680 2218 audit.
1724 2159 1777 2217 Sed
1798 2162 1872 2218 sine

257 2262 419 2307 mentorum
444 2246 613 2321 dignitatem
640 2246 859 2302 accommodare
887 2245 1036 2302 orationes
1082 2246 1198 2317 negotio
1223 2246 1326 2303 mentis
1358 2246 1388 2302 vi
1416 2258 1519 2302 cuncta
1541 2256 1701 2322 permovet.
1743 2250 1872 2323 Semper

256 2359 322 2399 suas
336 2358 368 2396 ac
384 2356 467 2395 suum
480 2337 585 2411 cuique
597 2334 641 2391 rei
653 2346 681 2389 et
694 2333 848 2411 proprium
859 2332 974 2390 dicendi
987 2353 1036 2407 ge·
1082 2334 1159 2389 enim
1172 2334 1323 2391 immotum
1336 2334 1437 2391 eodem
1450 2347 1524 2391 statu
1535 2354 1673 2407 manere,
1684 2354 1777 2412 neque
1789 2336 1872 2394 alias

174 2420 198 2431 ’”
256 2423 617 2486 nustribueredebebant.
659 2420 1035 2497 Suntenim,siquiselo-
1082 2422 1170 2478 malio
1185 2423 1282 2496 igrare
1295 2423 1480 2500 perspicuum
1496 2436 1548 2481 est.
1592 2429 1629 2481 ht
1643 2423 1777 2482 mortales
1791 2427 1870 2501 opi-

256 2514 382 2573 cationis
392 2512 563 2573 discrimina
575 2523 690 2583 tangere
699 2510 778 2578 velit,
792 2509 874 2585 plura
885 2528 1036 2566 causarum
1084 2521 1188 2566 uantur
1199 2510 1269 2567 deos
1281 2511 1413 2583 generari
1425 2510 1535 2588 pariter
1546 2526 1632 2585 atque
1647 2513 1738 2588 ipsos,
1754 2526 1871 2571 morta-

256 2620 361 2677 genera
385 2602 542 2679 pluresque
565 2599 729 2655 orationum
756 2597 855 2653 formae
877 2614 980 2669 magna
999 2616 1036 2653 ex
1083 2597 1163 2672 lique
1177 2616 1262 2654 sensu
1276 2587 1387 2655 et'voce
1407 2612 1436 2655 et
1450 2600 1542 2673 ligura
1555 2619 1618 2658 esse
1636 2602 1783 2677 praeditos.
1833 2604 1867 2660 Si

257 2702 338 2767 parte
349 2688 410 2765 jam
423 2708 440 2745 a
453 2686 595 2764 Sophistis
610 2686 746 2743 inventas.
790 2682 867 2740 lllud
878 2695 971 2739 autem
985 2682 1037 2739 ob·
1084 2702 1155 2741 vero
1169 2704 1272 2742 manus
1286 2676 1428 2742 haberent
1441 2685 1532 2745 bores
1543 2688 1590 2745 ‘vel
1605 2689 1719 2755 leones,
1734 2701 1783 2746 aut
1799 2690 1872 2765 pin·

257 2776 430 2835 serrandum
453 2774 531 2852 quod
553 2794 569 2831 a
591 2786 697 2830 nostrae
713 2772 805 2829 aetatis
828 2769 1038 2828 consuetudine
1083 2790 1150 2845 gere
1164 2771 1298 2830 manibus
1310 2785 1396 2848 atque
1409 2774 1507 2831 eadem
1521 2794 1586 2851 quae
1597 2774 1730 2833 homines
1747 2776 1872 2833 efficere

257 2866 409 2935 abhorret,
425 2865 457 2919 iu
481 2861 568 2922 rebus
590 2861 681 2917 sacris
697 2859 808 2916 nullum
831 2856 908 2934 apud
926 2871 1037 2915 veteres
1083 2874 1217 2935 possent,
1231 2861 1299 2937 equi
1314 2862 1426 2920 siuriles
1439 2864 1539 2939 equis,
1551 2863 1643 2921 boves
1658 2878 1752 2921 autem
1764 2863 1871 2922 bubus

259 2952 347 3010 luisse
361 2948 533 3026 eloquentiae
546 2950 653 3005 locum.
696 2946 811 3025 Quippe
826 2958 903 3002 totus
914 2942 1036 3002 deorum
1083 2949 1193 3008 similes
1200 2949 1320 3008 deorum
1332 2971 1449 3028 quoque
1461 2951 1567 3010 formas
1580 2952 1732 3030 pingerent
1741 2952 1873 3028 figuras-

257 3039 350 3096 cultus
361 3035 511 3093 sacrificiis
521 3077 530 3106 ,
543 3032 697 3111 precibus,
713 3032 888 3090 caet'lmonlls
903 3051 936 3088 ac
948 3049 1036 3088 vet'e-
1083 3057 1140 3113 que
1155 3039 1313 3096 formarent
1339 3039 1429 3114 tales,
1445 3042 1545 3116 quales
1565 3059 1619 3097 suo
1637 3039 1779 3118 cujusque
1796 3061 1871 3099 001·-

258 3124 364 3182 cundia
389 3123 512 3199 quadam
539 3119 753 3180 continebatur.
796 3120 850 3178 Sed
879 3119 939 3176 haec
965 3118 1035 3206 θος·
1082 3127 1148 3202 pori
1173 3127 1284 3184 similes
1306 3127 1413 3186 forent.
1440 3142 1452 3178 ν
1477 3127 1649 3206 Xenophani
1672 3141 1872 3187 consentanea

258 3225 351 3270 tenus.
1082 3211 1168 3270 babet
1180 3213 1368 3290 Empedocles
1379 3235 1409 3271 ν.
1421 3215 1552 3290 389-396
1567 3215 1714 3272 affirmans
1724 3213 1765 3293 (6)
1776 3215 1870 3274 deum

298 3298 429 3357 'franseo
457 3298 493 3356 ad
507 3316 554 3356 res
577 3296 691 3356 divinas
710 3315 727 3353 a
750 3295 895 3374 Sophistis
920 3307 948 3353 et
970 3296 1038 3356 aliis
1084 3319 1142 3357 non
1157 3319 1239 3372 esse,
1259 3314 1292 3358 ut
1304 3301 1409 3374 vulgus
1432 3303 1581 3379 opinetur,
1601 3302 1715 3360 mortali
1738 3322 1872 3379 corpore

258 3387 441 3468 philosophis
469 3398 648 3454 contemtas.
683 3384 846 3443 Herodotus
869 3383 907 3461 (3)
938 3398 1038 3442 auctor
1083 3389 1272 3464 instructum,
1294 3407 1388 3464 neque
1409 3391 1504 3448 oculis
1524 3389 1695 3448 manibusve
1717 3407 1803 3466 posse
1823 3404 1870 3448 at·

257 3489 300 3536 est
320 3476 478 3533 llomerum
502 3487 588 3551 atque
609 3472 785 3543 Hesiodum,
802 3493 875 3548 quos
896 3474 1037 3551 quadrin-
1084 3475 1175 3550 tingi,
1199 3476 1250 3534 sed
1270 3488 1395 3534 mentem
1417 3495 1479 3533 esse
1506 3491 1633 3534 sanctam
1652 3489 1681 3534 et
1700 3476 1869 3548 infinitam,

258 3565 352 3641 gentis
367 3577 433 3622 ante
450 3582 531 3622 suam
549 3573 659 3619 aetatem
676 3562 761 3619 annis
773 3561 919 3620 exstitisse
933 3563 1037 3640 opina·
1084 3562 1255 3620 universnm
1294 3563 1381 3621 celeri
1422 3564 1595 3638 cogitatione
1634 3576 1868 3640 percurrentem.

257 3666 316 3724 tur,
327 3653 440 3730 primos
450 3651 599 3710 historiam
612 3651 770 3708 fabularem
783 3649 822 3706 ita
831 3651 1036 3727 composuisse,
1085 3646 1163 3705 ldem
1178 3648 1218 3727 (ρ)
1236 3662 1331 3708 tamen
1349 3649 1460 3728 duplex
1476 3651 1596 3709 deorum
1614 3671 1705 3728 genus
1717 3651 1868 3724 distinxit,

257 3740 427 3799 acdeorum
452 3740 583 3798 omnium
606 3752 687 3797 ortus
707 3741 855 3796 memoriae
873 3738 1036 3813 traderent,
1084 3736 1207 3794 alterum
1245 3751 1396 3807 aeternum,
1422 3739 1600 3816 perlectum,
1623 3740 1868 3817 sanctissimum,

258 3847 342 3888 suurn
358 3821 463 3903 cuique
478 3845 584 3884 nomen
599 3826 717 3898 darent,
734 3827 799 3884 aliis
819 3827 892 3884 alios
912 3826 1038 3885 honores
1085 3844 1197 3882 summa
1217 3825 1343 3903 denique
1364 3828 1554 3904 conspicuum
1574 3826 1772 3897 beatitudine,
1796 3829 1871 3886 alte-

258 3929 286 3974 et
302 3915 425 3973 artificia
440 3914 619 3986 tribuerent,
635 3914 816 3990 singulorum
834 3914 961 3992 denique
978 3915 1039 3972 lor·
1086 3933 1150 3972 rum
1171 3914 1274 3990 fragile
1294 3927 1328 3972 et·
1340 3915 1497 3988 caducum,
1514 3929 1547 3974 ut
1566 3935 1584 3974 e
1608 3927 1724 3974 terrena
1746 3916 1870 3974 materie

258 4022 320 4061 mas
346 4001 447 4060 verbis
469 4001 669 4079 depingerent.
711 4001 805 4070 Quum
832 4003 923 4078 igitur
947 4016 1040 4080 poetae
1060 4029 1064 4049 ·
1087 4014 1319 4074 concretum‚ac
1329 4005 1436 4081 partim
1447 4003 1587 4062 diuturna
1595 4004 1870 4081 quidem,sednon
1955 4014 1956 4017 ’

289 4197 323 4260 (θ)
339 4196 400 4247 Vide
413 4197 552 4246 ciceronem
562 4195 587 4246 in
598 4197 673 4246 Bulla
685 4207 738 4257 cap.
751 4201 763 4246 7
778 4207 855 4258 seqq,
867 4195 902 4245 De
915 4196 976 4245 orti.
993 4194 1036 4244 lib.
1085 4198 1162 4259 μένειν
1175 4198 1310 4258 κινούμενον
1322 4199 1387 4248 οὐδέν
1396 4235 1403 4259 ,
1413 4199 1466 4248 οὐδὲ
1477 4201 1627 4263 μετέρχεσθαί
1638 4218 1676 4261 μιν
1689 4201 1811 4262 ἐπιπρέπει
1828 4202 1871 4249 ἆλ-

259 4271 282 4320 li
294 4275 391 4332 capell
404 4281 456 4330 seq.
471 4269 543 4326 alque
558 4266 612 4316 atita
625 4267 690 4316 locis.
1083 4270 1137 4317 λοτε
1148 4269 1216 4331 ἄλλῃ.
1226 4270 1294 4319 atat
1312 4273 1390 4333 βροτοί
1402 4272 1510 4320 δοκέουσι
1528 4273 1593 4328 θεοὺς
1612 4274 1736 4332 γεννᾶσθαι
1752 4271 1869 4335 [ὁμοίως]

289 4343 323 4402 (3)
338 4340 475 4390 Herodotus
487 4337 528 4388 tib.
544 4340 574 4398 ll,
586 4349 639 4398 cap.
652 4341 696 4386 53:
709 4337 819 4386 Ἡσίοδον
828 4337 872 4401 γὰρ
881 4338 922 4386 καί
930 4338 1037 4404 Ὀμτρον
1082 4340 1124 4398 τὴν
1135 4341 1244 4400 σφετέρην
1256 4341 1277 4388 τ’
1286 4342 1395 4399 αἱσδησιν
1409 4341 1470 4402 ἐχειν
1480 4342 1558 4403 ρωνήν
1566 4358 1592 4391 τε
1603 4343 1674 4405 δέμας
1684 4359 1719 4392 τε.
1731 4340 1791 4391 Ἀλλ’
1802 4343 1871 4392 titos

257 4412 348 4474 ἡλικίην
359 4410 531 4476 τετρακοσίοισι
546 4409 608 4458 ἔτεσι
616 4409 690 4458 δοκέω
703 4425 745 4471 μεν
756 4410 921 4473 πρεσόοτέρονς
930 4413 1037 4473 γενέσθαι
1083 4409 1159 4472 χεῖράς
1168 4409 1191 4468 γ’
1199 4411 1264 4474 εἶχον
1279 4412 1332 4473 βόες
1346 4413 1374 4471 ἠδ
1388 4413 1513 4471 hiemem
1526 4413 1614 4476 γράψαι
1633 4413 1739 4476 χείρεσσι
1753 4415 1794 4462 καί
1809 4414 1871 4475 ἔργα

258 4485 298 4533 καὶ
313 4483 341 4532 οδ
355 4484 446 4532 πλέοσι·
461 4481 526 4530 οὗτοι
549 4481 574 4529 δέ
592 4480 638 4528 είσι
657 4482 679 4528 σί
692 4479 829 4538 ποιήσαντες
848 4481 965 4541 θεογονίην
980 4482 1037 4532 'lil-
1084 4481 1154 4530 τελεῖν
1164 4479 1222 4544 ἅπερ
1233 4483 1311 4545 ἄνδρες
1318 4477 1406 4543 ,innoc
1426 4484 1467 4544 μὲν
1480 4482 1502 4531 θ’
1515 4484 1626 4542 ίπποισι,
1642 4484 1695 4544 βόες
1706 4483 1732 4532 δέ
1740 4499 1766 4532 τε
1782 4485 1870 4545 βουσὶν

260 4557 314 4614 λησι
324 4554 364 4603 καὶ
377 4545 439 4602 caica
449 4553 524 4601 θεοῖσι
536 4551 577 4608 τὰς
592 4551 725 4613 ἐπωνυμίας
738 4550 815 4606 δόντες
830 4553 870 4599 καὶ
883 4551 951 4614 τιμάς
960 4570 986 4602 τε
993 4556 1038 4604 ’καὶ
1083 4550 1165 4615 ὁμοίας
1176 4554 1216 4600 καί
1224 4569 1251 4602 κε
1261 4554 1319 4602 θεῶν
1329 4555 1391 4609 ἰδίας
1400 4553 1500 4617 ἔγραφον
1508 4556 1548 4603 καὶ
1558 4555 1652 4617 σώματ’
1662 4554 1756 4604 ἐποίουν
1765 4556 1868 4619 τοιαῦθ’,

258 4627 341 4688 τεχνας
352 4625 461 4680 διελόντες
476 4625 517 4672 καὶ
530 4622 594 4672 aliea
610 4623 687 4672 αὐτῶν
700 4623 851 4686 σημήναντες.
863 4649 895 4664 -
911 4624 945 4686 (θ)
956 4627 1037 4674 Xena-
1083 4621 1133 4670 οἷόν
1145 4625 1238 4685 περκαὶ
1257 4623 1322 4672 absol
1341 4625 1412 4685 δέμας
1428 4624 1493 4687 εἶχον
1508 4627 1598 4686 ὁμοῖον.
1613 4653 1644 4665 -
1658 4626 1692 4686 (δ)
1707 4625 1870 4685 empedocle

259 4696 350 4758 phanes
368 4696 451 4758 (τόμοι.
468 4700 492 4756 7,
511 4693 583 4743 roll
602 4705 654 4756 pag.
673 4697 738 4742 tot:
757 4691 834 4742 πάντα
847 4695 907 4750 θεοῖς
926 4695 1039 4754 ἀνέθηκαν
1084 4704 1111 4740 r.
1127 4693 1369 4756 3894396,νο1.1ρ.
1385 4697 1430 4743 ta:
1443 4695 1486 4743 οὐκ
1498 4695 1561 4744 ἔστιν
1574 4692 1701 4744 πιλάσασθ
1715 4694 1765 4744 οὐδ’
1778 4695 1871 4753 asto).-

259 4765 363 4830 Ὅμηρός
373 4765 392 4813 θ’
402 4765 509 4821 Ἠσίοδος
529 4781 555 4813 τε
573 4763 636 4813 icoc
653 4761 709 4826 παρ’
722 4763 875 4826 ἀνθρώποισιν
892 4764 981 4815 ὀνείδεα
1000 4772 1038 4817 καὶ
1085 4765 1162 4822 poton
1180 4763 1403 4826 munatianensis:
1423 4766 1520 4829 ἢχφσὶ
1534 4765 1628 4824 λαθεῖν,
1641 4766 1701 4828 hatti
1723 4781 1750 4824 'tt
1765 4765 1870 4826 μεγίστη

260 4837 331 4901 ψόγος
350 4836 413 4897 ἐστί,
432 4837 472 4884 καὶ
488 4834 577 4884 πλεῖστ’
591 4835 727 4897 ίρθίγξαντο
750 4836 810 4883 θεῶν
829 4835 950 4896 ἀθεμίστια
969 4838 1039 4901 ἔργα,
1083 4833 1175 4889 πειθοῦς
1197 4832 1351 4894 ἀνθρώποισιν
1372 4834 1482 4895 ἁμαξιτὸς
1499 4835 1531 4890 είς
1549 4836 1618 4898 φρένα
1632 4836 1722 4885 πίπτει.
1742 4837 1805 4886 Οὔτε
1821 4839 1870 4900 γὰρ

260 4910 375 4968 κλέπτειν,
394 4906 510 4970 μοιχεύειν
520 4923 546 4954 τε
559 4907 599 4954 καί
612 4904 723 4964 ἀλλήλους
740 4905 872 4954 ἀποτείνειν.
885 4931 916 4942 -
927 4907 961 4968 (5)
972 4908 1038 4956 ldetn
1084 4902 1197 4967 ἀνδρομέῃ
1211 4906 1298 4966 κεφαλῇ
1311 4904 1372 4953 κατὰ
1387 4910 1443 4967 γυῖα
1462 4907 1592 4968 κέκασται,
1606 4907 1634 4956 οὐ
1646 4908 1688 4969 μὲν
1702 4908 1761 4956 &nal
1780 4910 1872 4960 νώτστο

260 4977 277 5028 l.
291 4991 312 5028 o.
325 4976 410 5039 fragm.
428 4978 468 5024 ί·θ
481 4988 534 5036 pag.
550 4981 590 5024 tot
603 4987 664 5036 seq:
679 4976 711 5031 τίς
723 4977 772 5031 θεός
786 4975 810 5024 ἐν
823 4991 850 5024 τε
861 4977 934 5026 θεοῖσι
949 4979 1040 5027 καλόν·
1084 4978 1126 5026 δόσ
1143 4979 1224 5028 κλάδοι
1242 4979 1380 5041 ἀΐσσονται,
1401 4981 1430 5029 οθ
1445 4980 1527 5043 πόδες,
1543 4983 1571 5030 σὺ
1590 4982 1633 5030 θοὰ
1650 4984 1727 5042 γοῦν,
1743 4984 1773 5032 οδ
1790 4985 1872 5046 μήδεα

260 5048 373 5111 θρώποισι
387 5045 509 5109 μέγιστος,
521 5043 652 5107 οὗτεδὲμας
665 5046 781 5103 θνητοῖσιν
791 5046 879 5109 ὁμοίιος
889 5047 943 5098 οὗτε
953 5049 1038 5110 νόημα.
1085 5049 1229 5111 λαχνήεντα,
1243 5050 1302 5099 ἀλλὰ
1315 5051 1373 5113 ρρὴν
1390 5052 1439 5114 ἱερὴ
1457 5053 1499 5099 καὶ
1518 5052 1646 5114 disspero<
1663 5053 1748 5102 iniero
1769 5060 1871 5116 μοῦνον,
1955 5100 1956 5103 ,

261 5116 335 5173 οὖλος
349 5117 407 5180 δρᾷ,
427 5112 494 5171 οὖλος
512 5114 536 5163 δὲ
552 5122 615 5176 νοεῖ,
631 5114 696 5171 οὖλος
711 5117 736 5165 δι’
756 5115 776 5164 τ’
796 5117 960 5168 ennaranti·
979 5117 1038 5167 ἀντά-
1084 5120 1186 5182 φροντίσι
1200 5120 1290 5184 κόσμον
1303 5120 1396 5169 ἅπαντα
1415 5122 1579 5172 καταίσσονσα
1591 5125 1683 5186 θοῇσιν.
1701 5155 1732 5166 -
1745 5125 1779 5187 (t)
1799 5125 1869 5174 Vide

260 5188 326 5236 ντνθε
338 5185 420 5236 πόνοιο
428 5184 483 5234 νόον
495 5185 558 5247 φρεσί
569 5184 646 5234 πάντα
654 5186 780 5250 κραδαίνει.
791 5188 840 5236 Alei
853 5185 874 5236 δ’
884 5187 908 5236 iv
921 5189 1000 5252 ταύτῷ
1010 5205 1036 5238 τε
1084 5189 1274 5241 dissertationem
1287 5191 1318 5242 de
1330 5191 1476 5255 Empedocle
1491 5193 1515 5243 ln
1528 5194 1590 5245 Phil.
1605 5196 1685 5257 Gracc.
1704 5198 1800 5258 Frasstn.
1816 5195 1870 5244 vol.
