3959 5925
758 411 1002 474 FRAGMENTA
1022 411 1157 472 vaula,

160 556 186 611 έν
200 551 246 629 μὲν
257 557 313 616 ταῖς
321 548 507 628 δημοκρατίαις
518 548 547 605 ίκ
555 543 696 619 πάντων,η
707 542 829 622 αῑρίσειῆ
839 544 938 625 κλήρῳ·

160 644 186 699 ἐν
198 638 225 697 δέ
239 646 296 703 ταῖς
310 635 471 716 ὀλιγαρχίαις
485 637 514 693 ἐκ
523 637 575 692 τῶν
588 632 755 713 cleopiceto
769 632 797 691 δὲ
812 640 870 698 ταῖς
881 634 937 711 ἀρι·

160 726 325 806 στοκρατίαις
341 725 370 783 ἐκ
380 726 432 782 τῶν
448 723 571 803 ἀρίστων.
615 720 725 787 Στάσεις
739 721 762 778 δ’
778 722 804 779 ἐν
817 728 873 786 ταῖς
887 718 939 778 πά-

160 818 217 893 λεσι
238 812 370 890 γίγνεσθαι
383 809 429 876 τδις
441 810 488 887 μὲν
503 807 679 885 κατὰλόγον,
695 808 742 874 τάς
754 806 782 865 δέ
800 805 869 864 κατδι
887 808 940 866 πά-

160 906 212 967 θος.
268 896 344 959 Κατά
355 896 430 975 λύγον
443 894 505 973 μέν,
516 894 578 954 ὅταν
591 896 615 953 οἱ
628 892 682 953 ίσοι
693 893 764 959 ὄντες
778 892 855 951 άνισα
870 892 939 971 ἔχειν

152 986 367 1063 ἀναγκάζωνται·
380 984 448 1043 κατὰ
457 980 538 1048 πάθος
550 980 595 1055 δέ,
608 978 651 1039 διά
659 979 751 1057 τιμήν,
762 976 779 1051 ἢ
790 980 940 1060 φιλαρχίαν,

160 1074 178 1145 ἢ
193 1075 297 1154 κέρδος,
311 1070 329 1143 ἢ
342 1070 474 1149 εύπορίαν.
502 1068 687 1131 ίίαταλύεσθαι
706 1066 732 1126 δέ
746 1067 792 1133 τίς
809 1066 940 1133 πολιτείας

159 1158 204 1221 διδ
216 1160 261 1220 δύο
281 1156 377 1229 αίτίας,
392 1157 410 1229 ἢ
427 1148 522 1238 β’ίφ,ἢ
544 1155 644 1236 ἀπάτῃ.
700 1155 890 1235 Μονιμωτίρας
901 1153 940 1189 ²¹⁸

162 1248 189 1308 δὲ
203 1247 335 1327 γίγνεσθαι
356 1252 403 1305 τοῶ
425 1248 499 1323 κοινξῖΙ
525 1244 704 1324 συμφέροντος·
722 1242 939 1319 ἐπιμελουμένας.

161 1334 325 1413 Λικαστήρια
340 1332 382 1407 δέ,
394 1333 440 1392 καί
453 1330 644 1411 βουλευτήρια,
659 1331 706 1389 καί
724 1330 882 1409 ἐκκλησίας,
896 1332 941 1389 καί

163 1422 246 1503 ἀρχὰς
265 1421 401 1502 διωρίσθαι
416 1428 474 1488 ταῖς
491 1420 634 1486 πολιτείαις
654 1417 761 1485 οἰκείως.
818 1418 942 1479 Κοινοτά-

162 1533 209 1575 τας
245 1510 268 1567 δ’
296 1508 379 1589 ἀρχάς
402 1495 468 1567 εἶναι
497 1506 638 1587 ἱερωσύνην
659 1508 739 1577 θεῶν,
764 1503 940 1584 στρατηγίαν,

161 1596 319 1677 ναυαρχίαν,
342 1594 535 1677 ἀγορανομίαν,
551 1592 779 1672 γυμνασιαρχίαι,
791 1614 940 1670 γυναικονο·

160 1685 235 1763 μίαν,
252 1682 439 1763 παιδονομίαν,
455 1681 625 1759 ἀστυνομίαν,
646 1680 778 1757 ταμιείαν,
792 1682 943 1760 νομοφυλα-

163 1772 236 1845 κίαν,
249 1770 437 1852 πρακτορείαν.
479 1768 588 1831 Τούτων
613 1770 636 1827 δ’
656 1758 722 1828 εἶναι
741 1767 788 1835 τάς
802 1768 850 1845 μὲν
874 1766 942 1826 κατά

160 1860 265 1931 πόλεις,
278 1858 324 1926 τάς
338 1858 365 1917 δὲ
379 1858 449 1917 κατά
463 1858 599 1934 πόλεμον,
620 1858 667 1923 τάς
678 1856 705 1914 δὲ
719 1857 779 1934 περί
791 1855 849 1922 τοὺς
862 1854 941 1932 λιμέ·

74 2012 76 2019 ,
162 1972 209 2015 νας
225 1947 271 2007 καί
284 1946 331 2015 τάς
356 1946 492 2025 ίμπορίας.
544 1943 728 2006 Πολιτικοῶδ
753 1944 844 2024 ἀνδρὸς
868 1942 941 2027 ἔργον

163 2026 229 2095 εἶναι
242 2034 286 2100 καί
302 2036 332 2095 τὸ
347 2036 486 2114 διορθῶσαι
505 2032 657 2104 πολιτείαν,
673 2030 689 2090 δ
703 2031 770 2091 πολὺ
784 2029 942 2111 χαλεπώτε-

161 2146 206 2203 ρον
221 2123 340 2205 φαίνεται
349 2126 394 2180 τοῦ
405 2120 502 2180 κτίσαι·
518 2120 563 2179 καὶ
578 2121 607 2179 τὸ
624 2120 756 2195 διανεῖμαι
768 2126 815 2179 τοῦ
829 2117 944 2190 πλήθους

163 2216 214 2271 τῶν
225 2210 367 2289 ἀνθρώπων
381 2209 411 2268 τ“ο
426 2208 473 2285 μὲν
486 2209 552 2289 πρὸς
569 2212 735 2286 τάναγκαῖα,
749 2208 779 2268 τδ
791 2207 819 2266 δὲ
831 2207 896 2286 πρὸς
909 2208 943 2265 τά

844 2294 883 2331 ali
932 2296 938 2317 ί

159 2301 305 2361 σπουδαῖα.
357 2296 538 2376 Δημιουργοίις
558 2294 672 2374 μὲνγὰρ
690 2300 830 2367 καὶθῆτας
896 2318 942 2354 και

161 2388 306 2467 γεωργούς,
325 2386 371 2445 καὶ
387 2384 533 2465 ἐμπόρους,
551 2384 616 2462 πρὸς
628 2382 658 2441 τὸ
672 2384 831 2461 ἀναγκαῖον,
844 2383 940 2469 ὑπηρέ-

159 2576 209 2627 alia
221 2576 322 2638 denique
334 2588 374 2625 ara
385 2573 546 2637 imperatoria.
563 2578 598 2623 Ac
612 2573 712 2635 privatae
721 2571 828 2634 quidem,
844 2572 871 2620 ut
882 2570 943 2632 dixi,

161 2664 221 2714 ritae
233 2664 293 2713 ratio
305 2665 342 2713 eat
359 2674 458 2713 auarum
470 2674 549 2712 rerum
562 2662 587 2710 et
596 2660 691 2711 tamiltm
703 2672 775 2722 cura,
788 2659 866 2721 legum
884 2658 959 2708 lato·

161 2752 306 2807 ιιίιιίειευίιιε
321 2765 376 2801 vero
392 2763 511 2801 novarum
532 2750 612 2812 legum
627 2748 810 2799 sanciendarum
828 2747 942 2809 scientia,

983 564 1030 611 τας
1043 542 1094 624 γάρ
1111 534 1178 601 εἶναι
1194 549 1249 609 τοῖς
1266 544 1409 616 πολιτικοῖς
1423 542 1537 610 τούτους·
1557 543 1587 602 τὸ
1601 541 1629 601 δέ
1644 544 1763 625 μάχιμον

984 640 1037 689 πᾶν
1051 631 1096 691 καὶ
1110 630 1274 711 βουλευτικὸν
1286 629 1442 710 κυριύντερον
1465 622 1547 703 εἶναι,
1562 632 1605 690 διὰ
1622 632 1652 691 τὸ
1669 636 1764 712 ἀρετῆς

985 720 1181 795 ἐπιμελεῖσθαι,
1201 716 1322 796 καὶπερὶ
1342 716 1375 775 τά
1389 717 1459 775 καλὰ
1477 720 1642 787 σπουδάζειν.
1655 718 1764 779 Τούτων

985 806 1013 865 δί
1027 806 1057 866 τὸ
1071 807 1119 884 μίν
1130 806 1306 884 πρεσθύτερον
1318 805 1523 884 ’προὸουλεθειν,
1538 805 1567 864 rb
1580 805 1607 863 δὲ
1616 806 1765 886 γεραρώτε-

986 916 1029 974 ρον
1041 892 1191 974 θεραπεύειν
1204 892 1234 951 rb
1248 896 1331 963 θεῖον,
1342 891 1372 950 τὸ
1383 889 1411 949 δί
1424 891 1479 951 νέον
1490 891 1561 951 άπαν
1577 895 1763 972 προπολεμεῖν.

985 978 1092 1052 Ταύτην
1115 982 1137 1039 δ’
1161 978 1274 1059 ἀρχαίαν
1296 970 1450 1039 εἶναιπάνυ
1474 979 1522 1052 τὴν
1539 979 1664 1053 διάταξιν,
1681 984 1766 1058 Aipu-

985 1069 1068 1127 πτίων
1078 1067 1189 1149 πρῶτων
1200 1066 1452 1141 καταστησαμένων,
1467 1070 1605 1127 πολιτικῶν
1617 1066 1644 1126 δί
1655 1068 1700 1127 καί
1714 1072 1766 1128 τῶν

986 1156 1073 1215 ἄλλων
1094 1158 1144 1235 οὐχ
1162 1147 1250 1227 ἦττον·
1267 1156 1313 1213 καί
1332 1154 1363 1213 τὸ
1386 1153 1420 1212 τά
1435 1154 1492 1233 ἱερά
1515 1160 1568 1215 τῶν
1586 1157 1650 1215 θεῶν
1667 1158 1694 1215 ἐν
1714 1158 1768 1224 τοῖς

986 1243 1201 1322 ἐπιφανεστάτοις
1215 1242 1442 1322 ίδρῶσθαιτύποις·
1456 1242 1501 1300 καὶ
1515 1244 1546 1303 τὸ
1559 1248 1606 1315 τῆς
1619 1246 1671 1302 τῶν
1694 1245 1766 1303 ἰδιω-

985 1332 1037 1388 τῶν
1054 1328 1144 1410 χώρας
1157 1327 1187 1387 τδ
1206 1329 1254 1405 μὲν
1268 1327 1356 1410 ἕτερον
1371 1329 1437 1410 πρὸς
1452 1334 1509 1398 ταῖς
1527 1334 1662 1411 ἐσχατιαῖς
1679 1334 1765 1392 διατε·

986 1416 1101 1495 τάχθαι,
1122 1417 1153 1475 τὸ
1170 1418 1192 1476 δ’
1205 1418 1292 1497 ἕτερον
1308 1418 1371 1497 πρὸς
1385 1422 1419 1496 τῇ
1434 1419 1527 1490 πόλει,
1540 1418 1584 1477 ἵνα
1600 1420 1644 1479 δύο
1663 1421 1767 1501 κλήρων

986 1505 1089 1583 ἑκάστῳ
1109 1504 1289 1581 νεμηθέντων,
1312 1506 1448 1586 ἀμφύτερα
1468 1508 1501 1565 rb
1521 1507 1588 1586 μέρη
1611 1513 1657 1579 τῆς
1679 1498 1769 1588 χώρας

987 1592 1133 1651 εύσύνοπτα
1145 1592 1403 1672 ύπάρχη.Χρήσιμον
1416 1594 1444 1653 δὲ
1456 1596 1500 1653 καί
1510 1595 1691 1670 τδνομοθετεῖν
1705 1620 1767 1656 συσ·

987 1679 1058 1738 σίτια
1071 1681 1211 1749 ποιεῖσθαι,
1224 1680 1312 1738 καὶτὸ
1325 1679 1385 1760 περὶ
1406 1684 1453 1753 τῆς
1472 1686 1559 1753 κοινῆς
1579 1682 1698 1751 παιδείας
1716 1688 1768 1741 τῶν

987 1768 1084 1827 τέκνοιν
1099 1766 1261 1834 σπουδάζειν·
1273 1765 1319 1825 καὶ
1333 1766 1363 1823 τὸ
1374 1767 1438 1847 πρὸς
1447 1766 1494 1839 τὴν
1506 1770 1598 1848 ῥώμην
1613 1773 1664 1828 τῶν
1677 1772 1770 1848 σωμά-

987 1847 1039 1913 των
1049 1855 1095 1914 καί
1107 1855 1259 1927 τελειότητα
1269 1856 1320 1913 δεῖν
1329 1853 1397 1932 μήτε
1405 1854 1538 1935 νεωτέρων
1550 1856 1616 1932 ἀγαν
1627 1857 1695 1934 μήτε
1703 1881 1769 1937 πρε·
1820 1888 1824 1902 =

988 1939 1120 2021 σάυτέρων
1130 1941 1188 2009 τοὺς
1201 1941 1301 2019 γάμους
1313 1946 1460 2020 ποιεῖσθαι,
1473 1945 1554 2014 ἀτελῆ
1564 1942 1614 2027 γάρ
1635 1945 1769 2024 γίγνεσθαι

987 2034 1047 2089 κατ’
1063 2030 1211 2111 ἀμφοτέρας
1232 2028 1276 2097 τὰς
1300 2030 1404 2100 ἡλικίας
1428 2030 1475 2089 καί
1495 2031 1600 2098 τελείως
1620 2035 1715 2106 ἀσθενῆ
1735 2033 1769 2093 τά

989 2116 1095 2197 ἔκγονα.
1127 2118 1182 2179 Καὶ
1197 2118 1227 2176 τὸ
1238 2122 1386 2193 νομοθετεῖν
1396 2118 1424 2177 δί
1439 2118 1520 2197 μηδὲν
1535 2122 1668 2200 ίκτρέφειν
1680 2146 1769 2194 πεπη-

990 2208 1117 2284 ρωμένον,
1144 2208 1205 2281 μηδ’
1230 2206 1359 2265 ἐκτιθέναι
1387 2205 1497 2280 τέλειον,
1524 2207 1585 2285 μηδ’
1610 2209 1769 2287 ίὶαμθλοῶν,

990 2294 1193 2376 συμφορώτατον
1216 2294 1309 2365 δήπου.
1352 2294 1406 2355 Καὶ
1431 2299 1483 2354 τῶν
1508 2297 1557 2374 μὲν
1573 2300 1714 2359 πολιτικῶν
1735 2300 1770 2359 τδι

989 2382 1120 2461 κεφάλαια
1134 2388 1219 2441 ταῶτα
1228 2379 1278 2440 ²⁸⁰.

988 2571 1177 2632 institutionem,
1188 2570 1342 2631 aedilitatem,
1354 2574 1519 2634 plumaturam,
1533 2574 1614 2636 legum
1625 2576 1769 2639 custodiam,

988 2660 1142 2721 pecuniarum
1153 2660 1312 2709 exacb'onem.
1338 2660 1432 2709 tiorum
1445 2660 1627 2721 magistratuum
1645 2662 1705 2713 atioc
1718 2675 1771 2714 aare

989 2750 1106 2812 urbanos,
1118 2750 1178 2799 alios
1188 2750 1311 2811 militares,
1322 2750 1381 2799 alioo
1390 2749 1494 2813 denique
1503 2751 1566 2800 circa
1574 2754 1656 2814 portua
1667 2754 1694 2802 et
1704 2766 1772 2804 mer·

1706 424 1758 477 101
1839 461 1843 468 .

159 2846 247 2893 contra
263 2841 341 2891 ciritis
356 2836 945 2903 prudentiareipublicmadministratio,deniqne
988 2839 1097 2887 τείσεται
1112 2838 1210 2887 vernari.
1239 2838 1294 2886 Jam
1308 2837 1423 2887 reroviri
1436 2837 1609 2901 rempublicam
1621 2842 1769 2902 capeasentis

158 2941 203 2980 ars
216 2926 369 2991 imperatoria
379 2925 549 2989 contemplatio
563 2928 588 2974 et
601 2923 775 2975 administratio
786 2934 867 2974 rerum
877 2934 944 2973 exer·
990 2937 1042 2976 ease
1057 2917 1186 2976 emenmre
1205 2925 1278 2976 ctiam
1294 2924 1434 2986 civitatem,
1462 2925 1528 2989 quod
1549 2927 1626 2977 rnulto
1648 2927 1771 2980 difficilior

163 3015 223 3066 citui
236 3013 340 3064 utilium.
354 3015 486 3063 balantem
504 3024 598 3062 necesse
610 3011 649 3060 vel
665 3023 740 3060 unum
753 3009 790 3060 vel
803 3022 893 3072 pancos
907 3010 944 3060 rel
993 3015 1106 3065 rideatur
1116 3029 1189 3078 qoam
1202 3028 1256 3065 eam
1264 3015 1384 3077 οοιιθοιες
1397 3029 1442 3066 nec
1459 3029 1507 3066 non
1522 3016 1622 3066 alteram
1635 3017 1769 3067 multitudi-

158 3114 249 3153 omnm
258 3100 380 3150 civitatem
391 3100 521 3162 gnbernare
531 3135 540 3158 ,
551 3101 622 3160 atque
632 3099 717 3148 borum
725 3097 816 3160 singula
827 3100 870 3146 aut
882 3099 945 3148 recte
990 3103 1027 3151 nis
1040 3106 1132 3164 partem
1146 3102 1177 3151 ad
1193 3103 1343 3173 necessaria,
1354 3103 1456 3152 alteram
1473 3103 1503 3152 ad
1523 3103 1623 3154 boneata
1640 3104 1770 3157 adducere.

165 3191 207 3239 aut
215 3186 610 3248 aecuaschabereiiectequiuem,
622 3199 696 3248 qurum
704 3179 824 3249 principes
836 3197 943 3234 commu·
990 3191 1095 3252 opiticca
1120 3191 1199 3248 enim,
1215 3191 1387 3251 mercenarioa,
1410 3190 1542 3253 agricolae,
1570 3196 1716 3243 mercatores
1739 3194 1771 3243 ari

161 3276 333 3336 nemspeclant
339 3273 551 3335 utilitatem,aecua
557 3285 613 3322 rero
619 3285 693 3334 quarm
702 3271 835 3335 propriam3
844 3284 944 3332 pravum
990 3277 1123 3327 ncreaaarie
1137 3277 1234 3340 reterri,
1248 3278 1305 3339 quia
1322 3277 1349 3326 lrl
1361 3277 1462 3327 multam
1473 3291 1571 3341 operam
1584 3285 1609 3330 ct
1631 3280 1768 3343 reipublicae

159 3366 308 3412 autem-csse
320 3363 378 3410 recti
388 3361 550 3412 violationem.
563 3364 598 3410 Ac
610 3373 707 3423 regnum
720 3359 827 3422 quidem,
842 3360 953 3430 optima·⁵
989 3364 1073 3415 utilem
1088 3365 1224 3427 μιαίνεται,
1240 3367 1266 3414 al
1279 3366 1366 3416 militen
1381 3379 1465 3417 omnes
1478 3380 1507 3416 ac
1531 3373 1655 3418 aenatorer
1680 3369 1771 3430 primo·

163 3448 224 3498 tium
238 3448 389 3498 dominatum
409 3451 434 3498 et
456 3448 594 3511 popularem
618 3434 837 3510 rempublicam'ad
850 3451 943 3498 rectum
989 3465 1029 3503 rea
1049 3453 1156 3503 civitatis
1182 3453 1282 3515 baberi,
1303 3466 1379 3515 quum
1402 3456 1427 3504 et
1451 3455 1565 3505 virtulem
1580 3455 1661 3505 colant
1681 3458 1707 3506 et
1732 3445 1788 3507 re·'

162 3537 278 3598 tondere3
297 3536 448 3598 tyrannidem
460 3549 528 3598 vero,
544 3548 674 3599 paucorum
690 3535 819 3596 potentiam
830 3539 855 3585 el
867 3534 945 3598 plebia
990 3543 1035 3593 bus
1048 3542 1169 3605 praeclar-is
1182 3542 1301 3593 madeant.
1341 3546 1378 3593 lix
1391 3543 1429 3592 bia
1439 3557 1509 3595 senec
1525 3545 1622 3607 quidem
1633 3546 1770 3611 concutere,

163 3621 292 3684 imperium
305 3623 371 3685 aequi
384 3635 497 3685 pravum.
526 3622 672 3681 Quinetiam
684 3622 946 3684 mixtumquodrlame
990 3628 1113 3691 majestate
1124 3629 1270 3680 venerabiles
1281 3629 1326 3679 diia
1341 3629 1520 3681 immortalibus
1537 3631 1630 3681 cultum
1646 3623 1769 3696 adbibere,

161 3707 235 3758 bonis
247 3708 349 3774 ciuitatis
357 3710 482 3772 generibus
496 3710 623 3773 imperium
634 3709 742 3760 multari.
771 3713 846 3759 Porro
857 3709 945 3760 mutari
988 3716 1089 3778 juvenes
1108 3716 1211 3777 denique
1226 3719 1327 3766 cunctos
1349 3729 1393 3778 pro
1411 3716 1494 3778 patrie
1518 3717 1594 3767 salute
1613 3731 1769 3780 propugnare,

135 3826 138 3833 ,
158 3797 945 3861 ¹accepenumeroreipublicosinmeliucreldeterius.0mninorero
990 3805 1080 3852 verum
1098 3815 1154 3850 cnm
1169 3802 1232 3850 lianc
1247 3801 1493 3864 rerumpublicarum
1507 3802 1705 3854 constitutionem
1724 3805 1768 3856 arl-

165 3883 281 3946 optimum
293 3897 344 3934 esse
353 3885 474 3935 civilatem
482 3898 537 3947 qum
547 3873 645 3935 troneele
656 3884 809 3946 gubernetur,
819 3885 945 3948 pessimam
990 3891 1089 3940 modum
1101 3890 1225 3952 uniquam
1237 3903 1291 3940 eoae
1307 3902 1410 3952 eamque
1422 3891 1527 3954 primum
1541 3892 1573 3941 ab
1584 3893 1700 3956 AEgyptiic
1712 3907 1769 3956 pro.

159 3983 221 4034 'quae
231 3973 333 4036 turpiter
349 3976 452 4036 regatur.
467 3975 633 4036 lingislralum
645 3975 727 4023 autem
737 3985 821 4035 gerere
832 3985 861 4022 ac
873 3986 944 4023 aena·
990 3974 1092 4037 tectam,
1109 3977 1160 4024 tum
1174 3974 1321 4038 reliquorum
1335 3990 1434 4040 quoqne
1454 3990 1509 4039 que
1530 3977 1561 4027 ad
1577 3979 1700 4030 civitatem
1715 3993 1771 4043 spe·

164 4064 230 4109 tores
240 4062 265 4110 et
276 4060 369 4120 jndices
380 4060 468 4111 esseio
486 4062 595 4124 populari
616 4061 737 4124 republica
753 4061 817 4110 riroc
835 4061 945 4110 exomni
990 4063 1073 4124 ciant,
1093 4062 1162 4112 rerbi
1180 4063 1270 4124 gratia,
1287 4066 1315 4112 ul
1328 4063 1429 4113 deorum
1447 4065 1538 4128 templa
1556 4066 1693 4117 claricainrla
1712 4067 1771 4119 locta

164 4147 255 4197 civium
264 4162 365 4198 numero
376 4148 414 4198 vel
423 4139 538 4199 electione
548 4151 585 4200 rel
593 4151 656 4200 sorta
667 4149 802 4212 ductos3in
814 4161 946 4212 paucorum
990 4157 1146 4215 ponerentur,
1166 4154 1243 4214 utque
1262 4153 1413 4214 privatorum
1433 4153 1485 4214 agri
1508 4154 1597 4216 partim
1617 4156 1641 4204 in
1662 4160 1771 4206 extrema

165 4237 270 4299 potentia
285 4237 394 4288 homines
408 4253 436 4288 err
449 4238 569 4299 divitum,
582 4240 770 4304 inoptimaliunp
781 4239 904 4290 dominatu
916 4253 946 4290 ex
990 4238 1085 4301 regione
1100 4239 1186 4301 parlim
1208 4238 1238 4287 ad
1264 4240 1337 4289 urbea
1351 4239 1497 4301 locarentur,
1519 4255 1570 4304 qno
1591 4242 1686 4292 inciliua
1708 4243 1771 4293 binis
1854 4257 1860 4266 ·

163 4324 319 4386 optimatium
338 4339 447 4378 nurnero.
486 4327 609 4377 Praeterea
631 4328 796 4378 aedilionoain
811 4328 947 4378 civitatibus
989 4330 1120 4393 unicuique
1135 4330 1295 4393 tributlaagri
1309 4332 1572 4395 portionibuentraque
1593 4333 1695 4394 regionis
1717 4346 1772 4396 para

170 4413 323 4474 partimoum
338 4414 438 4477 ratione,
451 4415 703 4477 partimcumaiiectu
724 4415 844 4466 concitari.
884 4403 946 4465 Cum
990 4417 1155 4480 impioeretur.
1178 4418 1295 4468 Praeterea
1310 4406 1368 4469 utile
1386 4420 1485 4481 eallege
1500 4420 1601 4482 sancire,
1617 4424 1643 4470 ut
1662 4420 1772 4471 sodalitia

159 4499 258 4549 ratione
266 4500 374 4564 quidem,
384 4501 482 4564 quando
494 4503 598 4566 aequalea
608 4503 638 4552 ad
651 4503 778 4564 inaequalia
790 4503 930 4566 rediguntur
937 4520 946 4565 ;
990 4506 1145 4557 instituantur
1155 4509 1181 4557 et
1191 4508 1326 4557 communis
1338 4507 1470 4558 liberorum
1484 4505 1632 4558 adubaflonis
1644 4521 1702 4558 cora
1713 4521 1772 4571 aga·

157 4599 222 4636 -cum
235 4587 323 4638 ellectu
345 4603 401 4640 roro
423 4589 454 4638 ab
473 4591 502 4641 iia
517 4590 568 4653 qui,
582 4591 718 4652 honorum,
739 4591 847 4654 imperii,
876 4591 946 4653 lucri,
990 4596 1040 4655 tur,
1055 4607 1100 4644 nec
1111 4607 1160 4644 non
1178 4607 1306 4658 corporum
1322 4595 1414 4646 roboria
1429 4598 1455 4645 et
1474 4595 1624 4657 perlectionis
1635 4608 1722 4657 cauca,
1741 4609 1773 4646 na

165 4687 240 4737 opum
249 4675 381 4738 cupiditate
398 4678 536 4728 trabuntur.
549 4678 630 4728 Everti
640 4680 722 4728 autem
735 4678 842 4728 civitatee
854 4678 947 4729 duabus
988 4683 1054 4745 justo
1065 4682 1172 4744 juniores
1183 4696 1245 4734 nare
1258 4684 1363 4734 seniores
1383 4684 1536 4734 matrimonio
1551 4684 1691 4748 jungantur,
1706 4685 1772 4749 quod

167 4762 317 4820 rationibus,
329 4766 372 4814 aut
383 4765 407 4814 ri
417 4767 460 4814 aut
468 4765 532 4815 dolo.
545 4768 582 4815 lia
593 4765 631 4815 bia
643 4766 804 4817 αἰσθανοίατο
814 4779 870 4829 qma
878 4778 945 4816 com·
990 4769 1118 4832 utriusque
1130 4773 1209 4821 aetalia
1222 4776 1347 4834 parentum
1362 4772 1441 4834 proles
1460 4771 1578 4822 imbecilla
1596 4777 1670 4836 almre
1681 4775 1772 4837 imper·

167 4851 233 4899 moni
246 4853 343 4904 utilitati
357 4855 472 4904 serviant.
488 4854 581 4904 iudicia
595 4868 667 4917 vero,
680 4855 771 4916 curias,
786 4856 912 4906 conciones
922 4859 947 4905 et
991 4857 1115 4908 lectatial.
1132 4857 1273 4920 addequou
1286 4860 1369 4921 utique
1383 4858 1523 4922 reipublice
1543 4860 1647 4911 maxime
1660 4863 1773 4913 conducit
1873 4875 1879 4893 ·

158 4939 318 5000 vmagistratus
338 4953 382 5002 pro
399 4941 541 5004 reipublice
560 4942 778 5003 peneremnstilui.
824 4934 946 4994 Caeterum
991 4947 1089 4995 cautum
1106 4958 1157 4995 case
1171 4947 1195 4995 in
1215 4946 1320 5008 legibue,
1341 4960 1372 4996 nc
1385 4947 1424 4998 rel
1443 4947 1523 4996 mutili
1543 4949 1773 5002 intanteatoltantur

161 5025 373 5088 trequentiaaimoa
387 5031 539 5093 magistratui
551 5043 602 5088 ecee
620 5030 752 5080 sacerdotia
764 5029 945 5094 doommpmc·
990 5033 1217 5096 atqueeducentur,
1236 5034 1275 5084 vel
1296 5035 1381 5096 integri
1398 5038 1423 5085 ot
1439 5035 1540 5097 perlecti
1563 5039 1714 5100 exponantur
1733 5039 1771 5090 rel

168 5115 259 5176 turam,
273 5115 510 5182 classiaimperium‚
524 5130 626 5168 annone
643 5117 948 5181 proctectrrram‚gymnasii
994 5121 1093 5171 abortus
1108 5121 1175 5171 bant.
1211 5124 1288 5185 Atque
1304 5123 1356 5172 Ιιαιο
1368 5123 1466 5185 quidem
1477 5122 1508 5174 de
1520 5125 1641 5188 republica
1652 5128 1772 5190 precipua

158 5199 529 5268 ‚gubernationemsmodmliae
553 5206 691 5258 matronalis
713 5217 812 5269 curam,
832 5206 947 5270 puerilem
993 5208 1376 5262 notandaccaearbitratuasum.
1617 5187 1623 5198 ⁴
