3959 5925
775 383 937 446 lefAEUS
957 386 1151 445 Platonis
1715 395 1767 448 tit

163 523 303 587 corporibus
316 520 461 579 inserentur,
472 528 635 580 corporeaque
644 515 750 578 supellex
764 515 828 565 varie
840 505 945 565 mutabi·
969 516 974 526 '
989 517 1088 566 modum
1103 516 1226 579 patefactis
1242 518 1268 566 et
1282 517 1412 579 expositis,
1424 529 1453 566 ue
1473 529 1520 579 qua
1535 530 1607 579 penos
1622 531 1648 566 sc
1660 516 1772 579 deinceps
1857 570 1860 576 ,

164 608 367 675 tui,quibusdam
379 606 516 656 tabentibus
537 605 562 654 et
576 603 629 652 aliis
642 603 745 653 invicem
764 602 948 653 succedentibus
990 619 1020 654 cii
1034 605 1155 654 reticentia
1171 617 1244 653 ποκα
1265 603 1380 654 resideret
1398 605 1544 665 auctoritas;
1563 607 1697 654 sementem
1718 604 1773 655 facit

164 696 295 758 membris,
313 693 501 757 primoquidem
516 705 613 742 sensum
630 705 660 740 ci
675 691 784 740 violentis
796 691 946 753 passionibus
989 692 1105 755 eiusmodi
1122 695 1190 742 Deus
1203 711 1209 742 ι
1228 696 1255 740 ut
1268 693 1355 754 partim
1369 693 1396 741 iii
1411 694 1490 753 terra,
1504 693 1628 755 partimin
1641 693 1715 752 luna,
1732 705 1772 754 ge-

164 785 264 838 excitari
275 785 428 846 :postquem
437 782 539 830 mixtam
547 793 578 830 ex
589 780 723 842 voluptate,
734 778 892 840 tristitiaque,
904 791 946 828 cu·
990 782 1055 830 neris
1066 781 1165 830 liumani
1174 780 1312 843 lacerentur
1323 781 1434 840 exordia;
1452 781 1538 842 partim
1555 781 1579 829 iii
1594 781 1702 841 eniteris,
1718 795 1773 844 qum

164 874 269 940 pidiuem
282 871 347 921 nasci
358 890 365 920 i
377 873 430 920 turri
441 881 499 918 vero
511 869 602 918 metum
613 872 686 930 atque
699 866 862 927 iracundiam;
875 869 945 915 enite-
989 870 1147 918 iustrumenta
1159 869 1215 918 sunt
1227 867 1351 930 temporis.
1373 872 1418 918 lta
1428 881 1499 930 porro
1511 867 1606 928 officia,
1618 879 1673 930 qum
1683 882 1773 918 seruen-

163 959 423 1025 rasquepedissequai
433 969 526 1016 earum,
536 955 740 1019 perturbationes,
752 951 963 1004 direrscaffectu'
989 958 1039 1006 tem
1054 958 1197 1018 sequuntur,
1216 955 1284 1006 factis
1302 969 1316 1004 a
1345 968 1372 1005 se
1392 955 1451 1016 diis,
1469 957 1496 1004 iit
1514 956 1637 1018 dixeram,
1659 957 1774 1018 iujuuiiit;

165 1063 207 1114 pro
219 1051 305 1098 natura
319 1049 540 1108 siiapermorentes
554 1057 561 1091 :
575 1056 635 1105 quas
649 1041 783 1110 quidemst
801 1041 947 1091 refrenarent
990 1045 1146 1108 maximeque
1164 1043 1346 1096 formandorum
1362 1057 1490 1106 corporum
1509 1057 1592 1092 curam
1610 1044 1748 1093 mortalium
1766 1064 1772 1094 ε

164 1152 193 1189 ac
203 1136 372 1199 subjugarent,
379 1135 469 1197 iustam
479 1133 531 1193 liis,
542 1133 680 1195 leuemque,
690 1132 764 1181 ritem
773 1131 823 1182 fore
837 1151 844 1180 ι
859 1132 880 1180 si
893 1132 945 1182 riu·
990 1145 1017 1182 ac
1031 1132 1114 1196 siqua
1128 1145 1182 1196 pars
1195 1132 1267 1181 etiam
1285 1135 1344 1182 lunc
1361 1132 1465 1182 bominis
1478 1133 1565 1182 suinae
1578 1131 1673 1182 residua
1690 1145 1774 1195 super·

164 1230 285 1287 serentur,
298 1225 413 1287 inJustam
425 1224 450 1274 et
460 1223 631 1284 confragosam.
650 1225 681 1272 Et
690 1221 828 1272 uictricibus
838 1221 965 1285 quidem„
990 1225 1067 1282 esset,
1080 1219 1151 1282 cujus
1164 1219 1329 1278 constitutioni
1342 1219 1453 1268 narauda
1466 1233 1538 1282 opera
1552 1219 1684 1276 rideretur.
1701 1225 1774 1270 caete-

165 1315 196 1364 ad
207 1312 413 1377 comparisttcllm
425 1311 609 1362 mntubernium
618 1347 626 1371 ,
634 1309 778 1372 sedemque,
789 1309 893 1359 reditum
906 1323 946 1372 pa·
994 1320 1069 1370 raquo
1089 1307 1182 1367 omnia,
1200 1309 1376 1369 rciisequentei
1391 1306 1578 1368 aggrederentur
1594 1307 1706 1357 licitatus
1722 1311 1774 1361 est.

166 1401 327 1453 tere:acturis
335 1400 448 1462 deinceps
455 1400 531 1448 vitani
541 1411 622 1448 reram
631 1405 656 1448 et
663 1399 765 1450 beamm.
783 1399 865 1448 victas
875 1411 947 1461 pcrro
990 1409 1045 1459 quae
1058 1395 1136 1458 operis
1152 1394 1268 1458 perfectio
1285 1406 1413 1456 rerumque
1428 1393 1487 1443 nido
1503 1393 1644 1456 deposceret
1662 1409 1668 1443 :
1684 1407 1775 1457 proque
1880 1443 1885 1454 ,

165 1494 259 1540 mutare
280 1502 382 1549 sexum,
396 1487 512 1551 atquead
529 1486 692 1536 infirmitatem
711 1491 806 1536 naturae
824 1486 947 1535 muliebris
991 1484 1084 1532 uiribus
1092 1483 1249 1542 eniterentur,
1259 1483 1287 1530 ul
1295 1481 1465 1544 quamoptime
1474 1483 1558 1533 natura
1569 1481 1677 1531 mortalis
1686 1496 1775 1544 regere·
1841 1553 1842 1556 Ἴ

164 1577 262 1639 relegari
272 1576 385 1628 secundia
393 1574 552 1638 generationis
562 1579 686 1638 tempore:
697 1587 742 1626 nec
755 1587 770 1624 a
782 1574 848 1623 vitiis
858 1574 947 1624 intem·
990 1573 1041 1632 tur,
1049 1569 1155 1632 exceptis
1165 1567 1394 1632 improsperitatibus
1406 1582 1413 1618 ι
1425 1582 1527 1631 quarum
1538 1571 1602 1618 esset
1610 1569 1741 1619 auctoritas
1750 1576 1775 1619 et

156 1647 319 1727 ‘pennataque
330 1662 524 1724 discedentibus,
540 1664 622 1712 tamen
635 1673 730 1724 pennam
745 1661 948 1725 refectionemque
991 1655 1331 1720 causapeuesipscs,[§18.]
1345 1656 1556 1715 Quibusinistem
1569 1656 1667 1706 modurn
1676 1657 1773 1720 digestis

166 1752 192 1800 in
214 1750 334 1800 deteriora
353 1763 401 1799 nou
422 1762 516 1799 cessme
540 1769 546 1798 ε
571 1748 648 1798 donec
678 1749 787 1798 instituto
807 1747 947 1811 meritisque
991 1745 1187 1805 omuibus,cum
1202 1743 1451 1807 inpropositorerum
1463 1745 1775 1806 creatormaueret,iuiel·

165 1849 283 1900 congruas
290 1837 431 1886 immanium
441 1837 546 1886 terarum
555 1837 658 1886 induant
666 1837 761 1885 formiis.
795 1840 946 1898 Pausamque
993 1837 1092 1898 figentes
1101 1835 1235 1896 iussionem
1253 1835 1330 1884 Patris
1346 1834 1403 1895 filii,
1424 1833 1495 1896 juata
1507 1833 1646 1884 mandatam
1661 1835 1775 1884 informa-

165 1924 282 1974 malorcm
296 1937 345 1974 non
365 1924 432 1987 prius
453 1925 518 1986 fore,
539 1919 612 1987 qu'am
631 1926 762 1973 consecuta
782 1937 822 1974 eas
839 1926 907 1985 rata,
923 1926 948 1974 ct
992 1925 1082 1973 tionem
1096 1922 1224 1972 immortali
1243 1925 1339 1985 sumpto
1359 1921 1428 1972 initio
1449 1922 1559 1972 mortalis
1581 1923 1723 1984 animantia,
1747 1937 1775 1973 eii

166 2013 248 2064 eadem
269 2026 375 2075 semper,
384 2013 498 2062 -rolucris
515 2012 557 2062 illa
569 2013 653 2061 mundi
674 2012 844 2073 circumactio,
860 2012 947 2062 cuncta
996 2011 1080 2062 mundi
1100 2010 1223 2072 materiis,
1243 2010 1307 2073 igni,
1326 2013 1451 2072 terraque,
1467 2013 1492 2060 et
1505 2024 1582 2075 aqua,
1597 2024 1653 2060 cuin
1675 2013 1775 2074 spiritu,

165 2115 247 2152 earnm
259 2101 317 2152 iiiia
330 2114 361 2151 ex
378 2102 428 2164 igni
443 2103 469 2152 et
489 2115 553 2164 aqua
564 2104 675 2164 terraque
693 2104 718 2152 et
736 2113 791 2152 aere
808 2102 946 2162 contracta,
995 2101 1074 2152 foenus
1088 2100 1269 2152 elementarium
1285 2100 1403 2162 mutuati;
1418 2101 1481 2164 quod
1496 2100 1637 2151 redderetur
1648 2114 1705 2150 cum
1717 2113 1777 2162 opus

165 2204 310 2256 omnemque
321 2191 443 2254 illuviem,
454 2192 593 2255 deterserit3
606 2192 749 2242 inconsultis
760 2193 785 2242 et
800 2191 947 2242 immadem·
995 2190 1069 2250 foret,
1085 2201 1184 2252 eaquae
1200 2191 1356 2249 acceperant,
1379 2187 1584 2250 conglutiiiabaut.
1618 2191 1670 2239 licii
1691 2189 1776 2238 iisdem

163 2279 196 2329 tis
221 2280 344 2330 erroribus
367 2280 398 2329 ad
421 2279 521 2330 modum
542 2281 640 2329 rationis
665 2280 852 2342 temperiemque
874 2278 945 2329 reda·
994 2278 1082 2341 quibus
1094 2277 1138 2342 ipsi
1151 2277 1319 2337 ueiiibus3sad
1329 2277 1392 2337 aliia,
1402 2277 1434 2326 ob
1444 2277 1708 2339 incomprehensibilem
1721 2276 1776 2326 bre-

165 2367 232 2418 ctis:
249 2381 297 2432 quc
309 2368 393 2431 positis
413 2367 641 2431 sordibusexpiatau
654 2367 945 2432 purificatiequedemum
993 2367 1090 2417 ritatem
1105 2365 1262 2415 invisibilibus
1273 2365 1392 2427 goiiipliis.
1428 2369 1511 2427 ltaque
1527 2369 1648 2429 apparatui
1666 2366 1773 2414 materim

87 2467 98 2480 ·
164 2454 554 2519 adautiqiiirultusiionestatem
571 2458 865 2520 pertingeremereautur.
884 2455 941 2515 Qui·
996 2455 1113 2504 circuitus
1126 2453 1268 2503 immortalis
1279 2453 1367 2502 animm
1383 2452 1580 2513 circumligabant
1592 2453 1681 2514 irriguo
1692 2451 1777 2501 fluido·

165 2542 211 2593 bus
224 2547 318 2594 cunctis
335 2545 445 2594 fatalium
466 2544 547 2607 legum
568 2545 802 2607 promulgationibus
821 2544 847 2620 iu
868 2544 954 2599 istum,
991 2555 1039 2605 que
1061 2542 1164 2603 corpori.
1198 2541 1320 2591 Circuitus
1343 2547 1429 2602 porro,
1450 2543 1476 2588 ut
1500 2541 1599 2588 torrenti
1627 2540 1710 2602 rapido
1734 2539 1778 2588 de-

166 2719 231 2790 ἕξοι·
244 2723 351 2802 σφαλεὶς
366 2721 393 2780 δὲ
406 2746 506 2782 τουτων
521 2726 557 2790 εἷς
572 2745 692 2800 γυναικος
704 2746 779 2803 ρυσιν
795 2725 822 2780 ἐν
837 2724 944 2803 τῇδευ-
994 2718 1071 2776 πάνθ’
1089 2716 1138 2774 ὅσα
1158 2715 1268 2773 ἀκόλουθ
1271 2714 1686 2793 αέκιίνοιςᾶπεργασαμένους
1668 2738 1776 2793 αρχειν,

167 2831 231 2888 τερα
241 2809 341 2887 γενέσει
356 2809 517 2886 praedulci·
538 2807 575 2886 μὴ
590 2809 740 2887 παυόμενος
754 2810 782 2868 δὲ
798 2813 824 2868 ἐν
843 2810 945 2878 τούτοις
994 2829 1040 2865 και
1030 2803 1123 2864 κατὰ
1141 2803 1252 2880 δύναμιν
1266 2802 1306 2860 ὅτι
1320 2803 1450 2862 κάλλιστα
1464 2826 1510 2862 και
1530 2803 1624 2882 ἄριστα
1639 2802 1669 2861 τὸ
1684 2804 1775 2876 θνητόν
1850 2831 1853 2838 ’

166 2896 206 2955 ἔτι
214 2897 323 2970 κακιας,
334 2899 429 2979 τρόπον
442 2898 471 2956 όν
487 2898 645 2974 sexdecim,
660 2898 766 2958 κατὰ
739 2922 786 2972 την
801 2898 944 2975 ὁμοιότητα
995 2892 1103 2953 διακυόε
1093 2901 1167 2973 piritu
1181 2895 1261 2973 ζῷον,
1277 2890 1317 2949 ότι
1332 2889 1514 2969 μὴκακῶν’
1486 2915 1549 2950 αυτο
1535 2891 1689 2973 ἑαυτιρ’
1662 2915 1776 2972 γιγνοιτο

165 2989 213 3058 τῆς
225 2992 271 3044 τοῦ
287 2986 384 3067 τρόπου
397 2987 521 3065 γενέσεως
535 2985 572 3055 εἴς
584 3010 643 3047 τινα
663 2987 785 3059 τοιαύτην
801 2988 841 3047 σ’νελ
857 3011 945 3065 μιτα-
995 2983 1089 3044 αἴτιον.

166 3072 244 3132 falci
258 3071 463 3154 inperceptiora,
480 3074 617 3135 ἀλλάττων
631 3099 660 3134 τε
675 3098 705 3132 ου
692 3075 814 3154 πρότε
816 3099 843 3134 ον
857 3074 945 3133 πόνοιο
1034 3076 1106 3150 Sta.
1131 3070 1211 3131 fati
1227 3070 1274 3147 μὲν
1292 3070 1323 3140 δὴ
1339 3070 1443 3129 ἅπαντα
1459 3070 1776 3147 ταῦταδιατᾶξαςέμενεν

164 3160 301 3242 λήξοι,πρ
265 3161 326 3219 criu
340 3164 480 3241 τῇταῦτου
464 3166 541 3221 ”xci
556 3162 648 3239 ὁμοίου
662 3164 843 3243 περιόδωτῇ’
831 3186 857 3221 εν
872 3167 945 3244 αὑτῷ
995 3161 1020 3220 ἐν
1037 3184 1074 3240 τῳ
1055 3163 1181 3217 ἑαυτου
1193 3156 1263 3217 κατὰ
1278 3156 1420 3235 τρόπονῆθ
1423 3180 1460 3215 ει·
1472 3158 1591 3234 μένοντος
1581 3156 1685 3217 οὲ
1639 3182 1752 3230 νονσαν
1753 3182 1778 3225 ες

165 3248 428 3350 ξυνεπισπόμενος
404 3274 448 3308 τον
470 3250 551 3311 πολυν
566 3250 664 3352 ὄχλον
664 3251 710 3311 καλ
730 3250 837 3330 ὕστερον
857 3274 944 3331 προσ·
995 3252 1019 3308 οἱ
1042 3250 1133 3315 παῖδες
1147 3245 1195 3316 τὴν
1218 3251 1264 3305 τοῦ
1279 3269 1335 3304 ποιτ
1337 3267 1379 3325 ρος
1394 3243 1499 3313 τόξιν’
1488 3246 1560 3305 επείθ
1563 3269 1622 3306 οντο
1637 3250 1718 3327 αὐτῇ,
1733 3246 1778 3305 καὶ

162 3328 246 3405 privas
260 3331 290 3388 ἐκ
307 3352 387 3410 πυρος
399 3329 446 3389 καλ
461 3328 554 3397 ὕδατος
572 3332 617 3390 καὶ
633 3331 707 3409 ἀέρος
722 3331 766 3389 καὶ
783 3336 908 3410 γῆς,ρ
864 3336 945 3410 θῦρυ·
994 3335 1118 3402 λαθόντες
1141 3335 1303 3393 ἅθόνατον’
1289 3332 1373 3413 αρχην
1400 3336 1493 3405 θνητου
1517 3332 1597 3412 ζώου,
1620 3334 1777 3410 μιμούμενοι

165 3416 294 3489 ὅῶδη
252 3440 298 3477 και
315 3418 409 3495 αλογον
421 3417 483 3477 ὄντα
497 3419 567 3500 >insci
569 3418 713 3511 apsimari<
727 3422 764 3485 εις
776 3417 853 3477 τό
819 3442 912 3498 τηςπ
913 3418 946 3477 c'i·
995 3446 1039 3482 τον
1054 3422 1176 3503 σφέτερον
1191 3420 1367 3501 δημιουργόν,
1380 3444 1461 3498 πυρος
1472 3419 1560 3497 κοιλ
1564 3420 1668 3487 elitar'
1655 3443 1681 3487 ος
1693 3444 1721 3478 τε
1732 3444 1778 3478 και

166 3527 213 3576 της
231 3504 277 3563 καλ
292 3507 400 3584 ἀρίστης
420 3507 539 3583 ἀρίκοιτο
560 3498 626 3574 εἶδος
642 3506 728 3575 ἕ.ξευνς
770 3513 836 3567 orac
838 3513 945 3582 εσμοθσ·
995 3510 1101 3589 ἀέρος’
1087 3534 1141 3569 απο
1162 3534 1208 3568 του
1227 3508 1326 3586 κόσμου
1340 3505 1513 3583 δανειζόμενοι
1529 3509 1609 3586 μόρια
1626 3511 1660 3573 ὡς
1682 3510 1777 3566 ἀποδο-

163 3591 247 3664 τήσας
270 3592 297 3649 δὲ
314 3592 403 3651 πάντα
426 3595 515 3661 αὐτοῖς
536 3618 638 3669 ταυτα,
662 3593 755 3653 ἵνα
722 3619 769 3666 της
790 3595 882 3653 ἔπειτα
905 3594 945 3668 εἴη
996 3594 1129 3672 θησόμενα
1150 3594 1248 3667 πόλιν,
1272 3598 1309 3661 εἰς
1328 3593 1423 3653 ταῦτον
1442 3593 1477 3653 τὰ
1499 3592 1691 3673 λαμὸανομινα
1706 3592 1778 3661 ξυνε-

165 3680 259 3744 κακίας
281 3678 399 3737 ἑκάστων
421 3680 550 3750 ἀναίτιος,
563 3682 667 3760 ἔσπειρε
688 3680 747 3748 τους
762 3682 809 3758 μὲν
825 3685 861 3749 εἰς
880 3707 946 3760 pqr,
995 3682 1114 3755 κόλλων,
1131 3685 1160 3740 οὗ
1176 3684 1228 3749 τοῖς
1243 3682 1345 3747 ἀλύτοις
1364 3671 1408 3748 οἷς
1414 3680 1488 3739 αὐτοὶ
1501 3679 1674 3761 ξυνιόχοντοδ
1676 3692 1777 3759 εσμυῐς,

164 3764 224 3831 τους
243 3767 266 3824 δ’
282 3767 318 3831 εἰς
336 3766 463 3838 σελήνην,
487 3792 546 3835 τους
568 3770 583 3827 ὃ
584 3770 648 3835 ἐἰς
669 3760 756 3858 τᾶλλα
774 3769 825 3827 ὅσα
843 3770 859 3828 ό
861 3794 943 3850 ργανα
998 3768 1066 3829 ἀλλὰ
1083 3770 1128 3828 διὰ
1146 3770 1308 3879 σμικρότητα
1324 3767 1458 3847 σἰορότοις,
1475 3769 1582 3836 πυκνοῖς
1595 3769 1705 3847 γόμφοις
1721 3769 1779 3839 ξυν-

164 3853 269 3934 χρόνου.
312 3853 353 3914 'li
364 3852 392 3912 δὲ
409 3850 513 3933 μετὰ
489 3880 533 3915 τον
548 3856 645 3936 σπόρον
659 3846 713 3924 τοῖς
726 3856 794 3925 νέοις
808 3857 947 3936 παρέδωκε
997 3858 1136 3931 τήκοντες,
1148 3856 1231 3925 ἓνέξ“
1218 3858 1341 3919 στάντων
1353 3856 1604 3966 ἀπεργαζόμενρι
1569 3881 1646 3935 σωμα
1659 3858 1778 3926 ἕκαστον,

165 3946 232 4007 θεοῖς
247 3940 359 4035 σώματα
374 3943 499 4001 πλάττειν
522 3944 622 4021 θνητα,
636 3946 667 4005 τό
685 3968 715 4003 τε
735 3945 869 4003 ἐπίλοιπον
885 3947 945 4004 ὅσον
991 3944 1097 4012 τὰς
1050 3968 1129 4015 τη
1120 3945 1243 4004 θανάτου
1258 3948 1390 4024 ψυχῆςπε
1394 3946 1516 4023 ριοδους
1505 3970 1545 4004 ιν
1547 3968 1606 4005 cccii
1619 3950 1654 4013 εἰς
1666 3946 1775 4026 diripi

165 4020 235 4087 ἔτ’
216 4052 247 4102 rii
254 4012 343 4109 ψυχης
354 4032 401 4088 συθ
404 4054 518 4111 ωπινης
530 4056 587 4090 ccci
599 4032 891 4112 προσγενεσθαι,τουτο
902 4034 948 4092 και
994 4057 1037 4092 τον
1058 4038 1136 4111 σῶμα
1151 4035 1196 4092 καὶ
1216 4036 1375 4117 ἀπόρρυτον.
1416 4034 1499 4095 Atii
1516 4035 1551 4099 εἷς
1565 4056 1686 4109 ποταμον
1706 4033 1778 4090 ἐνδι-

164 4219 263 4271 liebrem
274 4222 409 4272 transferet.
442 4224 474 4272 at
485 4224 505 4272 si
522 4226 615 4273 netum
627 4224 726 4286 quidem
741 4225 814 4276 finem
829 4226 945 4277 uitiorum
994 4228 1017 4277 iii
1033 4228 1136 4292 reliquas
1156 4229 1241 4279 mundi
1257 4231 1355 4292 partes,
1374 4242 1430 4291 quie
1449 4220 1506 4279 surii
1522 4229 1552 4279 ad
1569 4229 1701 4291 spatiorum
1717 4230 1778 4277 teui-

164 4310 249 4373 faciet,
262 4312 447 4373 giariusetiam
460 4313 590 4375 jactabitur
601 4317 625 4365 ct
640 4315 665 4363 iri
683 4315 733 4364 suis
746 4317 857 4366 moribus
869 4316 948 4366 simil·
993 4316 1059 4380 poris
1074 4318 1273 4379 significationem
1286 4320 1350 4367 notia
1363 4318 1516 4380 constituta,
1529 4330 1642 4380 spargens
1656 4316 1724 4379 quasi
1741 4330 1779 4364 se-

165 4396 235 4449 limas
259 4401 348 4464 figuras
376 4403 496 4464 pecudum
510 4406 535 4454 et
557 4405 663 4454 ferarum
684 4406 843 4456 transferetur
868 4420 947 4469 neque
994 4405 1068 4456 rebat.
1103 4408 1162 4455 Post
1185 4410 1267 4456 autem
1287 4406 1406 4455 sationem
1430 4418 1483 4455 eam
1507 4404 1567 4468 diis,
1587 4410 1614 4454 ut
1635 4405 1668 4455 ita
1685 4404 1778 4465 dicam,

164 4486 282 4537 malcmm
306 4489 437 4538 terminum
468 4492 535 4553 prius
558 4491 672 4553 aspiciet,
693 4505 767 4554 qnam
788 4492 853 4542 illam
879 4494 947 4554 sequi
993 4493 1131 4554 iunioribus
1144 4494 1261 4555 permisit,
1276 4496 1305 4542 ut
1318 4506 1418 4554 corpora
1431 4493 1539 4543 mortalia
1551 4492 1690 4555 effingerent
1701 4503 1778 4554 quaii-

164 4574 266 4637 coepen't
277 4578 477 4639 conversionem,
487 4590 559 4640 quam
579 4578 684 4628 babebat
699 4579 725 4628 iii
740 4578 828 4641 seipse
839 4578 948 4639 eiusdem
996 4582 1096 4643 tumque
1113 4584 1183 4631 esset
1195 4580 1314 4642 reliquum
1333 4594 1363 4630 eir
1376 4582 1484 4630 liumaiio
1495 4580 1590 4642 auimo,
1603 4579 1668 4642 qiicd
1680 4580 1780 4631 deberet

163 4662 189 4711 ei
202 4663 290 4713 similis
301 4665 409 4715 innatam
423 4669 448 4715 et
461 4666 567 4715 insitam.
601 4666 673 4725 Quod
686 4671 739 4716 tum
752 4667 862 4728 croniet,
872 4680 948 4730 quum
995 4667 1124 4727 accedere,
1140 4668 1163 4717 id
1177 4682 1263 4729 omne,
1276 4671 1301 4718 et
1311 4682 1368 4731 quae
1378 4668 1551 4730 consequentia
1564 4670 1660 4729 esseut,
1674 4668 1777 4731 perpoli-

164 4748 223 4810 illa,
238 4763 295 4814 quie
312 4765 342 4803 eii
356 4753 418 4815 igni,
433 4754 528 4817 aalma,
539 4768 602 4818 aqua
612 4758 686 4817 atque
698 4759 761 4804 terra
775 4755 915 4804 turbulenta
925 4757 949 4805 et
995 4760 1048 4805 ierit
1060 4758 1086 4806 et
1097 4757 1250 4807 absolverent
1266 4776 1272 4807 ι
1287 4756 1375 4807 deimle
1385 4760 1413 4806 ut
1424 4756 1481 4806 liuic
1493 4757 1610 4806 animanti
1622 4758 1743 4820 principes
1752 4770 1778 4806 sc
1854 4752 1857 4761 '

165 4837 263 4887 rationis
275 4841 383 4902 expertia
398 4842 546 4903 insederint,
561 4842 666 4906 denique
679 4844 772 4893 ratione
786 4843 907 4906 depulerit
923 4848 949 4893 et
995 4845 1118 4907 ducesque
1127 4843 1394 4907 praeberentrilamque
1403 4846 1457 4906 ejiis
1467 4844 1628 4906 pulcherrime
1637 4846 1779 4907 regerentct

164 4923 195 4971 ad
212 4924 314 4986 primam
330 4930 405 4991 atque
415 4930 532 4992 optimam
549 4930 703 4980 affectionem
715 4931 789 4980 animi
801 4929 947 4994 pervenerit.
995 4932 1155 4994 gubernarent
1167 4951 1173 4981 :
1184 4932 1229 4981 nisi
1242 4936 1361 4993 quatenus
1370 4933 1423 4995 ipse
1432 4932 1493 4983 bene
1506 4932 1585 4981 factus
1596 4946 1639 4983 sua
1651 4932 1721 4995 culpa
1732 4932 1777 4983 sibi

164 5014 316 5076 Quaequum
330 5015 364 5065 ita
381 5016 529 5080 designasset
547 5031 662 5081 seseque,
676 5019 697 5068 si
710 5017 770 5082 quid
783 5026 866 5081 postea
882 5018 948 5069 frau-
995 5018 1336 5083 atiqutdiutseriacquaereret.
1360 5019 1384 5085 [§
1402 5018 1450 5083 lm]
1481 5024 1561 5083 Atque
1573 5022 1594 5071 is
1609 5020 1723 5084 quidem,
1738 5022 1778 5083 qui

163 5099 202 5150 dis
221 5104 265 5153 aut
286 5102 339 5154 vitii
362 5104 496 5167 evenisset,
516 5108 586 5156 eiitra
600 5120 699 5157 ornnem
720 5105 816 5169 colpam
840 5120 950 5158 causam·
998 5111 1086 5159 cuncta
1102 5092 1497 5179 composuil,cciistanterinlaiic
1510 5110 1625 5160 manebat
1640 5114 1704 5161 statu
1716 5120 1726 5159 ἰ
1737 5110 1779 5172 qui

164 5201 213 5252 que
227 5191 347 5255 posuisset
367 5213 374 5243 ι
390 5194 452 5245 alios
467 5195 622 5258 inferrem,
640 5194 701 5246 alios
718 5196 744 5245 iri
758 5198 870 5258 Lunam,
885 5196 947 5246 alios
996 5199 1077 5249 autem
1089 5200 1158 5248 erant
1175 5197 1206 5247 ab
1218 5210 1248 5248 eo
1259 5197 1347 5259 creati,
1359 5210 1435 5261 quum
1445 5199 1551 5261 parentis
1564 5198 1673 5249 ordinem
1689 5210 1778 5259 coguo-
