3959 5925
830 435 879 494 DE
899 435 1158 497 ANTISTHENE.

184 561 355 647 Euripidem
370 564 429 644 [80]
440 547 552 638 derisit,
571 564 688 642 quando
697 563 809 623 huncce
823 565 892 643 ejus'
902 585 967 624 rer·

186 658 311 716 siculum
328 679 335 714 ι

244 791 272 850 τί
283 793 307 850 δ’
321 791 439 869 αἰσχρόν,
452 788 486 860 ἣν
500 787 538 866 μν)
552 795 622 846 τοῖσι
635 786 781 869 χρωμένοις
799 789 883 868 δοκῇ,

186 931 230 991 sic
243 927 371 988 correxit
383 949 391 985 ι

246 1065 355 1146 αἰσχρὸν
371 1063 403 1122 τό
415 1062 440 1142 γ’
448 1063 567 1144 αἰσχρόν,
580 1062 629 1123 κδν
650 1065 724 1143 δοκῇ,
737 1062 788 1123 κᾶν
803 1063 841 1142 μὴ
855 1065 935 1142 δοκῇ.

225 1204 412 1264 Antisthenes
428 1223 577 1280 nunquam
599 1203 717 1262 videtur
737 1201 874 1261 habuisse
894 1223 967 1261 uxo·

186 1313 249 1353 rem
271 1292 330 1371 (8ι)
354 1304 384 1349 et
405 1292 489 1368 quasi
503 1290 631 1349 Socratis
650 1292 814 1369 exemplum
838 1291 968 1350 imitatus

187 1399 304 1458 semper
317 1379 350 1437 in
364 1379 461 1458 patria
474 1377 549 1436 urbe
563 1380 712 1438 mansisse.
726 1377 878 1436 Falluntur
892 1392 969 1436 certe

187 1469 239 1545 qui
253 1479 373 1525 narrant
388 1464 447 1544 (82)
457 1485 523 1523 eum
536 1485 626 1543 quum
644 1466 766 1524 Athenis
787 1465 970 1524 Lacedaemo-

186 1575 252 1614 nem
271 1556 415 1628 venisset,
440 1553 566 1624 dixisse,
589 1573 651 1613 sese
685 1573 701 1611 a
728 1552 903 1612 mulieribus
931 1553 967 1611 ad

187 1645 269 1702 viros
290 1643 451 1721 proiectum
477 1660 551 1700 esse.
568 1641 639 1700 Nam
651 1642 751 1700 eadem
778 1662 838 1700 νοκ
859 1640 968 1718 justius

185 1731 312 1806 Diogeni
327 1731 483 1808 Sinopensi
498 1728 639 1787 tribuitur
654 1731 725 1807 (83).

228 1824 337 1899 Pugnae
360 1822 519 1880 Leuctricae
541 1833 688 1898 tempore,
713 1821 744 1879 id
772 1834 814 1880 est
841 1822 968 1881 secundo

186 1909 370 1986 Olympiadis
384 1929 439 1966 roa
456 1928 550 1984 anno,
566 1908 743 1985 Cynicorum
758 1910 921 1988 principem
936 1912 967 1968 in

186 1994 354 2054 vitaadhuc
377 1996 467 2054 fuisse
484 1996 659 2056 Plutarchus
682 1999 741 2074 (81.)
763 2011 893 2071 testatur,
907 2001 967 2076 ‘qui

185 2100 252 2140 curn
265 2080 421 2141 Thebanos
435 2084 568 2141 victoriae
577 2084 677 2141 laetitia
689 2083 780 2142 elatos
795 2083 968 2160 objurgasse

185 2169 298 2229 scribit.
315 2170 364 2226 Ait
377 2171 455 2228 enim
478 2170 561 2229 illum
584 2189 763 2230 asseverasse
787 2170 841 2230 hos
854 2172 930 2230 nihil
951 2192 968 2230 a

185 2259 287 2334 pueris
305 2256 440 2328 dilserre,
457 2259 534 2333 quod
554 2259 726 2332 magistrum
752 2258 967 2336 concidissent,

185 2344 407 2402 exsultantibus.
428 2346 573 2403 Praeterea
595 2345 743 2403 Diodorus
768 2346 883 2404 Siculus
906 2346 964 2425 (85)

187 2452 253 2490 cum
277 2432 351 2490 alios
370 2432 453 2491 viros
475 2433 752 2491 commemoratione
773 2433 892 2509 dignos,
917 2454 968 2511 qut

187 2521 272 2578 tertio
279 2519 463 2598 Olympiadis
476 2522 528 2578 103
537 2540 614 2578 anno
623 2520 824 2599 Cephisodoro
831 2521 969 2581 archonte

187 2607 334 2684 vixerint,
359 2621 419 2665 tum
441 2606 643 2666 Antisthenem
669 2611 810 2667 nominat.
836 2609 970 2686 Denique

165 2691 317 2760 ⁴liudocia
338 2693 418 2774 (86),
432 2713 497 2770 quae
518 2707 621 2752 caetera
643 2714 680 2752 ex
700 2696 831 2771 Diogene
853 2695 969 2754 Laertio

186 2782 359 2859 exscripsit,
386 2782 587 2839 Antisthenem
624 2783 747 2841 Athenis
778 2784 969 2862 ,septuaginta

187 2885 330 2926 annorum
343 2887 441 2926 senem
457 2869 623 2944 exspirasse
634 2870 733 2927 relert.
759 2872 795 2926 At
814 2889 969 2928 numerum

188 2957 220 3013 in
233 2955 299 3032 ejus
318 2955 418 3014 verbis
431 2971 602 3035 corruptum
621 2970 757 3035 putamus
773 2978 805 3016 ac
823 2980 879 3037 pro
893 2957 970 3017 ἐόδο-

189 3043 369 3118 μηκοντούτης
384 3045 584 3121 ιεροῐιειιόιιῐῐι
595 3064 657 3103 esse
670 3046 888 3122 ὀγδοηκοντούτης
901 3067 970 3105 con·

184 3130 317 3208 jicimus.
334 3130 449 3189 Etenim
463 3132 555 3191 variis
579 3134 767 3209 antiquorum
792 3136 968 3212 scriptorum

186 3216 261 3276 locis
272 3217 349 3274 inter
363 3237 394 3276 se
408 3220 584 3296 comparatis
598 3239 670 3277 vero
686 3220 853 3297 proximum
870 3222 969 3279 existi·

187 3324 317 3375 mamus,
338 3305 539 3365 Antisthenem
562 3307 678 3368 circiter
707 3326 723 3364 a
746 3309 842 3385 primo
866 3308 969 3384 Olym·

190 3394 288 3473 piadis
302 3394 338 3460 84
359 3412 436 3452 anno
461 3380 619 3471 [sive'ante
639 3393 707 3451 Chr.
734 3396 804 3473 (44)
827 3396 970 3473 usquead

187 3494 321 3559 quartum
335 3478 518 3559 Olympiadis
535 3484 589 3539 103
604 3501 711 3539 annum
728 3482 760 3560 [i.
777 3502 803 3541 e.
819 3496 884 3540 ante
897 3484 967 3541 Chr.

189 3568 260 3644 365]
277 3568 387 3625 vixisse
402 3566 471 3643 (87),
482 3570 523 3626 ita
532 3581 565 3626 ut
578 3589 670 3646 prope
683 3571 829 3645 octoginta
844 3571 971 3628 coniice-

189 3760 296 3813 Euclidis
311 3760 444 3810 doctrinam
455 3762 534 3823 potius
547 3764 656 3813 trahendi
672 3766 791 3815 videntur.
803 3795 834 3809 -
851 3768 900 3830 (8ο)
910 3770 967 3819 vid.

190 3840 277 3900 fragm.
290 3835 329 3887 72.
346 3867 376 3879 -
395 3838 447 3899 (81)
460 3838 498 3887 (Π.
513 3840 625 3901 Χοοορίι.
639 3844 741 3890 courir.
762 3846 806 3891 lv.
824 3848 862 3893 88.
880 3870 912 3880 -
922 3847 971 3907 (82)

192 3911 259 3957 ΤΙιοο
272 3911 400 3969 Progymn.
419 3922 471 3971 cap.
490 3916 518 3970 5,
533 3913 564 3959 ts
577 3910 621 3959 :ia
638 3911 662 3959 δὲ
677 3917 719 3960 τοῦ
738 3914 867 3976 ἀπιθάνου,
888 3914 923 3963 ὅτι
939 3918 971 3977 pri

189 3979 251 4035 εἰκός
263 3980 341 4039 ἐστιν,
360 3972 503 4037 Ἀντισθένην
530 3978 634 4030 Ἀττικόν
660 3998 688 4043 γε
707 3982 764 4031 ὄντα
786 3985 972 4048 παραγινόμενον

191 4046 309 4103 Ἀθήνηθεν
319 4049 350 4102 et:
367 4049 535 4110 Λακεδαίμονα
550 4050 577 4097 ἐκ
594 4056 635 4108 τῆς
646 4053 836 4110 γυναικωνίτιδος
850 4056 924 4115 λέγειν
940 4059 973 4114 είς

189 4117 231 4173 τήν
243 4116 378 4179 ἀνδρωνῖτιν
387 4117 492 4166 ἀπιέναι.
504 4145 535 4158 -
545 4120 594 4181 (88)
606 4122 724 4181 Diogenes
746 4124 854 4173 Laertius
871 4126 912 4173 lib.
927 4129 971 4187 vl,

190 4193 221 4234 59
236 4205 242 4232 :
255 4186 400 4249 ἐπανήρχετο
416 4188 443 4235 ἐκ
459 4191 635 4251 Λακεδαίμονος
647 4193 680 4248 εἰς
702 4191 805 4249 Ἀθήνας·
814 4195 870 4256 πρὸς
884 4194 925 4243 σύν
934 4197 973 4245 τὸν

189 4256 329 4318 πυθόμενον,
337 4260 386 4307 Ποῖ
392 4260 432 4306 καὶ
440 4259 525 4321 πόθενς
536 4264 578 4309 Ἐκ
584 4267 625 4319 τῆς
635 4262 802 4325 ἀνδρωνίτιδος,
813 4265 885 4323 εἶπεν,
893 4268 924 4321 εἰς
931 4268 974 4325 τήν

190 4328 457 4389 γυναικωνῖτιν-(81)
468 4329 610 4380 Plutarchus
620 4332 662 4382 vit.
676 4337 778 4397 Lycurg.
786 4348 838 4397 cap.
848 4340 886 4394 80,
898 4337 973 4399 νοΙ.1,

192 4409 215 4457 p.
232 4400 276 4445 tta
287 4395 325 4445 etl.
337 4399 450 4446 hutten:
466 4398 607 4459 Ἀντισθένης
621 4404 646 4451 δὲ
655 4405 822 4468 όΣωκρκτικός
835 4408 882 4455 ἀπὸ
896 4415 937 4466 τῆς
950 4410 974 4469 ἐγ

191 4467 317 4529 Λεύκτροις
330 4466 407 4529 μάχης
422 4470 482 4530 δρῶν
494 4473 547 4526 τοὺς
557 4473 673 4529 θηόαίους
687 4476 748 4535 μέγα
758 4483 895 4538 φρονοῦντας
907 4480 973 4527 οὐδέν

191 4536 275 4593 αύτούς
286 4537 449 4601 ίρηδιαρέρειν
461 4542 591 4605 παιδαρίων
605 4544 644 4593 ἐπὶ
659 4550 694 4607 τῷ
708 4547 827 4607 συγκόψαι
838 4549 879 4597 τόν
893 4550 975 4597 παιδα·

190 4607 268 4667 γωγδν
279 4608 437 4669 γαυριῶντων.
449 4636 481 4645 -
493 4612 542 4671 (85)
554 4614 675 4663 Diodorus
691 4616 786 4664 siculus
806 4617 845 4666 lib.
862 4620 907 4667 XV
919 4632 973 4681 cap.

192 4678 222 4725 78
237 4697 243 4725 :
255 4678 357 4740 ὑπῆρξαν
371 4679 397 4726 δὲ
410 4681 472 4728 κατὰ
482 4682 577 4737 τούτους
582 4684 640 4739 ,τοὺς
651 4685 745 4746 χρόνους
755 4686 834 4749 ἄνδρες
847 4688 908 4736 κατὰ
920 4705 976 4737 παι·

191 4748 254 4797 δείαν
265 4749 325 4804 ἄξιοι
335 4749 427 4810 μνήμης
442 4748 578 4813 Ἰσοκράτης
592 4768 618 4799 τε
634 4753 647 4800 ὁ
662 4755 738 4816 ρήτωρ
756 4757 796 4803 καὶ
808 4758 830 4803 ol
843 4758 925 4806 τούτου
934 4775 974 4819 γε·

193 4818 285 4879 νόμενοι
300 4821 399 4876 μαθηταί
415 4821 456 4867 καὶ
477 4819 632 4884 Ἀριστοτέλης
647 4824 661 4870 δ
676 4825 812 4885 φιλόσοφος,
825 4828 858 4875 ἐτι
872 4828 897 4876 δὲ
912 4833 974 4877 Ἀνα-

193 4887 283 4944 ξιιιένης
300 4890 483 4949 όΛαμψακηνὸς
497 4893 537 4939 καὶ
550 4893 649 4940 Πλάτων
664 4896 678 4942 δ
696 4894 826 4956 Ἀθηναῖος,
845 4897 879 4946 ist
889 4899 913 4947 δὲ
928 4904 975 4947 τῶν

194 4959 363 5020 Πυθαγορικῶν
382 4960 513 5021 φιλοσόφων
531 4964 553 5009 σί
568 4964 710 5025 τελευταῖοι,
736 4968 844 5028 Ξενοφῶν
863 4984 889 5016 τε
907 4970 976 5025 ότὰς

195 5024 297 5089 ἱστορίας
305 5030 496 5091 συγγραψάμενος
508 5030 671 5095 ίσχατογήρως
680 5035 726 5095 ῶν,
741 5033 889 5098 Ἀρίστιππός
898 5054 923 5087 τε
932 5040 973 5087 καί

198 5094 350 5154 Ἀντισθένης.
362 5122 393 5133 -
408 5101 459 5160 (88)
474 5101 581 5149 Eudocia
594 5102 618 5150 in
631 5103 757 5155 Villoison.
780 5107 870 5155 anecd.
895 5112 974 5158 Graec.

193 5164 274 5213 Volui
293 5180 316 5227 p.
337 5172 367 5216 58
389 5186 395 5215 ι
414 5168 549 5227 ἐτελεύτησε
572 5172 597 5219 ὀί
618 5170 739 5236 Ἀθήνησιν
764 5176 976 5239 ἑόδομηκοντούτης

195 5238 324 5297 γενόμενος.
341 5262 373 5273 -
388 5240 447 5311 (87)ι
457 5240 525 5291 Idem
538 5242 623 5292 statuit
643 5245 766 5307 chappuis
782 5243 807 5293 in
830 5251 976 5297 commenta·

1735 454 1791 505 267

1013 581 1058 625 ret
1067 587 1167 628 annos.
1177 565 1263 626 Fama
1273 582 1317 627 est
1326 588 1390 628 eum
1401 569 1466 629 tabe
1476 569 1638 630 absumtum
1653 591 1716 632 esse
1724 573 1791 654 (88).

1014 655 1156 714 Caeterum
1175 669 1326 734 postquam
1344 655 1449 714 morbo
1463 657 1630 735 implicatus
1643 663 1792 721 acerrimis

1013 740 1166 800 doloribus
1189 743 1282 819 premi
1305 744 1407 821 coepit,
1422 745 1534 804 volenti
1552 745 1633 804 hisce
1652 748 1791 808 molestiis
1845 807 1851 816 ,

1013 827 1132 888 liberati
1161 829 1319 904 gladiolum
1344 832 1489 907 Diogenes
1509 834 1652 911 porrexit.
1686 835 1791 896 Verum

1012 915 1065 974 ille
1077 935 1114 976 ex
1128 916 1256 976 Socratis
1270 916 1330 995 (89)
1347 933 1493 998 praecepto
1505 920 1699 978 voluntariam
1712 943 1792 981 mor·

1013 1016 1070 1061 tem
1087 1004 1200 1080 fugiens
1209 1002 1317 1082 rejecto
1329 1007 1459 1082 pugione
1473 1009 1563 1070 vitam
1574 1021 1684 1066 naturae
1696 1010 1794 1069 reddi-

1013 1091 1067 1152 dit.

1054 1178 1256 1238 Antisthenem
1272 1179 1356 1256 quasi
1371 1181 1516 1257 majorum
1534 1181 1662 1256 gentium
1684 1181 1795 1241 Socra-

1013 1268 1103 1326 ticum
1119 1267 1222 1340 luisse,
1237 1268 1313 1326 inter
1332 1287 1433 1327 omnes
1453 1271 1590 1326 convenit
1609 1268 1682 1344 (ρο),
1708 1291 1792 1347 quam

1013 1353 1135 1430 gloriam
1148 1373 1252 1430 magna
1262 1373 1298 1412 ex
1311 1368 1395 1432 parte
1407 1369 1463 1412 tam
1477 1356 1568 1414 animi
1580 1355 1752 1414 excellentia
1764 1370 1793 1415 et

1013 1441 1211 1516 magnitudine
1225 1461 1310 1518 quam
1328 1441 1414 1500 libris
1428 1442 1616 1501 mundissimo
1631 1463 1664 1501 ac
1678 1444 1792 1502 nitidis-

1014 1527 1089 1586 simo
1110 1523 1253 1587 ora'tionis
1277 1547 1382 1604 genere
1404 1530 1524 1608 scriptis
1548 1545 1718 1590 consecutus
1739 1545 1792 1593 est.

1013 1613 1128 1693 Quippe
1140 1636 1199 1673 non
1212 1615 1305 1673 solum
1318 1617 1455 1674 moralem
1466 1616 1682 1696 philosophiam
1694 1619 1725 1676 in
1737 1639 1795 1696 qua

1013 1705 1109 1763 caeteri
1134 1705 1274 1763 Socratici
1297 1704 1480 1775 habitarunt,
1511 1707 1561 1764 sed
1588 1708 1676 1765 etiam
1704 1721 1792 1766 artem

1013 1792 1189 1866 oratoriam,
1213 1791 1375 1850 disserendi
1402 1791 1609 1865 subtilitatem,
1626 1797 1794 1869 grammati-

1012 1899 1094 1951 cam,
1110 1880 1261 1958 physicam
1274 1880 1435 1937 litterarum
1451 1882 1647 1939 monumentis
1664 1881 1792 1940 tradidit.

1011 1967 1143 2026 Probent
1151 1968 1206 2025 hoc
1216 1987 1280 2026 cum
1293 1967 1344 2025 alii
1353 1979 1483 2025 veterum
1495 1981 1645 2026 auctorum
1655 1968 1714 2027 loci
1726 1969 1786 2050 (ην)

1013 2067 1073 2112 tum
1086 2055 1174 2114 index
1188 2053 1331 2114 librorum
1347 2074 1363 2112 a
1376 2056 1506 2130 Diogene
1519 2055 1635 2114 Laertio
1650 2070 1792 2117 servatus.

1012 2143 1113 2220 Neque
1126 2163 1197 2201 vcro
1212 2142 1347 2219 cuiquam
1364 2141 1394 2199 id
1416 2143 1523 2200 mirum
1542 2142 1693 2201 videbitur
1708 2163 1794 2221 repu-

1012 2230 1105 2302 tanti,
1120 2229 1298 2306 Cynicorum
1313 2230 1500 2308 principem,
1516 2243 1669 2307 antequam
1688 2229 1794 2288 Socra-

1012 2328 1068 2372 tem
1082 2314 1213 2389 audiret,
1233 2315 1397 2373 diutissime
1410 2335 1475 2374 cum
1489 2316 1630 2394 sophistis
1648 2330 1794 2374 versatum

960 2436 967 2447 ·
1015 2403 1129 2461 cuidam
1147 2403 1252 2461 artium
1272 2416 1300 2460 et
1314 2403 1476 2463 litterarum
1491 2405 1626 2462 varietati
1651 2405 1795 2462 inservire

1014 2491 1184 2549 destinasse.
1198 2493 1241 2548 'Ac
1262 2490 1347 2547 multi
1367 2491 1485 2566 quidem
1507 2491 1571 2567 ejus
1593 2491 1794 2550 commentarii

1014 2593 1042 2638 et
1056 2577 1221 2656 sophisticae
1234 2578 1399 2654 disciplinae
1413 2579 1562 2636 alumnum
1574 2579 1704 2638 indicant
1718 2592 1746 2637 et
1758 2578 1794 2636 ab

1015 2665 1195 2724 adolescente
1212 2665 1316 2722 coniici
1338 2677 1513 2742 potuerunt,
1526 2666 1577 2722 sed
1602 2685 1666 2724 eum
1694 2679 1795 2743 postea

1014 2773 1132 2832 quoque
1144 2753 1275 2830 pristinae
1293 2753 1486 2811 institutionis
1504 2773 1662 2812 memorem
1687 2753 1793 2825 fuisse,

1014 2845 1119 2901 docent
1135 2840 1230 2898 libelli
1245 2855 1345 2899 contra
1364 2841 1515 2900 Platonem
1531 2843 1634 2920 scripti
1657 2841 1738 2922 (περὶ
1750 2845 1794 2901 τοῦ

1015 2929 1188 3008 ἀντιλέγειν),
1202 2928 1310 3007 quibus
1320 2930 1394 2987 illud
1407 2929 1626 3006 Protagoreum,
1639 2931 1713 2988 nulli
1727 2949 1794 2997 sen·

1015 3020 1111 3077 tentiae
1126 3018 1286 3076 contradici
1299 3038 1402 3096 posse,
1421 3018 1559 3077 defendit.
1579 3018 1724 3077 Dictionis
1737 3019 1796 3075 An·

1013 3108 1166 3165 tistheneae
1180 3106 1345 3183 praestantia
1359 3105 1472 3165 duabus
1489 3107 1616 3165 maxime
1628 3105 1717 3164 rebus
1735 3126 1796 3164 cer·

1015 3198 1157 3266 uebatur,
1173 3193 1335 3252 verborum
1350 3196 1616 3271 sententiarumque
1633 3193 1795 3252 luminibus

1017 3368 1079 3417 tione
1090 3368 1120 3416 de
1137 3367 1278 3418 Antisthene
1290 3380 1313 3427 p.
1331 3370 1382 3416 178.
1395 3396 1426 3409 -
1443 3366 1491 3427 (88)
1509 3366 1577 3427 Diog.
1593 3368 1672 3414 Laert.
1687 3367 1730 3425 vl,
1751 3370 1796 3412 18:

1015 3438 1149 3495 ἐτελεύτησε
1161 3438 1185 3486 δί
1195 3436 1324 3501 ἀρρωστίᾳ,
1335 3438 1373 3485 <irs
1383 3439 1423 3485 καὶ
1432 3438 1541 3498 Διογένης
1550 3438 1629 3485 εἰσιὼν
1643 3436 1700 3496 πρὸς
1715 3433 1795 3494 αὐτόν,

1016 3508 1071 3567 lar,
1091 3509 1153 3567 Μήτι
1171 3510 1239 3570 χρεία
1250 3508 1332 3569 φίλους
1349 3508 1394 3555 Καί
1408 3524 1465 3555 ποτε
1477 3505 1530 3568 παρ’
1545 3506 1614 3553 αὐτὸν
1628 3505 1723 3565 ξιφίδιον
1736 3504 1798 3567 ἔχων

1016 3581 1120 3638 είσήλθε;
1132 3583 1175 3627 τοῦ
1186 3578 1204 3626 δ’
1215 3577 1328 3635 είπόντος,
1341 3578 1380 3632 Τίς
1389 3578 1416 3624 διν
1426 3576 1543 3624 ἀπολύσαι
1554 3592 1582 3637 με
1591 3580 1637 3623 τῶν
1648 3576 1742 3634 πόνων)
1754 3574 1798 3623 δεί-

1017 3650 1056 3704 ξας
1067 3650 1093 3697 τὸ
1104 3647 1196 3707 ξιφίδιον
1205 3647 1255 3706 ἔφη,
1266 3650 1349 3697 Τοῦτο.
1362 3648 1408 3693 Καὶ
1416 3646 1455 3704 ὃς,
1465 3648 1517 3693 Τῶν
1529 3644 1617 3704 πόνων,
1630 3644 1709 3703 εἷπον,
1720 3644 1748 3692 ού
1757 3648 1799 3692 τού

1016 3714 1064 3771 ζῇν.
1077 3709 1166 3757 Ἐδόκει
1183 3708 1227 3771 γάρ
1236 3726 1285 3763 πως
1301 3708 1464 3769 μαλακώτερον
1479 3707 1553 3769 φέρειν
1567 3708 1608 3763 τὴν
1623 3704 1693 3753 νόσον
1707 3704 1753 3753 ὑπὸ
1766 3722 1790 3764 σι

1017 3780 1122 3836 λοζωίας.
1139 3780 1185 3826 Καὶ
1207 3780 1269 3826 ἔστιν
1285 3780 1352 3837 ἡμῶν
1366 3777 1398 3831 εἷς
1418 3776 1487 3825 οιύτύν
1511 3777 1585 3831 ούτως
1604 3774 1667 3836 ἔχον·
1682 3776 1728 3822 Τὸν
1748 3774 1799 3836 βίον
1865 3788 1871 3801 ·

1018 3852 1079 3911 ᾖσθα
1091 3850 1169 3906 κύων,
1183 3848 1334 3907 Ἀντίσθενες,
1347 3846 1392 3894 ὦδε
1405 3848 1526 3909 πεφυκώς,
1539 3848 1600 3894 ῶστε
1609 3847 1688 3893 δακεῖν
1702 3844 1798 3906 κραδίην

1019 3924 1134 3987 ῥήμασιν,
1152 3918 1179 3965 ού
1195 3918 1319 3979 στόμασιν.
1336 3915 1393 3965 Ἀλλ’
1406 3917 1482 3971 ἔθανες
1498 3916 1610 3979 φθισικός.
1624 3915 1683 3977 Τάχ’
1701 3916 1747 3976 ἐρεῖ
1767 3930 1799 3968 τις

1017 3992 1091 4047 locor,
1106 3988 1134 4037 Ti
1145 3988 1169 4035 δὲ
1188 3992 1275 4049 τοῦτο,
1287 3987 1379 4042 πάντως
1392 3988 1423 4041 είς
1437 3985 1515 4043 Ἀλδην
1525 3986 1560 4034 δεῖ
1573 3982 1617 4033 τιν’
1625 3986 1716 4051 Ιόδηγὸν
1728 3984 1798 4045 ἔχειν.

1018 4060 1127 4111 Julianus
1139 4059 1205 4106 Orat.
1224 4059 1256 4107 Vl
1271 4070 1296 4120 p.
1313 4060 1354 4105 181
1375 4060 1392 4105 A
1404 4068 1491 4116 ‚quem
1504 4055 1664 4116 transscripsit
1677 4053 1763 4102 suidas
1774 4066 1799 4100 ν.

1017 4128 1166 4185 Ἀντισθένης·
1181 4126 1338 4191 ἀρρωστοῦντι
1355 4124 1490 4174 Ἀντισθένει
1506 4124 1596 4187 μακρὰν
1605 4125 1645 4171 καὶ
1659 4121 1802 4177 δυσανάκλη-

1018 4221 1057 4253 τον
1068 4198 1225 4263 ᾰρρωστίσινό
1243 4198 1352 4258 Διογένης
1366 4196 1460 4255 tepidior
1477 4195 1607 4253 ἐπέδωκεν,
1625 4194 1710 4253 εἰπών,
1725 4193 1745 4240 al
1760 4191 1797 4252 pi·

1018 4275 1059 4322 λου
1069 4269 1160 4335 χρῄζεις
1169 4268 1302 4329 ὑπουργίας.
1319 4266 1400 4320 Οὕτως
1410 4266 1469 4327 ᾤετο
1480 4265 1565 4319 ἐκεῖνος
1572 4262 1637 4312 οὐδὲν
1649 4262 1752 4324 ἀλγεινὸν
1760 4262 1800 4310 τὸν

1020 4336 1130 4398 θάνατον,
1143 4338 1321 4399 ὥστεγενέσθαι
1336 4338 1377 4395 τὴν
1398 4334 1530 4398 ἀρρωστίαν
1551 4335 1638 4395 τρυφήν
1652 4332 1798 4393 αὐτόχρημα.

1020 4407 1100 4457 Scltol.
1113 4408 1143 4456 nd
1155 4408 1250 4457 buciani
1262 4408 1359 4456 rarastt.
1371 4405 1385 4469 §
1399 4408 1426 4453 87
1439 4406 1510 4460 ιτούς
1522 4406 1546 4453 δὲ
1559 4405 1605 4452 ἀπὸ
1618 4403 1741 4466 δυσουρίας
1751 4404 1801 4461 φθι-

1019 4479 1147 4535 νήσαντας,
1167 4480 1199 4532 ῶς
1214 4477 1363 4534 Ἀντισθένης.
1388 4476 1492 4523 liudocia
1516 4475 1540 4523 ln
1558 4472 1682 4522 vittotson.
1711 4469 1801 4520 Anecd.

1020 4551 1099 4596 Gracc.
1117 4547 1166 4595 vol.
1184 4548 1234 4607 lp.
1252 4554 1290 4596 56.
1313 4572 1344 4581 -
1362 4546 1410 4606 (89)
1435 4543 1471 4593 ct.
1488 4544 1557 4593 Plato
1576 4542 1658 4591 Phaed.
1671 4554 1694 4597 p.
1718 4547 1757 4589 61.
1773 4541 1801 4589 C.

1021 4630 1068 4679 seq.
1082 4642 1114 4653 —
1127 4616 1177 4678 (911)
1193 4618 1310 4679 Diogenes
1324 4614 1435 4664 Laertius
1447 4614 1489 4663 lih.
1499 4616 1537 4675 11,
1551 4616 1580 4662 17
1595 4632 1601 4662 ι
1612 4618 1658 4660 τῶν
1668 4612 1692 4659 δὲ
1702 4610 1803 4664 iradetu-

1022 4689 1096 4750 μένων
1108 4688 1177 4735 αύτδν
1189 4694 1236 4737 τῶν
1253 4688 1383 4749 λεγομένων
1404 4689 1559 4748 Σωκρατικῶν
1581 4686 1604 4732 ol
1623 4682 1803 4745 κορυφαιότατοι

1022 4758 1063 4820 μὲν
1074 4756 1180 4814 Πλάτων,
1189 4758 1306 4820 Ξενοφῶν,
1316 4758 1465 4814 Ἀντισθένης.
1477 4755 1568 4805 Gellius
1581 4754 1621 4802 lib.
1638 4756 1703 4811 xlv,
1714 4755 1723 4799 l
1736 4772 1741 4799 :
1755 4771 1767 4793 n
1777 4753 1803 4800 ut

1023 4828 1138 4876 exsistant
1148 4839 1190 4888 per
1200 4825 1366 4886 hujuscemodi
1374 4825 1497 4873 stellarum
1508 4822 1677 4872 concursiones
1686 4822 1710 4870 et
1721 4819 1804 4869 simili·

1024 4896 1119 4946 tudines
1134 4900 1238 4945 Socratae
1261 4897 1332 4945 simul
1345 4903 1369 4943 et
1386 4894 1536 4944 Antisthenae
1560 4899 1584 4943 et
1608 4895 1731 4941 Platones.
1746 4910 1758 4933 ν
1773 4916 1804 4926 -

1026 4968 1073 5028 (91)
1085 4966 1245 5028 hieronymus
1253 4968 1335 5014 contra
1347 4963 1426 5014 tortu.
1438 4965 1473 5022 11,
1485 4968 1511 5013 11
1521 4984 1527 5013 ι
1539 4982 1551 5005 ιι
1561 4960 1746 5011 innumerabiles
1752 4960 1805 5021 eius

1026 5036 1094 5096 libri,
1109 5050 1214 5097 quorum
1226 5036 1285 5085 alios
1306 5034 1488 5097 philosophico,
1507 5032 1566 5082 aiios
1584 5032 1702 5081 rhetorico
1720 5043 1805 5093 genere

1024 5106 1172 5167 conscripsit.
1186 5126 1198 5149 ι
1212 5106 1299 5154 Timon
1309 5108 1390 5153 autem
1404 5104 1562 5167 sillographos
1579 5116 1634 5153 enm
1646 5102 1677 5151 ob
1690 5101 1804 5150 hinorum

1025 5175 1204 5225 nmititudinem
1223 5181 1342 5237 παντορυῆ
1368 5176 1465 5237 ρλέδσνα
1485 5173 1596 5235 vocarit,
1619 5173 1681 5222 teste
1701 5170 1805 5230 Diogene

1024 5246 1121 5299 Laertio
1131 5247 1172 5296 lib.
1181 5249 1231 5308 vl,
1243 5251 1280 5296 18.
1294 5245 1350 5295 vtd.
1363 5244 1424 5295 Phil.
1437 5246 1516 5295 Graec.
1535 5246 1628 5305 Fragm.
1644 5241 1692 5290 vol.
1707 5242 1717 5290 1
1729 5254 1753 5301 p.
1764 5246 1802 5289 stt.
