3959 5925
792 356 954 418 rrumns
975 357 1175 418 sunnonis.
1296 336 1298 340 ’
1726 369 1777 420 ιιι

176 490 302 542 elementis
312 488 403 538 salubri
415 487 488 536 modo
504 507 511 535 r
526 490 554 537 nl
565 500 621 550 qun.
631 487 740 550 comestio
752 490 790 539 est
805 489 867 538 inter
878 489 956 550 iguem
1004 487 1075 538 debat
1088 490 1164 544 enim,
1176 499 1229 538 eum
1243 499 1296 538 esso
1315 491 1424 538 naturam
1440 490 1560 550 corporis,
1575 491 1632 540 ulei
1652 491 1720 540 lacile
1734 493 1781 541 im-

175 580 200 628 el
218 591 283 636 aera,
298 575 381 626 eadem
398 576 463 624 lorel
477 576 644 625 intersereret
661 588 749 637 aquam
766 591 771 623 :
787 590 883 625 rursum
902 588 957 638 qnae
1004 579 1106 638 porluna
1118 575 1204 625 caloris
1215 575 1402 638 occasionem}
1415 579 1497 625 contra
1512 577 1612 638 lriqoris,
1626 580 1781 643 omniumque

178 666 239 714 inter
264 676 319 712 aera
340 666 366 712 et
389 675 494 725 aquam,
517 662 571 712 nuc
594 663 678 712 eadem
699 663 723 711 in
748 676 818 726 aquoe
841 667 957 726 omneque
1003 663 1150 726 huiusmodi,
1161 677 1216 726 quae
1229 665 1253 713 in
1266 677 1352 726 magna
1367 668 1424 713 sunt
1441 665 1591 726 violentaque
1604 667 1723 728 potentia,
1737 683 1780 717 nn·

175 755 290 808 societate
308 751 458 802 consisteret.
491 753 571 813 mque
589 752 622 800 ita
641 765 671 800 ex
691 755 795 814 quatuor
815 753 957 814 supradictis
1003 756 1106 802 caretur.
1140 755 1195 809 Quo
1213 750 1324 811 consilio,
1340 763 1435 813 qunque
1454 753 1618 813 reputatione,
1636 767 1710 802 rmum
1727 768 1778 817 per·

177 841 284 892 materiis
312 840 448 902 praeclaram
470 839 541 888 istam
567 840 702 889 machinam
728 840 860 900 risibilem,
877 842 957 890 conti-
1003 839 1132 888 iectumex
1147 839 1782 906 perlectisomnibuscitrsseniumdissolutionemque

176 925 313 992 quamque,
333 927 463 976 lubricatus
486 929 534 988 est,
551 928 628 976 amics
650 927 753 990 partium
781 928 955 990 equilibritalis
1003 925 1421 988 composuit,lormamquedsditei
1436 940 1574 989 congruam,
1587 929 1781 991 quippesnimali

177 1016 270 1066 rarione
288 1014 418 1077 molstum,
430 1027 480 1076 quo
495 1013 642 1064 immortalis
654 1014 872 1078 indissolubilisque
894 1021 957 1067 esset
1004 1016 1091 1063 cuncte
1105 1012 1167 1062 intra
1189 1025 1259 1062 suum
1274 1015 1390 1062 ambitum
1407 1013 1532 1075 animatia,
1547 1020 1571 1064 et
1594 1028 1677 1066 omnes
1698 1030 1780 1067 eorum

177 1104 399 1154 adversusomoem
410 1105 609 1164 casum,exoepla
620 1102 658 1151 sui
668 1103 815 1152 labriomoris
825 1103 956 1154 voluntate.
1004 1101 1108 1161 formas,
1123 1102 1233 1164 gesturo;
1246 1101 1382 1162 globosum,
1392 1104 1417 1150 el
1431 1101 1574 1163 rotundam,
1590 1115 1644 1165 quoe
1665 1115 1679 1152 n
1695 1105 1782 1153 medie-

175 1191 253 1254 lgilur
264 1194 368 1252 quotuor
378 1189 418 1238 illa
427 1202 528 1252 corpora
542 1190 642 1251 integra,
649 1195 674 1239 et
683 1190 735 1240 sine
743 1189 792 1239 ulls
804 1190 956 1254 delibatione,
1005 1191 1053 1238 tate
1065 1188 1096 1237 ad
1108 1201 1204 1238 omnem
1217 1188 1334 1238 ambitum
1347 1189 1490 1238 extimarum
1501 1189 1605 1252 partium
1615 1191 1696 1252 spatiis
1705 1203 1782 1253 requa-

180 1280 209 1328 ad
224 1279 308 1330 mundi
328 1277 499 1326 continentiam
522 1281 618 1340 sumpta
639 1280 704 1327 sunt.
736 1281 770 1327 lir
789 1279 855 1328 omni
870 1281 958 1343 quippe
1005 1276 1068 1326 libus
1079 1276 1166 1338 distat;
1179 1287 1227 1339 quo
1239 1278 1303 1325 totus
1315 1277 1351 1326 sui
1365 1277 1448 1326 similis
1461 1277 1530 1339 toret,
1541 1278 1662 1328 meliorem
1675 1279 1782 1328 similitu·

177 1368 240 1432 igni,
254 1365 517 1416 elilcmertorisiltis
531 1355 885 1429 reliquis‚nero‚aqua‚lerra,
899 1381 957 1417 corr·
1004 1363 1084 1413 dinem
1111 1363 1304 1430 dissimilitudine
1327 1365 1450 1425 judicans,
1473 1366 1557 1414 laerem
1586 1379 1655 1428 porro
1684 1368 1781 1428 globum

178 1457 283 1505 structus
294 1455 344 1516 est;
357 1453 423 1503 nulla
439 1452 475 1502 rel
488 1454 606 1516 corporis,
620 1455 659 1503 rel
674 1456 797 1516 potentine,
812 1456 879 1516 parte
889 1455 957 1506 dere-
1005 1452 1207 1515 undiqueversum
1216 1452 1366 1502 extrinsecus
1376 1453 1490 1516 expolivit
1501 1467 1548 1502 non
1558 1454 1641 1504 oliose.
1659 1454 1781 1516 Siquidem

181 1541 245 1603 licia,
255 1543 454 1602 contemptaque:
465 1542 590 1602 propterea
600 1543 626 1589 ut
636 1541 767 1603 perlectum
779 1541 867 1590 animal
877 1544 956 1602 στοαῖς
1004 1553 1082 1602 neque
1092 1539 1187 1588 ridendi
1198 1540 1343 1589 necessarius
1353 1541 1415 1589 esset
1428 1553 1495 1601 usus,
1506 1541 1598 1590 cunctis
1606 1544 1673 1590 satra
1684 1541 1780 1602 globum

179 1632 262 1690 utpote
285 1640 315 1677 cr
337 1627 434 1689 integris
451 1627 604 1688 corporibus,
621 1627 791 1689 perlectisque,
806 1629 956 1678 conllalnm:
1005 1627 1136 1677 visibilibus
1144 1627 1321 1688 rejectis;intra
1328 1641 1375 1677 nec
1383 1627 1488 1690 auditus,
1498 1628 1563 1677 nullo
1573 1632 1639 1678 extra
1651 1629 1728 1691 posito
1739 1643 1781 1678 su-

179 1714 500 1776 lrocampliuqulaeternre
514 1727 614 1775 compos
628 1714 798 1764 incolumitatis
814 1715 882 1766 loret.
915 1716 957 1765 Vi·
1003 1715 1083 1764 dieudi
1095 1727 1230 1764 sono:uec
1239 1715 1439 1777 opusresplrsndi
1449 1715 1597 1777 adiumento,
1606 1717 1693 1778 quippe
1703 1719 1781 1766 omnis
1860 1707 1868 1726 '

176 1867 489 1945 ξυνδήσαντοςγενέσθτι,
532 1871 593 1927 Τῶν
612 1869 640 1926 δὲ
656 1868 688 1940 δὴ
701 1869 834 1948 τεττάρων
854 1869 881 1927 έν
896 1871 954 1929 ὅλον
1005 1869 1082 1928 πάντ’
1100 1871 1126 1927 ἐν
1146 1872 1216 1947 αὑτῷ
1236 1873 1290 1950 ζῷα
1310 1869 1439 1948 περιέχειν
1464 1870 1584 1943 μέλλοντι
1602 1869 1659 1949 ζῴῳ
1682 1871 1781 1949 πρέπον

176 1954 284 2014 ἕκαστον
300 1955 404 2036 εἴληφεν
416 1959 433 2026 ἡ
446 1961 492 2014 τοῦ
506 1954 607 2032 κόσμου
623 1955 756 2025 ξόστασις·
769 1960 800 2016 ἐκ
813 1958 863 2037 γάρ
877 1958 956 2037 πυρὸς
1005 1957 1036 2016 ἀν
1051 1956 1091 2027 εἴη
1114 1961 1206 2036 σχῆμα
1220 1957 1250 2016 τὸ
1266 1955 1431 2035 περιειληφὸς
1450 1958 1475 2013 ἐν
1498 1960 1568 2031 αὐτῷ
1589 1958 1675 2015 πάντα
1696 1959 1781 2016 ὁπόσα

178 2044 274 2108 παντὸς
287 2042 380 2108 ὕδατός
393 2065 421 2099 τε
435 2042 481 2100 καὶ
498 2042 573 2122 ἀέρος
587 2043 631 2101 καὶ
646 2048 694 2121 γῆς
710 2044 864 2116 ξυνέστησεν
879 2047 956 2104 αὐτὸν
1005 2043 1142 2123 σχήματα.
1157 2045 1262 2104 drisci
1283 2043 1457 2122 σφαιροειδές,
1473 2045 1502 2101 lor
1517 2043 1596 2119 μέσου
1619 2043 1705 2123 πάντη
1720 2046 1782 2124 πρὸς

179 2129 330 2200 sineretur,
338 2129 493 2209 μέροςοῦδὲν
501 2131 602 2197 οὐδενὸς
614 2131 671 2190 οὐδὲ
681 2133 790 2202 δύναμιν
798 2132 890 2201 ἔῖωθεν
898 2138 959 2192 ὓπο-
1004 2131 1050 2198 etr
1065 2131 1187 2198 τελευτὰς
1207 2131 1263 2189 ἴσον
1284 2132 1395 2210 ἀπέχον,
1411 2132 1562 2211 κυκλοτερὲς
1580 2131 1643 2190 αὐτὸ
1666 2133 1782 2211 ἐτορνεό-

178 2216 956 2298 irrepsi&irsvmoeirmporospleisctilesocpdlssrs
1004 2241 1085 2293 σατο,
1098 2219 1204 2278 πόντων
1218 2218 1377 2278 τελεώτατον
1399 2217 1550 2294 ὁμοιότατον
1572 2242 1600 2276 τε
1620 2220 1682 2278 αὐτὸ
1697 2223 1782 2300 ἑαυτῷ

176 2309 240 2386 ζῶον
256 2305 342 2365 τέλεον
355 2306 553 2366 {semenstres
567 2332 653 2387 μερων
666 2308 798 2389 simper
813 2309 952 2377 irrueret<
1005 2308 1164 2386 σχημάτων,
1180 2308 1288 2383 νομίσας
1308 2306 1392 2385 μυριιν
1413 2307 1519 2366 κάλλιον
1529 2305 1620 2416 ὅμοιρν
1646 2306 1780 2382 ἀνομοίου

176 2394 214 2469 ἓν,
230 2392 339 2474 ἀτεόυχ
356 2395 584 2472 ὓπολιλιιμμενιυν
606 2395 632 2465 ἐξ
646 2387 682 2454 ὧν
697 2397 763 2456 ἀλλο
776 2421 893 2458 τοιουτου
907 2421 953 2474 γε
1004 2396 1082 2452 Λεῖον
1107 2394 1134 2452 δὲ
1156 2393 1188 2465 δὴ
1214 2394 1302 2474 κύκλῳ
1326 2403 1378 2451 πᾶν
1400 2392 1492 2462 ἔξωθεν
1507 2395 1571 2450 αυτο
1585 2363 1781 2472 απηιιριόοῡτο,

175 2507 229 2542 νοιτ
232 2481 299 2553 ’ἀν,
314 2483 353 2540 έτι
373 2481 400 2540 δὲ
421 2481 499 2540 iso’
485 2505 590 2563 αχηρων
604 2507 649 2542 και
669 2476 803 2564 ἀνοσονῇ,
820 2491 955 2545 κατανοῶν
1003 2485 1135 2542 πολλῶν
1127 2483 1216 2562 χάριν.
1259 2483 1407 2559 Ὀμμάτων
1432 2505 1459 2538 τε
1487 2480 1537 2558 γὰρ
1561 2482 1677 2540 ἐπεδεῖτο
1696 2482 1780 2552 ουδέν,

179 2597 214 2639 ως
238 2569 256 2628 ἀ
277 2568 382 2649 ξυνιστᾶ
407 2569 441 2629 τὰ
466 2569 591 2648 σώματα,
617 2574 688 2652 pepp
690 2572 779 2631 tissi
808 2571 891 2650 ότρμά
911 2573 955 2630 καὶ
1003 2570 1409 2648 ὁρατὸνγάρούδὲνυπελείπιτσ
1424 2569 1529 2642 ἔξωθεη
1543 2570 1587 2626 οὐδ
1589 2567 1702 2638 ἀκοῆς,
1721 2570 1777 2628 οὐδὲ

176 2657 253 2715 πάνθ’
263 2655 312 2715 όσα
324 2631 447 2734 δυνάμεις
460 2619 647 2736 ῖσχυράςάχει,
659 2681 708 2737 περ
711 2658 849 2735 ιιστόμενα
861 2658 954 2766 ἔξρνθεν
1005 2657 1092 2765 χάρ’
1078 2681 1173 2715 uxone
1161 2658 1213 2714 ’όν
1225 2658 1329 2768 πνεῦμά
1341 2680 1370 2715 τε
1388 2658 1435 2714 οὐκ
1450 2648 1481 2727 ἦν
1507 2654 1640 2734 creperum<
1659 2657 1779 2732 δεόμενον

177 2743 569 2823 ιαλπρυσπίπτονταάνιαίρως,
589 2743 656 2818 λόει,
673 2744 818 2811 καὶνόσυυς
831 2745 913 2824 γῆράς
928 2769 956 2804 τε
1004 2748 1145 2814 ἆναπνοης.
1188 2735 1301 2802 Οὐδ’
1268 2767 1300 2800 αυ
1320 2766 1387 2808 τινος
1407 2743 1491 2802 ἐπιδεὲ
1494 2767 1505 2808 ς
1521 2735 1553 2814 ἦν
1567 2743 1678 2823 ὀργάνου
1691 2751 1778 2891 όσχεῖν,

177 2832 320 2908 ἐπαγοντα,
333 2831 428 2909 eleseu
442 2855 521 2891 ποιει
564 2831 615 2892 Διά
634 2833 666 2905 δὴ
681 2831 829 2904 celesticius
850 2834 953 2893 culros
1003 2821 1084 2909 ᾧτὴν
1100 2831 1147 2908 μὲν
1165 2833 1274 2898 ricinus
1277 2830 1398 2910 ’στροφὴν
1413 2831 1633 2909 δέξοιτο,τὴνδὲ
1655 2853 1674 2888 π
1677 2831 1777 2977 ρότερρν

177 2919 376 2997 λογισμὸνδ
316 2919 388 2980 τόνδε
410 2920 437 2980 ἓν
452 2921 640 2991 mosomii
661 2923 786 2982 daciscum
800 2921 888 2981 τέλεον
910 2947 955 2981 και
1003 2917 1151 2997 ἐξικμασμέ
1151 2943 1196 2991 νην
1216 2919 1369 3001 ἀποπέμψοι
1389 2919 1478 2980 πόλιν·
1492 2920 1572 2999 ἀπηει
1590 2942 1619 2977 τε
1637 2919 1760 2998 γὰρ’
1704 2921 1778 2978 ουδεν

178 3007 283 3087 ἀγήρων
307 3009 353 3066 καὶ
378 3008 469 3069 discos
491 3009 607 3093 αυτὸν’
595 3034 762 3081 ετειιτηνατυ.
806 3014 905 3089 Σχῆμα
928 3010 956 3070 δὲ
1003 3010 1061 3067 ουδὲ
1074 3032 1185 3089 προσῃιι
1206 3012 1276 3087 αὐτῷ
1296 3014 1382 3069 ποθεν·
1396 3010 1454 3068 οὐδὲ
1472 3002 1562 3089 γάρῗ
1545 3034 1588 3080 ην.
1631 3010 1700 3068 Αὐτὸ
1729 3008 1781 3090 γάρ

176 3096 272 3154 ἔδωκεν
289 3098 361 3177 αὐτῷ
372 3096 402 3154 τὸ
417 3096 515 3176 πρέπον
533 3098 578 3155 καὶ
595 3098 625 3155 τὸ
646 3098 770 3177 ξυγγενές.
814 3101 862 3177 Ἰῷ
878 3098 904 3156 δὲ
922 3098 955 3156 τὰ
1004 3100 1088 3177 ἑαυτῷ
1100 3097 1197 3178 τροφὴν
1209 3098 1256 3167 τὴν
1268 3100 1359 3155 ἑαυτοῦ
1370 3097 1455 3177 φθίσιν
1469 3096 1585 3176 παρέχον
1599 3096 1643 3155 καὶ
1655 3097 1744 3155 πάντα
1757 3099 1782 3155 ἐν

175 3264 270 3313 duobus
286 3278 379 3327 semper
389 3265 530 3327 copulentur
541 3284 547 3315 ι
560 3266 593 3315 lta
606 3265 720 3327 contigit,
731 3269 759 3314 ut
771 3265 833 3315 inter
844 3267 924 3328 iguem
934 3271 959 3317 et
1003 3281 1033 3316 er
1046 3267 1159 3315 omnibus
1176 3265 1234 3315 tolia
1248 3268 1320 3327 alque
1339 3266 1451 3327 perleclis
1471 3265 1619 3323 absolveret,
1638 3264 1702 3327 quod
1720 3266 1783 3313 omni

178 3355 266 3403 terram
282 3367 370 3416 squsrn
388 3353 449 3404 deus
462 3355 615 3417 animamque
635 3360 750 3416 poneret,
763 3366 840 3417 enque
859 3356 920 3405 luter
932 3366 974 3404 se'·
1005 3354 1195 3404 morbuseuiore
1207 3356 1298 3403 careret

176 3446 327 3504 compararet
335 3445 360 3492 et
369 3443 523 3505 proporlrone
533 3442 696 3504 eosprrngsrer
706 3445 741 3504 ul,
754 3443 957 3522 quemadmodum
1036 3444 1146 3490 Formam
1163 3442 1244 3489 autem
1259 3442 1283 3489 el
1302 3440 1406 3488 nimime
1420 3439 1466 3489 eibi
1482 3444 1607 3499 cognatam
1627 3442 1651 3488 et
1673 3438 1783 3487 decoram

176 3529 350 3591 iguisanimrc,
366 3530 400 3579 sic
418 3530 498 3579 anima
514 3544 597 3593 aqurn3
610 3530 724 3593 quodque
742 3530 920 3593 animasque,
934 3530 957 3580 id
1004 3527 1079 3576 dedii.
1096 3531 1177 3588 Aquo
1201 3528 1265 3575 enim
1290 3526 1411 3575 suintunle
1430 3538 1515 3575 omnes
1541 3526 1645 3587 reliquos
1666 3524 1784 3574 contineri

177 3629 241 3677 aqua
257 3619 329 3666 lsrroe
344 3619 499 3679 proportione
521 3618 643 3668 redderet,
679 3621 732 3675 Qua
747 3632 775 3668 pa
791 3619 959 3679 mujupprtopp
1006 3615 1236 3672 vellelnurmsnlrs
1250 3614 1349 3661 trunces
1364 3613 1631 3674 lormalanarilqun
1642 3624 1689 3659 um
1703 3625 1785 3661 omnes

71 3766 76 3773 ¹
132 3710 137 3721 ·
177 3704 264 3754 cantum
281 3704 313 3753 ita
326 3707 408 3767 aptum
426 3708 514 3768 esl‚ul
528 3706 573 3755 sulr
588 3710 714 3769 aspectum
731 3710 756 3756 et
770 3710 861 3756 lacrum
879 3708 957 3757 cadas,
1006 3702 1103 3763 reliques
1120 3702 1203 3751 lormrs
1219 3700 1417 3749 concluduntur:
1434 3705 1459 3749 ct
1472 3699 1599 3761 globosum
1621 3702 1659 3748 est
1681 3699 1784 3748 lubrica·

177 3796 262 3853 linque
275 3794 304 3841 cl.
314 3792 346 3841 ob
362 3805 415 3842 eam
429 3806 527 3842 sarisam
539 3796 563 3843 el
575 3806 603 3842 ex
620 3794 648 3843 iis
661 3794 750 3853 rebus,
769 3806 870 3842 numero
887 3798 959 3856 qual·
1006 3789 1127 3852 tus,quod
1136 3788 1468 3852 sperpouis'rGraecirocant;
1478 3787 1548 3847 cuius
1557 3787 1636 3837 omnis
1646 3788 1785 3837 extremitas

178 3882 243 3941 tuor,
256 3880 340 3930 usundi
354 3884 392 3930 est
403 3894 491 3944 corpus
507 3881 633 3941 ellectum,
645 3894 673 3931 ea
686 3882 842 3931 constricium
861 3894 958 3944 compa-
1006 3878 1103 3939 paribus
1117 3876 1224 3927 emedio
1242 3875 1317 3925 radiis
1328 3875 1467 3937 attingitur3
1478 3875 1550 3937 idque
1569 3876 1601 3926 ita
1623 3876 1740 3937 tornacit,
1758 3880 1786 3926 ul

179 3968 285 4030 ratione,
296 3981 343 4030 qua
354 3968 403 4019 diri
417 3982 464 4019 :er
476 3982 529 4031 qno
540 3969 592 4031 ipsc
604 3982 630 4018 se
641 3970 754 4019 concordi
772 3969 876 4033 quadem
897 3970 958 4018 ami·
1005 3965 1064 4014 nillil
1082 3964 1144 4015 ellici
1160 3965 1235 4027 possit
1247 3963 1389 4024 rotundius,
1403 3962 1460 4012 rrilril
1480 3968 1506 4011 ul
1523 3956 1658 4025 asperiiatis
1674 3964 1785 4024 liaberet,

180 4043 272 4105 citin'el
285 4057 384 4107 caritate
396 4056 581 4120 complectitur;
593 4061 666 4121 atque
684 4059 716 4106 ita
730 4061 785 4120 apte
800 4059 915 4118 coiceret,
933 4060 960 4107 ut
1007 4053 1066 4103 nitril
1079 4052 1227 4113 offensionis,
1239 4052 1298 4101 nihil
1307 4051 1412 4101 incisum
1422 4051 1529 4113 sagittis,
1543 4050 1600 4099 nilrit
1612 4050 1785 4110 amfractibus,

172 4141 277 4192 ‘dissolri
293 4144 444 4195 nullomodo
457 4146 644 4208 queat,aisiub
659 4146 779 4207 sodoma
792 4159 841 4209 quo
856 4149 893 4196 est
910 4146 959 4209 eol·
1006 4141 1063 4191 nillil
1075 4142 1199 4204 eminens,
1212 4140 1271 4190 nilril
1291 4141 1433 4189 lacunosum
1450 4159 1456 4188 ι
1471 4152 1602 4201 omnesque
1616 4140 1695 4202 parles
1709 4138 1783 4188 simil·

179 4229 273 4290 ligatus.
305 4234 391 4280 Earum
406 4222 486 4282 aulem
500 4236 613 4295 quattuor
625 4246 723 4296 rerum,
739 4247 799 4295 quas
813 4233 959 4297 supradixi,
1005 4232 1076 4281 limas
1088 4230 1207 4291 omnium,
1220 4229 1285 4293 quod
1297 4228 1349 4289 ejus
1361 4228 1490 4290 prestabat
1499 4227 1589 4289 judicio
1601 4224 1786 4276 dissimililudini

178 4318 213 4365 sic
228 4317 332 4367 inomni
351 4319 841 4383 mundoomoesparlescotlocalrnsunt,
856 4323 960 4371 utnulla
1006 4319 1145 4370 similitudo.
1179 4320 1352 4369 omrriuutem
1377 4319 1451 4366 totam
1473 4316 1571 4377 ligurum
1587 4314 1671 4364 mundi
1690 4314 1786 4365 levitate

179 4416 237 4465 pars
248 4403 585 4467 liuiusceqcoerlserenderet
597 4411 665 4458 erlra
676 4409 782 4471 atquein
793 4410 839 4458 lroc
848 4410 960 4459 unirsrso
1006 4407 1175 4457 circumdedit.
1208 4410 1256 4456 llec
1275 4406 1339 4455 enim
1357 4406 1434 4454 oculis
1451 4405 1547 4467 serint,
1562 4404 1619 4467 quia
1631 4402 1690 4452 nihil
1702 4406 1785 4461 extro,

178 4492 284 4541 inessent
296 4504 383 4554 genera
397 4494 438 4543 ills
453 4496 572 4545 uuirersa.
605 4496 631 4546 id
641 4497 672 4545 ob
685 4510 727 4546 eas
739 4510 840 4559 esrum,
855 4495 960 4558 primum
1006 4495 1070 4557 quod
1087 4495 1152 4545 cerni
1173 4497 1265 4557 posset,
1278 4493 1388 4542 relietum
1403 4494 1453 4543 erat
1470 4512 1475 4541 :
1495 4505 1539 4542 nec
1553 4491 1665 4552 nuribus,
1684 4490 1741 4553 quia
1757 4501 1787 4538 ne

179 4580 208 4626 nl
229 4579 335 4629 muudus
358 4581 467 4631 animans
489 4588 570 4645 posset
593 4598 622 4635 ex
652 4585 761 4647 perlectis
779 4586 887 4647 partibus
908 4598 961 4635 esse
1006 4582 1070 4645 quod
1083 4582 1206 4632 audiretur
1218 4581 1337 4644 quidem:
1358 4593 1436 4643 neque
1455 4583 1524 4629 eroul
1542 4580 1622 4628 animi
1641 4576 1787 4627 mrcumllrsa

180 4666 300 4726 perlectus
317 4667 426 4718 :deinde
439 4672 466 4719 ul
479 4683 543 4720 uuus
557 4676 633 4730 suet,
648 4673 715 4731 nulla
731 4676 809 4734 pade,
824 4672 889 4721 unde
901 4673 962 4722 ulter
1006 4676 1115 4723 extrema
1133 4670 1228 4732 mundi,
1249 4674 1276 4720 ul
1296 4671 1475 4733 respirationem
1492 4670 1622 4731 requireret
1643 4682 1649 4715 :
1670 4680 1713 4716 sec
1730 4678 1787 4715 vero

180 4752 324 4815 gigneretur,
338 4754 421 4805 relicla
436 4776 442 4807 :
455 4763 577 4819 postremo
590 4761 675 4824 nequi
692 4760 791 4809 morbus
808 4772 865 4808 eum
881 4764 963 4821 posset
1007 4760 1158 4810 desiderabat
1174 4766 1215 4808 aut
1229 4759 1340 4807 alimenta
1356 4758 1462 4821 corporis
1476 4763 1520 4805 sut
1538 4756 1710 4806 detraeliouem
1727 4767 1785 4802 eon·

179 4840 221 4888 aut
234 4844 345 4903 senectus
358 4844 482 4906 alliuqers.
499 4848 584 4896 omnis
596 4848 659 4897 enim
671 4847 961 4910 congruentstiocorporis
1008 4846 1061 4895 lecti
1076 4848 1102 4894 el
1119 4846 1255 4907 consumpti
1271 4845 1327 4895 cilri.
1360 4848 1443 4906 Neque
1461 4843 1525 4893 enim
1543 4843 1591 4892 ulia
1607 4841 1716 4891 decessio
1735 4840 1786 4889 lteri

179 4927 219 4975 rel
236 4927 313 4977 calore
326 4929 364 4979 rel
378 4930 511 4994 trigoreret
523 4935 602 4998 aliqua
617 4935 762 4998 impulsione
775 4935 909 4985 relremenli
928 4935 962 4983 ln-
1008 4936 1102 4996 polerat
1118 4945 1196 4995 neque
1210 4931 1315 4981 aeconio
1327 4952 1334 4980 ι
1347 4944 1391 4979 nee
1408 4942 1464 4978 τετυ
1476 4930 1538 4987 erat,
1550 4926 1621 4977 unde.
1654 4930 1690 4977 ltu
1702 4938 1728 4975 se
1737 4924 1787 4987 ipse

179 5014 311 5065 belactatur
320 5019 345 5068 et
361 5017 476 5081 lmnqilur
486 5024 511 5071 et
523 5022 553 5071 ad
575 5023 673 5073 morbos
686 5025 879 5084 senectutemque
894 5034 961 5071 corn·
1008 5021 1189 5083 consumptione
1203 5022 1228 5070 et
1245 5020 1311 5069 senio
1325 5019 1404 5069 alebat
1422 5017 1459 5067 sui
1469 5053 1476 5079 ,
1487 5028 1562 5079 quum
1579 5015 1629 5079 ipro
1646 5027 1686 5077 per
1698 5028 1724 5064 se
1735 5016 1758 5064 et
1772 5026 1786 5063 s

180 5104 283 5164 pellitur.
326 5108 396 5156 lianc
419 5110 490 5171 igilur
509 5111 594 5161 lrabuit
617 5112 736 5162 talionem
761 5110 961 5161 eileclurmumli
1008 5124 1033 5159 se
1048 5116 1073 5159 et
1092 5113 1214 5172 poteretur
1228 5112 1252 5159 el
1279 5109 1366 5158 luceret
1387 5106 1478 5156 omnia.
1511 5105 1551 5155 Slc
1572 5104 1635 5154 enim
1661 5106 1727 5152 ratus
1750 5104 1787 5152 esi

87 5177 93 5190 '
180 5191 323 5255 molliorque
342 5193 416 5257 siens,
430 5200 457 5245 ut
471 5209 547 5246 ιιιιιιιιι
565 5210 627 5259 opus
648 5201 728 5247 tolum
744 5198 818 5261 utque
831 5197 961 5259 perlectum
1008 5196 1061 5259 ille,
1074 5198 1115 5259 qui
1128 5196 1173 5247 ista
1185 5196 1267 5257 jussit
1280 5200 1305 5247 et
1318 5194 1439 5258 condidit,
1453 5194 1533 5257 ipsum
1546 5204 1572 5242 se
1581 5193 1721 5242 contentum
1734 5201 1787 5239 esse

286 5278 353 5324 Ραιι.
371 5279 452 5327 Grac
466 5290 491 5326 ιι.
1653 5280 1674 5320 ¹¹
