3959 5925
201 340 257 392 178
909 324 1109 386 CHALCIDH

198 458 269 510 nobis
288 459 392 522 ridetur,
408 461 433 508 et
451 455 977 521 plerumqueJ‘uxtergnisettigiemnoneet,
1023 455 1159 506 monitione
1180 457 1284 520 proprie.
1317 455 1410 518 iteeipit
1427 455 1492 506 enim
1512 457 1672 516 eunots,nee
1685 457 1805 510 ‘ultumos

198 547 292 611 opinor,
298 546 369 610 ignis,
378 545 421 594 sed
430 545 529 606 igneum
537 543 669 608 quiddsm3
680 557 726 594 nee
738 555 788 605 ser,
798 543 841 593 sed
852 556 951 594 nereum
970 565 976 593 z
1024 544 1107 594 iisdem
1121 543 1223 593 formum
1244 543 1330 604 testor,
1343 545 1376 606 et,
1393 556 1449 592 oum
1461 543 1529 593 sehet
1541 543 1604 594 intre
1619 544 1737 606 gremium
1754 547 1808 609 eius

199 647 246 687 nee
266 633 365 682 omnino
385 632 514 695 quiequam
528 631 595 681 vetut
611 631 703 681 babens
719 631 794 681 ulium
813 630 976 681 strbiiitstem.
1026 632 1170 693 formentur,
1182 644 1237 694 pune
1251 631 1406 694 recipiuntur,
1416 631 1470 694 ipss
1487 630 1597 680 intormis
1608 634 1707 682 menete
1721 635 1807 696 estque

198 721 307 785 Denique
328 732 361 769 no
376 718 557 781 pronominibus
571 718 669 782 quidem
691 718 747 770 uitis
766 719 883 783 dignsudn
905 721 978 780 sont,
1024 723 1147 785 usosejns
1161 721 1243 772 similis
1257 720 1324 771 mulii
1342 721 1484 784 mentique
1502 721 1659 783 meteriae‚in
1672 734 1745 785 quem
1760 723 1808 773 iru-

197 808 285 873 quibos
294 809 320 857 in
327 806 532 858 demonstratione
545 805 580 856 uti
590 806 709 857 solemus:
723 819 779 856 oum
790 806 894 857 dicimus
901 843 910 869 ,
922 807 978 869 boe,
1025 813 1160 878 primuntne
1173 812 1238 862 reris
1249 811 1371 873 signecnie
1387 826 1395 861 ε
1410 813 1585 872 moveturque,
1596 811 1622 861 et
1634 811 1806 874 eontormetur,

197 896 237 948 rei
246 895 313 946 iliud.
321 894 510 958 Fugiuntentm,
517 907 563 946 noe
573 897 714 957 exspectent
724 907 776 945 enm
786 895 977 958 appeliationem,
1024 899 1164 952 emimode
1177 900 1209 950 sb
1228 884 1420 959 introeuntibus,
1434 898 1487 961 ipos
1502 909 1548 948 nee
1561 898 1678 960 formem,
1692 912 1738 949 nee
1754 912 1809 950 mo·

197 998 253 1052 (ΙΝ
274 984 362 1048 Μῦν
375 985 491 1048 tffltfflm
511 983 542 1034 ⁶0
560 982 746 1042 0¹⁸¹S¹fflfib⁰⁸s
761 982 872 1034 habemi-
904 984 981 1047 Ῑεῑῑθῐ
1024 990 1092 1051 tum,
1105 988 1197 1040 hebens
1218 1000 1247 1038 en
1270 988 1356 1037 netnrs
1380 999 1433 1036 sus.
1466 989 1527 1046 Ques
1552 997 1609 1036 vero
1630 986 1810 1049 ingrediuntur,

197 1075 278 1137 ignem
291 1085 388 1136 quoqne
399 1085 455 1122 eum
467 1083 524 1121 rere
534 1082 588 1121 esse
601 1070 743 1133 putendum,
753 1071 795 1132 qni
806 1084 902 1134 semper
914 1071 980 1122 idem
1025 1077 1114 1126 termes
1127 1077 1236 1138 mutsnt;
1250 1075 1356 1138 situsque
1366 1073 1427 1136 stin,
1437 1075 1462 1125 et
1476 1073 1588 1132 dirorss,
1602 1075 1731 1124 cernuntur
1746 1093 1753 1125 :
1766 1087 1809 1126 es·

198 1164 236 1212 est
252 1178 260 1210 ι
276 1162 301 1212 et
314 1173 401 1220 omne,
415 1159 485 1222 onius
500 1159 633 1222 proprietss
652 1160 743 1211 menet.
773 1158 936 1221 reversio,
955 1159 981 1210 in
1024 1164 1211 1227 domnumque
1232 1164 1408 1223 introeunt‚et
1426 1161 1589 1224 egrediuntur,
1606 1161 1809 1213 simulacrorum

130 1239 133 1245 ’
198 1263 249 1316 qno
265 1249 383 1300 boribus
396 1248 491 1312 singnis
508 1247 663 1312 ridentur,et
681 1248 779 1299 mmum
792 1248 909 1310 dissolri,
924 1263 980 1314 per·
1025 1266 1082 1304 vere
1091 1252 1260 1303 exsistentium
1271 1263 1360 1311 νοτυοι,
1369 1249 1553 1313 miroquodem,
1561 1249 1652 1312 vixque
1663 1250 1811 1315 explicabili,

199 1337 328 1401 onntisqm
346 1336 377 1387 sd
392 1337 451 1386 sites
465 1335 522 1386 inde
535 1331 637 1386 trsnstre
650 1336 753 1398 tormns,
766 1337 845 1386 sotum
863 1336 923 1388 iliud
937 1351 980 1400 sp·
1027 1342 1098 1392 modo
1107 1341 1246 1391 remenso
1255 1339 1342 1391 iisdem
1348 1351 1405 1389 rere
1414 1337 1587 1389 exsistentibus
1595 1337 1682 1399 rebus,
1692 1340 1809 1401 querneu-

200 1425 339 1491 pellandum
363 1427 421 1487 pnto
443 1426 508 1474 certo
528 1424 677 1486 pronomine·
709 1427 783 1475 lieete
804 1425 892 1488 qnippe
909 1438 982 1488 posse
1026 1429 1126 1480 modum
1137 1441 1195 1478 mox
1207 1428 1373 1478 dernenstrore
1383 1425 1503 1476 enitemur
1514 1437 1559 1488 pro
1573 1424 1676 1474 viribus.

201 1514 250 1566 otei
269 1514 300 1566 de
322 1527 366 1574 eo,
378 1514 438 1576 boo,
451 1512 488 1562 rei
499 1511 567 1562 iliud.
600 1513 690 1574 Porro,
704 1513 769 1575 quod
784 1512 868 1576 recipit
880 1512 982 1576 ouslits·
1059 1519 1127 1582 §nb
1146 1520 1178 1568 ‚u
1197 1530 1263 1574 roro,
1274 1528 1338 1566 nune
1357 1514 1446 1564 trinum
1463 1525 1539 1576 genus
1558 1513 1640 1563 snirno
1665 1514 1813 1564 sumendum

201 1607 270 1669 θοιο,
281 1586 321 1654 'rel
333 1603 406 1654 etiam
417 1602 479 1652 verti
495 1603 574 1665 potest
590 1600 615 1650 in
627 1601 760 1651 contrarius
775 1600 912 1664 qneiitstes,
924 1601 980 1651 enli-
1028 1610 1078 1667 est,
1091 1604 1156 1668 qnod
1167 1604 1281 1667 gignitur,
1291 1603 1351 1654 item
1365 1601 1443 1662 eliud,
1456 1601 1481 1650 in
1497 1613 1546 1664 quo
1563 1599 1683 1662 gignitum
1694 1603 1812 1663 premes

200 1690 260 1741 dnm
275 1691 336 1752 diei,
351 1691 390 1740 ret
413 1688 558 1751 candidum
577 1689 738 1752 proprioque,
749 1691 776 1739 et
793 1691 873 1750 serto,
884 1690 984 1740 nomine
1027 1693 1139 1756 tertium,
1151 1706 1180 1744 er
1193 1705 1242 1757 qno
1258 1689 1439 1741 similitudinem
1458 1687 1542 1749 trehit,
1553 1689 1734 1752 mutueturuue,
1744 1689 1807 1752 quod

201 1777 408 1844 appettsri,qnod
432 1777 464 1827 sit
479 1775 636 1828 iuoertnmet
649 1775 764 1826 innubite
779 1776 879 1826 minime
894 1789 982 1827 eonve-
1027 1781 1138 1844 gignitur
1170 1782 1245 1832 benet
1262 1791 1319 1842 ergo
1338 1779 1416 1828 iuuere
1434 1775 1652 1840 comparationem,
1671 1775 1813 1826 similitudi-

200 1868 262 1919 nire.
294 1866 343 1918 Sed
365 1865 461 1929 opinor,
478 1865 551 1915 etism
570 1877 637 1914 nuno
655 1865 763 1928 apertius
782 1863 813 1916 de
833 1864 918 1914 eodem
937 1865 984 1915 erit
1028 1882 1132 1932 nemque
1146 1867 1276 1931 impertiri,
1289 1867 1322 1918 iili
1337 1865 1449 1929 quidem,
1462 1862 1528 1928 qnod
1548 1865 1660 1926 suscipit,
1674 1863 1773 1926 metris3
1786 1866 1815 1914 st

199 1953 329 2004 dissertare
339 1950 485 2010 uouendum.
518 1951 545 2002 si
558 1950 688 2014 quiseniur
700 1951 913 2013 annominemus,
926 1951 982 2014 tigu-
1029 1955 1164 2006 verounde
1179 1953 1292 2014 obvenit,
1306 1952 1379 2016 putris
1393 1929 1540 2024 :Uiitisntem
1558 1954 1731 2015 neturre,qure
1751 1953 1816 2003 inter

201 2053 298 2104 resque.
311 2052 344 2090 ox
359 2053 407 2090 una
424 2040 558 2104 eodemque
571 2039 624 2090 euri
643 2040 742 2090 marem
757 2039 946 2102 tietmtueiter,
960 2043 984 2090 et
1028 2048 1082 2096 nee
1099 2045 1149 2096 ouo
1172 2046 1222 2104 est,
1233 2043 1315 2107 prolis.
1348 2041 1424 2092 stunt
1442 2042 1477 2091 its
1494 2041 1690 2104 intelligendum,
1701 2041 1751 2092 neri
1764 2056 1816 2092 non·

200 2127 455 2188 stnetntermissione,
466 2127 492 2176 in
509 2126 583 2189 eliso,
592 2128 667 2189 utque
677 2126 751 2188 oties,
761 2127 873 2178 retormet
887 2148 894 2178 :
908 2130 983 2187 tuno,
1030 2146 1115 2197 posse,
1125 2135 1153 2182 nt
1163 2143 1212 2180 unu
1224 2131 1324 2181 exsistet
1338 2129 1423 2191 tsoies,
1436 2142 1493 2192 quse
1508 2140 1591 2179 ornnes
1606 2141 1687 2179 rernm
1703 2129 1814 2179 omnium

200 2216 222 2267 si
247 2216 302 2278 unis
323 2217 399 2266 electe
415 2227 465 2266 une
490 2214 598 2278 quotibet
620 2215 712 2276 figure,
733 2217 826 2276 ουσιαι
844 2228 900 2278 oure
921 2215 953 2267 sit
974 2234 982 2265 ε
1029 2221 1132 2280 iormss,
1144 2219 1291 2281 unitusque,
1303 2216 1561 2279 monumentisque
1581 2216 1687 2278 eorporis
1706 2215 1816 2279 undique

201 2303 297 2368 opinor,
306 2316 378 2367 posse
392 2301 477 2364 irrue,
490 2307 517 2353 et
527 2301 661 2365 diligenter.
671 2313 701 2352 su
715 2301 768 2353 sine
783 2302 984 2364 reprehensione,
1030 2319 1074 2358 ors
1083 2306 1240 2366 demonstret,
1255 2305 1301 2354 nisi
1317 2305 1427 2366 subiecto
1443 2297 1538 2353 intormi
1549 2303 1616 2366 prins
1629 2303 1710 2365 utiquo
1725 2313 1813 2365 eorpo-
1904 2359 1907 2362 ,

200 2390 355 2456 responderi,
367 2404 453 2440 eurum
466 2389 523 2440 iliud
540 2402 593 2440 erse
610 2404 617 2438 t
633 2402 679 2440 nec
696 2389 785 2442 sedere
803 2391 929 2454 trisngoti,
941 2405 984 2454 ep·
1030 2407 1085 2444 rum
1101 2393 1214 2456 penio:
1235 2391 1348 2456 perinde,
1363 2395 1391 2442 ut
1408 2404 1464 2454 quse
1484 2390 1510 2440 in
1533 2391 1635 2455 picturis
1650 2390 1814 2441 substernitur

202 2479 316 2542 lindrire,
337 2478 437 2542 cujusve
460 2477 560 2528 etunius
582 2477 667 2528 tormer
688 2478 815 2530 ridebitur.
847 2478 938 2530 iisdem
958 2483 984 2531 et
1029 2481 1127 2532 intentio
1144 2480 1241 2530 deeoior
1254 2481 1404 2530 euenturum
1414 2478 1505 2529 tumtns
1516 2478 1683 2529 snbretrends.
1716 2479 1812 2529 Etenim

202 2567 333 2619 oensimilis
345 2569 422 2629 rutro,
433 2565 621 2628 difficulterque,
638 2565 664 2616 in
674 2579 704 2617 es
717 2573 817 2628 nature,
829 2581 885 2630 ηοω
898 2571 984 2620 onnus
1029 2569 1050 2619 si
1063 2569 1110 2619 erit
1122 2568 1223 2630 alicuius
1236 2581 1334 2631 eorum,
1348 2581 1405 2631 qum
1422 2567 1448 2616 in
1463 2579 1490 2617 se
1505 2567 1603 2629 recipit,
1614 2566 1693 2617 simite
1706 2567 1816 2628 resspo-

202 2655 285 2718 reripit
297 2667 412 2716 corpora,
428 2653 558 2716 reperitur,
568 2652 622 2704 boo
635 2654 724 2716 quippe
739 2654 839 2706 minime
850 2655 940 2706 recedit
954 2669 985 2706 ex
1032 2657 1128 2721 enlnm;
1137 2669 1194 2708 eum
1206 2657 1265 2720 qnid
1276 2657 1388 2708 obveniet
1400 2655 1569 2718 dissimiletis,
1581 2654 1669 2718 quibus
1678 2654 1756 2705 simile
1766 2657 1817 2716 est,

202 2859 302 2920 τούτων
311 2859 460 2935 τιθεμένους
469 2849 521 2916 ebbe
534 2856 628 2934 λέγειν·
641 2857 682 2915 eet
700 2857 714 2915 δ
727 2863 879 2938 καθορῶμεν
891 2861 984 2920 άλλοτι
1032 2886 1104 2940 ματα
1115 2863 1227 2944 (μύσεως.
1269 2861 1373 2922 Ταθτδν
1388 2860 1470 2935 αὐτὴν
1482 2861 1523 2920 ἀεὶ
1537 2861 1706 2943 προσρητέον·
1721 2861 1750 2918 ἐκ
1764 2855 1817 2939 γάρ

205 2950 274 3027 άλλη
296 2946 456 3026 γιγνόμενον,
469 2949 509 3012 ὥς·
523 2950 585 3025 πῦρ,
599 2944 638 3023 μὴ
651 2951 727 3005 τοῦτο
747 2946 816 3007 ἀλλὰ
827 2947 858 3007 τὸ
871 2951 985 3009 τοιοῦτον
1031 2954 1078 3021 τῆς
1090 2953 1185 3023 ἑαυτῆς
1198 2950 1229 3010 τδ
1238 2949 1365 3029 παράπαν
1379 2953 1426 3009 οὐκ
1442 2949 1574 3017 ἐξίσταται
1585 2947 1727 3027 δυνάμεως.
1767 2946 1819 3007 Δι’·

203 3036 330 3097 ἑκάστοτε
343 3034 545 3115 προσαγορεύειν
560 3039 632 3115 πῦρ,
646 3033 714 3113 μηδὲ
729 3034 799 3113 ὕδωρ
817 3040 894 3096 τοῦτο
917 3037 985 3097 ἀλλὰ
1031 3039 1108 3118 χιταί
1119 3062 1147 3097 τε
1157 3039 1209 3120 γὰρ
1223 3038 1265 3097 eu
1276 3036 1311 3095 τδ
1321 3036 1408 3097 πάντα
1418 3082 1427 3114 ,
1438 3038 1483 3097 καὶ
1498 3037 1602 3118 μορφὴν
1613 3037 1736 3116 οὐδεμίαν
1748 3034 1811 3094 ποτὲ

204 3125 236 3185 τδ
257 3131 369 3184 τοιοῦτον
386 3122 520 3199 ἀεί,μηδέ
543 3121 608 3183 ἄλλο
626 3123 690 3181 ποτέ
714 3122 796 3199 μηδὲν
810 3124 907 3191 ὥςτιν’
923 3124 984 3207 ἐχον
1032 3126 1116 3186 οὐδενὶ
1129 3130 1182 3185 τῶν
1197 3126 1328 3185 εἰσιόντων
1340 3125 1432 3201 ὁμοίαν
1449 3124 1554 3207 εἴληφεν
1567 3127 1672 3205 οὐδαμῇ
1683 3126 1816 3202 οὐδαμῶς·

204 3211 378 3295 βτύαιύτητα,
392 3212 443 3271 ὅσα
462 3207 605 3278 δεικνύντες
622 3213 661 3291 τῷ
682 3211 780 3292 ῥήματι
801 3214 840 3291 τῷ
858 3212 918 3271 τάδε
939 3214 984 3273 καί
1034 3216 1172 3290 ἐκμαγεῖον
1187 3217 1238 3294 γὰρ
1258 3211 1334 3292 μύσει
1350 3213 1429 3270 παντί
1442 3220 1543 3291 κεῖται,
1556 3212 1708 3290 κινούμενόν
1728 3210 1819 3272 τεκαὶ

202 3306 281 3361 τοῦτο
287 3298 589 3381 προσχρώμενοιδηλοῦν
597 3299 732 3381 ἡγούμεθά
738 3322 773 3357 τι·
781 3297 868 3378 φεύγει
877 3298 927 3379 γὰρ
935 3303 984 3379 ούχ
1033 3299 1305 3379 διασχηματιζόμενον
1322 3298 1374 3358 θπδ
1388 3303 1440 3357 τῶν
1455 3298 1597 3359 εἰσιόντων.
1641 3299 1772 3359 Φαίνεται
1786 3298 1815 3358 δέ

204 3388 334 3468 ῦπομένον
342 3389 390 3459 τὴν
396 3392 442 3446 τοῦ
452 3385 510 3445 τόδε
521 3385 568 3445 καί
578 3385 626 3459 τὴν
634 3384 726 3449 τούτοιν
737 3387 784 3445 καὶ
797 3383 844 3457 τὴν
859 3389 926 3465 τῷδε
940 3386 986 3446 καὶ
1032 3391 1064 3448 δι’
1078 3389 1164 3447 ἐκεῖνα
1180 3388 1274 3447 άλλοτε
1288 3388 1402 3450 ἀλλοῖον.
1444 3385 1488 3449 Tu
1497 3386 1525 3446 δέ
1537 3386 1649 3447 εἰσιόντα
1659 3387 1705 3447 καί
1716 3385 1817 3455 ἐξιόντα

203 3485 293 3537 πᾶσαν
308 3474 357 3547 όση
373 3473 472 3553 μόνιμα
486 3477 521 3541 ὡς
541 3472 604 3533 ὄντα
625 3472 694 3533 ebrie
716 3472 875 3533 ἐνδείκνυται
895 3474 984 3556 ράσις.
1032 3481 1083 3537 τῶν
1108 3474 1190 3535 όντων
1217 3475 1258 3535 ἀεί
1284 3472 1449 3554 μιμήματα,
1470 3474 1623 3535 τυπωθέντα
1657 3474 1704 3534 ἀπ’
1730 3477 1819 3533 αὐτῶν

202 3564 282 3627 Ἀλλὰ
295 3568 380 3623 ταῦτα
397 3562 445 3641 μὲν
460 3562 561 3623 ἕκαστα
577 3560 615 3640 μὴ
627 3560 804 3640 λέγειν,τδδέ
816 3568 931 3623 τοιοῦτον
946 3562 986 3621 ἀεὶ
1032 3564 1127 3645 τρόπον
1147 3564 1207 3625 τινδ
1225 3564 1389 3647 δύσρραστον
1410 3564 1455 3624 καὶ
1479 3564 1640 3641 θαυμαστόν,
1655 3561 1683 3621 δν
1705 3562 1818 3629 εἰσαῦθις
1906 3592 1912 3603 ·

202 3646 405 3735 περιφερόμενον
432 3651 522 3730 ὅμοιον
546 3650 656 3711 ίκάστου
683 3650 743 3731 πέρι
763 3651 810 3711 καλ
829 3650 986 3729 ξυμπάντων
1034 3652 1155 3732 μέτιμεν.
1614 3648 1615 3651 “

203 3740 272 3801 obruo
294 3739 453 3804 καλεῖνκαλ
467 3738 499 3811 δὴ
514 3738 627 3821 καὶπῦρ
640 3737 671 3799 τὸ
684 3738 728 3798 διδ
742 3737 840 3807 παντὸς
858 3744 984 3813 τοιοῦτον,
1072 3740 1215 3818 §nobo
1230 3744 1252 3801 δ’
1266 3732 1309 3800 οῦν
1330 3746 1369 3821 τῷ
1380 3741 1491 3821 παρόντι
1506 3740 1559 3821 χρὴ
1590 3741 1634 3811 ε’νη
1650 3740 1819 3811 διανοηθῆναι

203 3828 250 3889 καὶ
271 3827 341 3888 άπαν
365 3831 424 3887 ὅσον
440 3850 490 3907 περ
513 3825 545 3886 διν
559 3826 608 3907 ἔχῃ
630 3828 738 3905 γένεσιν.
779 3827 825 3887 Ἔν
838 3818 861 3909 ᾧ
874 3827 903 3887 δὲ
917 3830 987 3907 ἐγγι·
1033 3828 1137 3911 τριττά,
1152 3828 1183 3888 τδ
1198 3829 1245 3905 μὲν
1262 3826 1426 3907 γιγνόμενον,
1439 3829 1469 3889 τὸ
1483 3830 1506 3887 δ’
1520 3832 1547 3888 ἐν
1563 3764 1734 3908 ύγίγνεται,
1749 3822 1780 3883 τδ
1794 3824 1818 3883 δ’

202 3914 476 3997 γνόμεναΙάεὶὲκαστα
489 3915 573 3975 αὐτῶν
619 3917 740 3983 ντάζεται
748 3915 794 3976 καί
803 3917 883 3976 πάλιν
892 3919 987 3976 ἐκεῖθεν
1033 3918 1090 3977 ὅθεν
1110 3916 1315 3999 ἀρομοιούμενον
1340 3916 1433 3997 φύεται
1448 3917 1479 3977 τὸ
1501 3914 1664 3992 γιγνόμενον.
1707 3910 1762 3973 Καί
1786 3910 1818 3981 δὴ

204 4006 367 4080 ἀπόλλυται,
376 4003 454 4082 μόνον
467 4006 550 4064 ἐκεῖνο
561 4026 593 4061 αυ
607 4002 809 4085 προσαγορεύειν
820 4005 859 4085 τῷ
872 4028 901 4063 τε
911 4008 989 4063 τοῦτο
1034 4004 1081 4063 καί
1096 4003 1271 4083 προσεικάσαι
1289 4002 1385 4082 πρέπει
1399 4005 1430 4063 τὸ
1445 4002 1492 4080 μὲν
1516 3998 1655 4081 δεχόμενον
1679 3999 1777 4079 μητρί,
1789 4000 1820 4057 τδ

203 4092 251 4155 καὶ
266 4098 306 4176 τῷ
320 4092 379 4152 τόδε
393 4090 613 4172 προσχρωμένους
629 4090 757 4169 ὀνόματι,
768 4091 799 4151 τδ
810 4090 839 4149 δὲ
853 4096 987 4152 ὁποιονοῦν
1034 4093 1057 4151 δ’
1071 4092 1128 4171 ὅθεν
1150 4090 1246 4170 πατρί,
1260 4092 1308 4163 τὴν
1333 4089 1360 4151 δέ
1384 4090 1483 4169 μεταξὺ
1497 4091 1596 4149 τούτοιν
1612 4088 1690 4169 ρύσιν
1705 4085 1821 4166 ἐκγόνῳ,

204 4207 247 4260 τι,
262 4181 357 4263 θερμδν
372 4178 390 4253 ἢ
404 4181 496 4240 λευκὸν
520 4179 537 4251 ἢ
559 4178 606 4239 καὶ
628 4185 712 4240 θτιοῦν
728 4183 782 4239 τῶν
796 4180 930 4254 ἐναντίων,
943 4182 989 4240 καί
1035 4181 1129 4253 νοῆσαί
1142 4204 1170 4239 τε
1183 4185 1217 4247 ὡς
1229 4182 1276 4238 ούκ
1289 4179 1323 4237 ἂν
1338 4178 1423 4246 ἄλλως
1437 4177 1627 4254 ἐκτυπύματος
1638 4175 1744 4235 ἔσεσθαι
1756 4173 1820 4250 μίλ-

204 4271 281 4332 πάνθ’
294 4272 343 4331 ὅσα
359 4272 390 4330 ἐκ
405 4268 516 4345 τούτων,
532 4267 612 4344 μηδὲν
626 4270 709 4327 έκεῖνο
724 4257 758 4325 οῦ
772 4266 871 4327 τούτων
884 4260 986 4327 καλεῖν.
1034 4272 1123 4334 λοντος
1139 4270 1202 4326 ἰδεῖν
1219 4266 1340 4326 ποικίλου
1360 4264 1450 4333 πάσας
1470 4265 1602 4332 ποικιλίας
1623 4264 1693 4323 τοῦτ’
1707 4262 1771 4322 αὔτδ
1793 4262 1819 4319 ἔν

204 4356 269 4421 Ἔτι
283 4357 310 4417 δὲ
326 4356 487 4439 σαφέστερον
502 4356 580 4413 αὐτοῦ
595 4353 656 4435 πέρι
670 4356 851 4434 προθυμητέον
867 4348 940 4424 ebore
953 4358 990 4418 st·
1036 4348 1259 4439 ᾧέκτυπούμενον
1273 4352 1520 4432 ἐνίσταται,γένοιτ’
1527 4354 1558 4412 διν
1570 4348 1821 4429 παρεσκευασμένον

205 4446 275 4511 πεῖν.
318 4448 354 4507 Εἰ
370 4445 421 4525 γὰρ
435 4443 523 4502 πάντα
539 4466 577 4510 τις
590 4441 717 4522 σχήματα
732 4445 837 4511 πλάσας
849 4447 879 4504 ἐκ
889 4450 988 4525 χρυσοῦ
1035 4437 1078 4516 eb,
1093 4442 1161 4516 πλὴν
1177 4442 1294 4524 άμορρον
1306 4442 1334 4503 δν
1352 4442 1457 4503 ἐκείνων
1472 4442 1584 4501 δπασῶν
1598 4443 1650 4499 τῶν
1667 4440 1742 4499 ἰδεῶν
1756 4435 1821 4502 ὅσας

206 4534 288 4612 μηδὲν
303 4533 494 4613 μεταπλάττων
508 4529 619 4590 παύοιτο
633 4530 733 4591 ἕκαστα
748 4534 784 4597 εἷς
804 4532 924 4611 ἅπαντα,
935 4536 990 4593 δει-
1036 4524 1127 4612 μέλλοι
1147 4533 1269 4614 δέχεσθαί
1288 4537 1376 4593 ποθεν.
1419 4528 1532 4607 Ὅμοιον
1547 4527 1598 4611 γδρ
1615 4525 1643 4586 δν
1657 4529 1709 4585 τῶν
1729 4526 1821 4584 ἐπεισ·

205 4622 312 4691 κνύντος
327 4621 359 4694 δή
377 4646 445 4690 τινος
464 4624 548 4683 αὐτῶν
563 4617 651 4680 ἓνκαὶ
670 4620 863 4701 προσερομίνου
882 4620 908 4679 τί
930 4621 991 4681 ποτ’
1038 4622 1128 4682 ιόντων
1148 4622 1199 4681 τινὶ
1222 4620 1255 4681 τδ
1278 4625 1328 4693 τῆς
1348 4617 1466 4687 ἐναντίας
1488 4616 1523 4681 τό
1537 4640 1568 4675 τε
1581 4620 1628 4689 τῆς
1642 4614 1671 4674 τθ
1693 4611 1823 4691 παράπαν

207 4711 279 4785 ἐστί,
290 4716 386 4793 μακρῷ
399 4710 465 4793 πρδς
487 4708 611 4782 ἀλήθειαν
632 4708 830 4792 ἀσφαλέστατον
846 4710 928 4769 εἰπεῖν
949 4707 990 4769 ότι
1038 4711 1120 4783 ἄλλης
1135 4712 1251 4791 μύσεως,
1265 4709 1337 4769 ὁπότ’
1353 4700 1438 4781 ἶλθοι,
1456 4705 1597 4786 δεχόμενον
1611 4704 1698 4767 κακῶς
1711 4698 1743 4758 δν
1755 4702 1819 4781 ἀρο-

207 4798 322 4883 χρυσός,
339 4800 369 4858 τὸ
384 4798 411 4859 δέ
426 4800 551 4880 τρίγωνον
566 4797 615 4856 όσα
633 4821 662 4857 τε
683 4797 752 4857 ἄλλα
766 4798 895 4878 σχήματα
908 4798 991 4876 ἐνεγί·
1038 4807 1124 4875 μοιοῑ,
1138 4796 1186 4869 τὴν
1197 4800 1276 4857 αὑτοῦ
1288 4804 1470 4876 παρεμραῑνον
1485 4794 1554 4875 όψιν.
1596 4788 1701 4851 Διδκαδ
1715 4787 1821 4845 πάντων

207 4907 301 4961 γνετο,
315 4884 448 4963 μηδέποτε
468 4884 552 4963 λέγειν
567 4889 652 4945 ταῦτα
665 4888 700 4952 ὡς
720 4884 798 4958 ὄντα,
812 4884 829 4943 ό
843 4908 873 4963 γε
894 4882 991 4960 μεταξύ
1037 4886 1110 4953 ἐκτὸς
1129 4888 1216 4945 εἰδῶν·
1228 4874 1294 4946 εἶναι
1313 4880 1399 4963 χρείαν
1413 4881 1443 4941 τὶν
1457 4881 1492 4940 τθι
1506 4878 1594 4939 πάντα
1610 4874 1775 4954 ἐκδεξάμενον
1793 4876 1821 4933 ἐν

207 4976 342 5054 τιθεμένου
367 4976 544 5054 μεταπίπτει,
559 4974 617 5032 ἀλλ’
631 4974 676 5033 iio
691 4975 743 5057 ἄρα
763 4969 855 5034 καίτδ
877 4962 992 5033 τοιοῦτον
1038 4976 1109 5054 αύτῷ
1141 4972 1221 5051 γένη,
1248 4970 1368 5051 καθάπερ
1392 4970 1452 5051 περί
1479 4969 1513 5028 τά
1547 4966 1715 5045 ἀλείμματα,
1738 4962 1822 5022 θττόσα

196 5061 269 5140 ’μετ’
287 5063 431 5143 άσραλείας
453 5063 528 5141 ἐθέλῃ
552 5059 674 5142 δέχεσθαί
691 5087 776 5138 τινος,
796 5066 915 5145 ἀγαπᾷν.
958 5060 993 5123 ‘0
1039 5062 1133 5139 εύόιδη,
1142 5062 1222 5142 τέχνῃ
1237 5063 1409 5141 μηχανῶνται
1420 5061 1523 5138 πρῶτον
1533 5057 1605 5116 τοῦτ’
1615 5053 1680 5115 αθτθ
1692 5052 1823 5131 ὑπάρχον,

210 5142 290 5220 οῦτδς
301 5150 337 5223 δὴ
349 5155 423 5230 λογος
437 5151 483 5213 καί
498 5146 618 5229 περὶτῆς
631 5152 664 5212 τὰ
682 5153 769 5214 πάντα
784 5152 926 5231 δεχομένης
939 5150 991 5212 σεἰ-
1041 5156 1159 5210 ποιοῦσιν
1173 5150 1214 5210 ότι
1235 5148 1352 5229 μάλιστα
1376 5145 1464 5219 erbe,
1483 5147 1516 5206 τά
1538 5142 1662 5223 δεξόμτνα
1687 5139 1754 5221 ύγρδι
1777 5143 1824 5207 rie
