3959 5925
742 325 785 386 ln
806 325 979 387 TIMAEUM
1001 325 1203 388 PLATONIS.
1707 344 1762 396 193

166 460 200 510 ris
215 458 343 520 modisque
354 456 497 519 conveniat,
513 456 591 520 palam
611 455 701 506 iactam
714 461 771 506 est:
787 455 868 518 quod,
880 455 941 506 illud
989 461 1115 520 omnium,
1130 472 1187 523 quac
1206 464 1374 524 proveniant,
1388 464 1476 522 uldel,-
1490 465 1515 515 et
1528 475 1561 514 ex
1576 467 1608 515 tis
1628 479 1686 530 qua
1699 471 1765 520 acci-

167 549 316 611 propositum
343 559 489 609 exsequens,
506 546 537 595 ad
562 547 608 595 boc
638 548 769 596 tractatrnn
793 547 945 597 desmnderit
988 543 1313 609 dunt,qumrlntsatnrre
1328 551 1448 599 metitur.

166 637 249 697 Plato,
266 632 467 684 manifestandum
481 632 718 694 est,utrationabili
731 632 807 682 ductu
822 632 853 682 ad
869 633 943 682 desti·
1018 635 1071 684 Ltl.
1088 638 1125 684 Ex
1143 649 1192 697 quo
1214 637 1365 699 perspicuum
1388 639 1435 700 est,
1451 652 1507 689 cum
1528 642 1576 690 sint
1599 643 1767 705 antiquissima

165 725 250 773 natum
268 722 347 784 operis
369 721 482 771 ettectum
504 721 606 783 ratione,
628 720 675 770 bec
697 720 735 769 ria
755 720 943 782 pervenerimus.
987 720 1153 785 initiarerum,
1167 724 1279 784 essentia,
1292 725 1343 775 sire
1355 725 1532 788 substantie,et
1548 729 1601 780 lutea
1619 730 1717 793 duplex,
1730 735 1767 784 al·

127 816 130 820 “
165 808 225 859 vult
238 809 312 871 igitur
330 807 437 856 animam
456 807 550 856 masilia
571 807 671 867 mundi,
691 807 806 869 tanquam
829 809 944 870 permissa
986 809 1650 878 teratnrliridua,dividuaaltera,naturoeqcegemina
1663 819 1766 870 dirersi-

166 895 300 960 usurpandl
323 894 435 956 licentia,
459 895 541 955 nasci;
568 892 721 954 cognitricem
756 895 836 944 tamen
862 906 942 944 rerum
986 898 1025 944 tas
1046 895 1115 958 longe
1134 898 1309 960 vetustissime,
1330 899 1456 949 conflatam
1485 904 1640 954 animamur
1665 909 1766 971 utroquo

165 985 288 1037 omniurn.
311 995 368 1046 qum
388 987 446 1032 sunt
476 984 526 1031 tam
551 980 714 1044 intelligibiles
737 994 812 1043 qaam
834 981 943 1032 sensiles.
988 982 1311 1049 sumnnua,eaoenquaet
1329 987 1385 1036 ilem
1398 989 1600 1051 naturadivorsa,
1615 997 1724 1044 constare
1737 1008 1767 1044 ex

164 1074 208 1123 Est
224 1060 296 1133 porro
314 1069 498 1132 Pythagoricum
507 1068 611 1131 dogma,
623 1068 724 1119 similla
738 1081 791 1118 non
808 1071 892 1118 nisio
908 1071 942 1117 st·
986 1070 1098 1120 omnibus
1111 1071 1251 1133 originibus.
1284 1074 1388 1136 ideoque
1408 1077 1518 1125 naturam
1539 1078 1591 1139 ejus
1613 1092 1767 1132 numerorum

166 1157 271 1209 mitibus
289 1159 346 1208 suis
370 1155 561 1219 comprehendi.
595 1155 667 1213 Quod
687 1156 760 1206 eliam
785 1155 943 1219 Empedocles
987 1162 1080 1208 uetuere
1098 1160 1430 1224 maximenonvenire,quos
1448 1165 1541 1214 constet
1554 1166 1699 1230 antiquiores
1714 1183 1768 1221 csse

165 1242 330 1306 sequens,ait
340 1242 365 1290 ia
376 1242 427 1292 sois
443 1242 553 1292 versibus
570 1261 577 1291 z

220 1392 315 1435 Terram
327 1394 418 1459 terrena
426 1389 831 1446 comprendimus,oetlrerujtarnmtr,

220 1473 346 1517 Humorem
357 1472 448 1528 liquida
454 1503 462 1525 ,
474 1479 552 1516 nostra
560 1472 674 1528 opinabile
678 1473 756 1528 flatu,

221 1553 308 1599 Pacem
322 1550 467 1607 tranquilla,
479 1550 543 1596 litem
555 1562 645 1608 quoquc
658 1551 768 1604 litigiosa.

165 1691 224 1738 llaec
237 1689 327 1751 quippe
337 1687 498 1738 mmutuabat
508 1687 641 1748 elementa,
651 1691 675 1738 et
686 1687 756 1737 initia
767 1689 940 1752 universitatis,

163 1789 193 1826 ex
210 1775 298 1838 quibua
313 1775 400 1824 animae
414 1787 512 1837 qnoque
524 1774 636 1824 censebat
647 1779 756 1827 constare
772 1776 940 1828 substantiam.

163 1865 341 1925 proptereaque
363 1875 436 1924 penes
461 1874 515 1912 eam
536 1862 748 1912 omniumrerum
770 1875 825 1914 essa
846 1864 940 1926 plenam

163 1951 302 2013 scientiam,
320 1949 394 1999 simili
404 1961 450 1999 sno
465 1949 649 2000 similitudinem
661 1950 775 2001 babentia
785 1952 941 2013 comproben-

163 2037 268 2087 denlem.
303 2074 308 2084 .

192 2127 234 2176 Li.
247 2127 324 2186 Atque
335 2126 388 2188 ipse
398 2125 471 2174 etiam
482 2125 550 2175 Plato
560 2125 606 2174 bno
617 2125 695 2189 ipsum
705 2137 823 2185 maerens,
834 2127 938 2175 animam

160 2222 192 2258 er
199 2209 312 2258 omnibus
321 2209 395 2258 initiis
405 2209 492 2259 conflat
500 2245 508 2271 ,
516 2212 574 2260 utet
585 2211 692 2273 ipsorum
704 2212 840 2272 initiorum,
850 2216 875 2264 et
885 2227 941 2274 quan

160 2296 228 2346 inilia
241 2299 383 2359 sequuntur,
398 2299 422 2346 el
434 2309 531 2359 prorsas
552 2299 661 2350 amnium
679 2313 758 2349 rerum
772 2301 939 2351 exsistentium

161 2386 210 2435 scia
223 2389 300 2448 esset,
311 2399 340 2434 ac
355 2386 386 2436 de
397 2387 510 2437 omnibus
519 2387 645 2449 iudicaret.
678 2391 799 2454 Denique,
814 2396 940 2455 postquam

161 2474 314 2524 commiscuit
320 2489 372 2524 eam
384 2489 415 2526 ex
427 2475 457 2526 iis
470 2475 608 2537 virtutibus,
617 2477 742 2540 exquibus
751 2482 940 2542 componendam

163 2561 268 2624 putarit,
282 2565 306 2611 et
321 2562 479 2625 compositam
493 2562 576 2614 divisit
590 2565 615 2614 in
630 2569 721 2628 partes,
733 2568 804 2626 iuxta
822 2569 940 2630 quasdem

161 2649 324 2710 geometricas,
338 2652 363 2699 et
371 2650 544 2714 arithmeticas,
557 2656 582 2701 el
594 2653 699 2702 musicas
712 2654 825 2711 rationes,
838 2653 885 2705 boc
898 2656 941 2705 ad-

161 2734 235 2796 didit;

191 2824 283 2882 Ταύτην
311 2825 352 2875 οὗν
379 2827 421 2884 τὴν
451 2826 560 2882 ξύστασιν
582 2833 660 2878 πᾶσαν
679 2830 760 2889 διπλῆν
780 2831 842 2880 κατὰ
865 2838 938 2895 μῆκος

161 2913 260 2978 σχίσας,
271 2916 343 2977 μέσην
352 2917 408 2979 πρὸς
419 2918 492 2979 μιόην
504 2919 614 2983 ἑκατέραν
623 2921 731 2979 marin<
742 2921 792 2972 οῐον
801 2923 940 2985 προσὸαλὼν

161 3002 308 3067 minander
329 3005 361 3060 τίς
381 3004 474 3064 κύκλον,
487 3006 587 3067 Europae
606 3008 686 3066 αὐτοῖς
698 3024 723 3058 τι
736 3012 776 3059 καὶ
795 3010 903 3069 dauniae<
916 3012 940 3061 lv

161 3096 196 3153 τῷ
209 3093 348 3155 καταντικρὺ
366 3097 407 3151 τῆς
427 3095 621 3156 τρουὸολῆτ,κοὶ
640 3102 670 3160 τῇ
689 3098 750 3147 κατὰ
763 3100 837 3148 ταύτὰ
856 3101 897 3148 καὶ
916 3101 940 3150 ἐν

986 1244 1059 1294 etiarn
1085 1246 1143 1309 ipsis
1160 1247 1312 1309 geometriam
1332 1250 1424 1298 tarmis.
1458 1251 1615 1302 Geometricae
1636 1253 1720 1305 lormae
1744 1257 1768 1305 in

987 1332 1069 1395 aliqua
1093 1347 1193 1384 numero
1218 1335 1371 1386 inveniantur
1391 1350 1489 1388 necesse
1513 1343 1563 1400 est,
1587 1343 1614 1390 ut
1637 1343 1723 1404 trium,
1744 1347 1769 1393 et

986 1423 1098 1482 quatuor,
1112 1424 1137 1472 et
1157 1423 1215 1472 item
1236 1424 1338 1484 plurium
1362 1425 1463 1476 laterum
1479 1427 1576 1490 sigtttoe,
1591 1443 1700 1493 rursum,
1714 1445 1769 1494 quaa

987 1512 1106 1559 vocantur
1125 1511 1228 1574 ίξάτδρα,
1246 1514 1270 1562 et
1288 1512 1407 1578 ὀκτώτδρα
1424 1514 1492 1565 ίυίίίο
1512 1535 1519 1565 :
1543 1518 1594 1566 brec
1613 1519 1702 1581 quippe
1717 1521 1769 1571 sine

986 1596 1092 1646 numeris
1111 1610 1162 1647 esse
1177 1611 1224 1646 non
1243 1599 1352 1661 poterent
1367 1614 1374 1648 ε
1390 1613 1504 1651 numeros
1518 1615 1575 1652 vcro
1597 1605 1649 1654 sine
1662 1605 1699 1654 liis
1718 1607 1767 1656 lor·

985 1681 1033 1730 mis
1043 1693 1096 1732 esso
1107 1683 1166 1732 nibil
1179 1683 1285 1746 impedit.
1318 1685 1357 1735 Sic
1372 1686 1450 1748 igitar
1468 1688 1632 1750 antiquissima
1654 1704 1768 1742 numero·

985 1782 1040 1818 rum
1056 1769 1122 1820 initia
1140 1783 1193 1820 esse
1208 1771 1363 1823 inveniuntur
1378 1773 1402 1822 in
1416 1775 1527 1825 omnibus
1546 1777 1686 1830 rationibus.
1698 1783 1769 1844 Ipso·

985 1871 1040 1906 rum
1054 1871 1125 1921 porro
1144 1872 1300 1910 numerorum
1312 1861 1381 1911 initia
1399 1863 1424 1911 et
1437 1863 1552 1924 principia
1566 1868 1624 1915 sont
1640 1866 1766 1930 singulari·

985 1946 1036 2007 tas,
1057 1951 1080 1995 el
1100 1946 1158 1996 item
1175 1946 1261 1998 duitas.
1294 1948 1417 2011 Siquidem
1435 1949 1479 2000 iras
1496 1950 1557 2000 duas
1577 1957 1769 2006 ceterorumnu·

985 2045 1107 2082 merorum
1118 2033 1222 2096 origines
1232 2048 1284 2086 esse
1294 2039 1394 2088 consul.
1430 2041 1482 2096 Qua
1499 2039 1591 2090 ratione
1606 2041 1767 2105 concluditur,

974 2119 1092 2172 animam
1106 2135 1136 2171 ex
1152 2120 1241 2182 duplici
1257 2125 1393 2173 concretam
1405 2125 1553 2188 substantia,
1563 2127 1707 2191 geminaque
1724 2143 1768 2180 ne-

986 2211 1040 2259 tura
1057 2221 1213 2258 numerorum
1234 2211 1347 2272 potentiae
1366 2211 1544 2275 concinentem,
1558 2213 1770 2281 vivificantemque

985 2297 1091 2346 coelmtia
1105 2310 1215 2360 corpora,
1227 2298 1402 2361 animalique,¹
1395 2313 1419 2348 tn
1435 2301 1524 2363 quibus
1536 2303 1597 2352 ratio
1610 2304 1650 2366 sit,
1663 2307 1688 2354 et
1698 2305 1770 2356 disci
1836 2331 1839 2340 ·

985 2383 1066 2446 plina,
1083 2384 1171 2435 babere
1182 2386 1292 2435 omnium
1313 2399 1395 2437 rerum
1418 2388 1606 2449 conscientiam,
1618 2402 1650 2439 ex
1667 2405 1769 2472 quarum

985 2471 1116 2534 pateatiie'
1110 2485 1161 2533 ipsu
1173 2475 1277 2523 constet.

1016 2560 1079 2609 Llll.
1095 2561 1155 2608 llaec
1166 2563 1203 2608 est
1211 2559 1251 2607 illa
1263 2560 1409 2610 muanabitis
1420 2561 1601 2625 aalmaMundi,
1611 2578 1665 2627 quae
1676 2566 1769 2628 gemina

971 2647 1053 2708 iuxta
1064 2646 1187 2696 meliorem
1201 2650 1313 2698 naturam
1326 2649 1477 2699 ueneratione
1488 2650 1589 2700 tutelam
1605 2652 1698 2714 praebet
1707 2653 1768 2703 iaie·

986 2733 1099 2796 rioribus,
1112 2733 1198 2782 diuinis
1215 2734 1413 2797 dispositionibus
1433 2737 1578 2799 obsequens,
1596 2738 1769 2800 providentiam

985 2820 1073 2870 nebris
1085 2821 1233 2884 impertiens,
1245 2824 1390 2872 atomorum
1406 2823 1562 2875 similitudine
1573 2829 1670 2889 propter
1680 2841 1768 2891 cogna-

986 2908 1075 2958 tionem
1086 2907 1165 2970 beala,
1174 2908 1350 2959 dissolubilium
1368 2923 1447 2962 rerum
1463 2912 1607 2976 auxiliatrix,
1621 2918 1646 2965 el
1659 2917 1768 2979 patrum,

984 2997 1053 3060 cuius
1067 2998 1092 3047 in
1103 2998 1264 3061 canaliculo,
1280 2999 1504 3064 raboainandoque,
1517 3002 1613 3052 virtutis
1624 3003 1649 3053 in
1661 3005 1769 3055 moribus

985 3088 1089 3139 bominis
1102 3092 1218 3151 apparent
1230 3090 1340 3152 iusignia,
1355 3091 1396 3153 qui
1411 3092 1490 3142 cultor
1504 3093 1605 3143 eximius
1617 3096 1661 3155 Dei
1670 3094 1769 3159 diligen·

985 3178 1044 3227 tiam
1056 3179 1188 3229 mansuetis
1200 3179 1309 3242 impertit
1321 3180 1477 3231 animalibus.
1510 3182 1597 3233 lisdem
1614 3184 1702 3249 quippe
1718 3188 1768 3235 vir·

984 3265 1077 3316 tutibus
1093 3266 1293 3328 animae‚quibus
1313 3268 1405 3317 sensilis
1426 3269 1530 3319 mondus
1549 3271 1652 3331 lavetur,
1672 3272 1768 3333 quanda

159 3180 238 3242 ταύτῷ
259 3182 414 3244 περιαγομένῃ
434 3182 524 3240 uariam
543 3184 607 3247 cipri
621 3185 835 3249 ammarum
847 3188 886 3235 τὸν
899 3190 941 3249 μὲν

158 3268 216 3330 iim,
225 3268 266 3315 τὸν
278 3268 298 3317 b’
310 3268 373 3326 ἐντὸς
384 3270 485 3319 ἐποιεῖτο
498 3276 546 3320 τῶν
559 3272 659 3324 κύκλων.

189 3356 242 3405 'Aee
256 3354 296 3404 οὖν
311 3359 337 3405 ia
348 3362 390 3416 τῆς
403 3358 490 3407 rubros
506 3360 546 3408 χαὶ
559 3366 599 3419 eq<
611 3362 708 3423 iartpou
720 3362 811 3422 φύσεως
824 3364 851 3412 g,
859 3380 885 3413 ,g
898 3365 938 3413 gp.
984 3352 1015 3403 ed
1024 3355 1116 3402 ceteros
1128 3353 1214 3404 vitales
1227 3353 1329 3416 rigores,
1344 3356 1453 3417 quisunt
1466 3368 1607 3407 communes
1622 3357 1768 3419 bominibus,

157 3442 211 3499 σίας
224 3451 293 3506 epar
304 3445 393 3493 rnorem
406 3448 565 3510 mquam
576 3455 672 3512 μοιρῶν,
684 3452 725 3499 „2
738 3451 784 3500 ivi
795 3450 863 3514 liqna
875 3468 938 3517 μμ.
985 3443 1010 3489 et
1024 3439 1115 3501 bestiis,
1129 3441 1243 3504 stirpibus
1256 3440 1338 3504 etiam,
1352 3442 1375 3491 irl
1390 3445 1436 3504 est,
1448 3444 1582 3504 crescendi,
1594 3444 1709 3493 morendi
1726 3458 1763 3495 se·

158 3531 241 3580 σίίτῑοα
255 3534 294 3579 καί
308 3532 452 3594 imbibatur,
463 3534 523 3591 αὐτή
540 3552 566 3583 τι
584 3536 774 3599 mmmmm
787 3539 843 3601 πρὸς
858 3540 939 3600 abela,
986 3530 1044 3587 met,
1055 3528 1238 3590 appetendique,
1248 3530 1273 3579 et
1284 3529 1437 3590 imaginandi,
1447 3530 1564 3580 accedens
1576 3530 1637 3579 ratio
1646 3532 1767 3621 propriam

159 3616 214 3665 iras
233 3617 316 3665 οὐσίαν
338 3618 469 3677 cermeria
489 3620 583 3682 ίχυντός
601 3640 662 3679 τινος
682 3624 810 3686 &simut
827 3628 867 3675 „a
883 3627 939 3675 ὅταν
984 3614 1089 3665 bominis
1100 3615 1205 3664 animam
1216 3615 1413 3678 personatam
1433 3616 1511 3665 solum
1532 3616 1589 3665 ritca
1606 3628 1708 3680 compos
1720 3618 1766 3679 sit,

161 3704 296 3765 ἀμέριστον,
318 3704 379 3765 λέγει
398 3706 521 3767 κινουμένη
534 3708 573 3757 διὰ
584 3710 661 3769 πάσης
673 3713 770 3774 ἑαυτῆς
784 3714 832 3776 ὅτῳ
845 3714 867 3763 1⁷
877 3714 906 3763 a,
917 3732 939 3763 τι
984 3702 1026 3751 sed
1039 3703 1111 3752 eliam
1125 3702 1185 3751 bene
1197 3701 1295 3751 vivendi
1315 3713 1364 3750 noa
1375 3701 1437 3751 desit
1452 3702 1526 3763 optio.
1560 3704 1637 3765 itique
1648 3703 1684 3753 ita
1696 3707 1767 3754 natu·

160 3790 244 3839 ταύτὸν
257 3790 273 3853 ᾖ
285 3792 326 3840 καί
339 3792 395 3841 ὅτου
409 3792 438 3841 ἂν
449 3793 536 3858 ἕτερον,
548 3796 643 3859 πρὸς
615 3797 629 3845 t
653 3814 675 3847 rr
688 3815 713 3847 τι
727 3801 829 3861 μάλιστα
840 3804 880 3851 καὶ
892 3802 940 3866 οιιῃ
984 3792 1040 3842 ralis
1051 3794 1076 3842 et
1086 3790 1232 3841 rabonabiiis
1241 3790 1300 3863 item
1313 3790 1401 3867 animm
1414 3790 1571 3840 contubernio
1584 3793 1632 3841 rita
1642 3793 1767 3844 bominum

158 3879 199 3927 καὶ
221 3880 284 3937 ὅπως
298 3882 339 3930 nai
360 3880 431 3931 ὀττὸττ
453 3882 571 3945 &andnim
584 3885 646 3934 κατὰ
658 3886 688 3935 τὰ
701 3886 826 3950 γιγνομτνά
839 3905 865 3938 m
883 3891 940 3954 πρὸς
983 3882 1140 3942 Ῐθῑΰβθῐῑῑΰί·

120 4009 124 4025 ,
159 3965 258 4015 ἕκαστον
270 3968 395 4017 tuncru'
372 3984 432 4017 eruar
445 3969 485 4017 καὶ
498 3986 599 4035 παοχυν
615 3973 655 4021 καὶ
674 3974 731 4036 πρὸς
748 3974 852 4024 rinae&
866 3976 940 4026 ταύτὰ
1016 3969 1079 4017 btv.
1092 3965 1162 4027 Quod
1172 3965 1268 4028 quadem
1276 3968 1533 4017 remmessalestatur
1541 3967 1647 4018 eminens
1656 3968 1767 4031 quasdam

158 4052 242 4117 ίχοντο
255 4055 300 4104 dei.
985 4048 1094 4107 doctrina
1103 4056 1175 4105 sactu
1186 4054 1319 4115 mutuom,
1332 4054 1376 4104 et'
1369 4068 1396 4105 m
1408 4055 1624 4118 comprehensione
1632 4055 1722 4106 dirinae
1731 4056 1765 4107 rei

188 4146 266 4192 Hanc
279 4144 364 4206 ipram
373 4159 506 4212 unamque
517 4150 574 4211 ejus
582 4151 674 4199 seriem
684 4152 767 4201 secuit
778 4153 806 4201 in
818 4152 939 4215 magam,
986 4142 1158 4207 prudentioris,
1175 4155 1230 4206 quae
1245 4142 1354 4207 perbibet
1367 4144 1448 4193 Deum
1460 4142 1572 4193 absoluto
1582 4142 1765 4207 illustrataque,

159 4232 186 4280 ct
208 4242 241 4280 ex
255 4243 312 4281 urta
325 4232 392 4284 dune
406 4233 482 4297 semi,
497 4236 717 4301 mequemsdtnm
731 4238 821 4309 medin
839 4241 869 4291 nr
883 4253 941 4303 rpe-
985 4234 1066 4283 sensili
1092 4234 1198 4294 mundo,
1217 4245 1295 4297 genus
1321 4232 1447 4283 bominum
1476 4232 1654 4295 instituentem,
1679 4246 1766 4295 corpus

158 4319 224 4367 ciem
241 4322 334 4371 Graece
352 4321 449 4373 lectae
461 4327 618 4387 coarctarit,
631 4328 803 4390 carueritque
813 4329 843 4377 tn
856 4328 940 4390 oriar,
985 4320 1095 4383 quidam,
1113 4320 1165 4381 eius
1186 4322 1253 4384 parte
1271 4319 1339 4369 bumi
1363 4323 1469 4383 sumpta,
1490 4320 1561 4381 iuxta
1583 4319 1644 4368 banc
1662 4318 1766 4381 elimam

158 4406 245 4469 quoad
257 4410 356 4460 coirent
375 4412 445 4463 inter
457 4424 484 4462 aa
496 4414 586 4473 capita
601 4428 610 4463 .·
623 4413 760 4478 orbemque
775 4414 832 4464 arbi
847 4417 886 4465 cle
899 4417 939 4465 in·
984 4408 1127 4470 edificasse,
1144 4410 1325 4471 lormasseque:
1341 4406 1415 4457 ritum
1433 4420 1490 4457 tero
1502 4406 1581 4457 eidem
1600 4419 1631 4455 ex
1649 4405 1765 4455 murenis

156 4497 251 4558 amit,
265 4499 297 4547 ut
308 4497 380 4549 atter
393 4511 483 4551 comem
495 4499 613 4563 aduersa,
627 4500 698 4555 atter
710 4501 815 4565 obliqua
826 4503 940 4553 τίτουίιυ
983 4496 1114 4547 tceembsa
1129 4497 1282 4560 coelestibus,
1297 4500 1399 4559 postque
1412 4496 1507 4545 intimis.
1518 4496 1570 4557 ejus
1585 4494 1765 4557 inspirationem

157 4586 324 4636 rotarentur.
984 4580 1081 4646 proprio
1093 4583 1149 4633 tlatu
1160 4584 1292 4647 intimasse,
1303 4585 1484 4647 inspirationem
1498 4583 1561 4633 banc
1573 4583 1617 4633 Dei
1628 4582 1764 4644 consilium,

187 4674 283 4735 Itaque
295 4675 327 4722 ut
344 4672 461 4732 maedam
474 4673 742 4739 diversoquenatura
757 4680 940 4728 cummanire
984 4671 1120 4733 emmaque
1133 4672 1270 4733 consilium,
1284 4672 1428 4734 significans.
1461 4673 1492 4720 Et
1511 4670 1572 4720 ratio
1586 4671 1638 4731 Dei,
1652 4674 1720 4721 Deus
1729 4673 1766 4720 est

155 4760 248 4808 mixtis
257 4763 451 4824 coagmentata,
463 4760 577 4825 indiaete
585 4766 669 4825 motu,
680 4765 707 4813 et
719 4762 868 4823 orbiculata
883 4766 935 4814 cir·
984 4759 1096 4809 humanis
1106 4758 1179 4811 rebus
1192 4761 1333 4820 consulens,
1345 4772 1401 4821 quse
1417 4770 1490 4807 causa
1505 4760 1543 4808 est
1555 4756 1693 4807 bominibus
1706 4758 1766 4808 bene

156 4847 284 4909 calliam,
294 4848 321 4897 in
333 4859 361 4898 re
372 4851 458 4911 ipsam
466 4852 608 4910 reuertens,
618 4862 679 4900 cum
690 4848 810 4915 aliquam
828 4850 870 4900 oet
885 4850 939 4901 dtr·
984 4847 1104 4911 beateque
1114 4848 1225 4909 vivendi,
1239 4848 1259 4897 si
1270 4861 1318 4898 nan
1328 4859 1470 4898 macessum
1483 4846 1528 4897 sibi
1543 4859 1632 4898 manus
1643 4859 1765 4897 summos

155 4933 294 4996 sipabitem
316 4934 493 4989 substanttam
513 4936 672 5000 offenderit,
695 4937 736 4989 aet
758 4937 938 5001 indiuiduam,
983 4939 1035 4986 Deo
1050 4936 1179 4999 negligant.
1212 4938 1248 4985 Aa
1261 4934 1291 4985 de
1309 4934 1391 5021 aniam
1405 4934 1505 4996 quidem
1521 4934 1615 4996 mundi,
1627 4947 1656 4985 ex
1670 4933 1764 4984 duabus

153 5021 237 5079 lactle
257 5025 428 5087 recognoscit,
445 5024 509 5090 quid
528 5027 564 5075 sit
579 5024 709 5087 ciuem,
727 5022 938 5089 individuaque,
982 5024 1101 5085 οτυουίίίτ,
1118 5023 1273 5087 eiusdemque
1288 5025 1312 5073 et
1325 5022 1382 5073 item
1394 5023 1486 5073 naturus
1499 5022 1601 5074 divmsae
1615 5021 1765 5073 concretione

156 5108 223 5173 quid
237 5112 302 5161 item
313 5110 423 5163 diverse
435 5112 645 5178 dirmiubitquue
659 5115 763 5165 natura·
773 5128 783 5163 .·
794 5125 939 5179 caurasquc
983 5112 1102 5175 mutata,
1119 5112 1198 5177 daque
1216 5111 1333 5165 ‹lirniane
1351 5110 1403 5175 eius
1421 5111 1491 5175 iusta
1505 5112 1622 5173 rationes,
1640 5109 1762 5161 burnoni-

238 5206 327 5245 ποιοῦ.
342 5206 416 5246 blla.
426 5208 453 5247 n.
818 5217 821 5223 ·
1518 5240 1521 5245 ,
1647 5200 1672 5243 tt
