3959 5925
151 438 188 491 οε
719 504 724 516 ¹
772 422 1122 485 Ρνειιιεοιιεοιιυιι

149 560 366 639 συμπληρωτικὸν
387 548 452 617 εἷναι
472 562 517 615 ταῶ
539 554 617 635 όλου,
636 555 704 616 rtt'
723 548 758 617 ῶν
773 558 820 616 οὐκ
843 554 920 627 ἀνευ,
969 552 1017 625 τὴν
1031 551 1242 628 καλοκαγαθίαν·
1258 554 1358 621 ἀτελεῖς
1377 552 1420 627 δέ,
1447 552 1494 625 τὴν
1515 552 1621 636 εὐρυίαν
1638 553 1683 612 καί
1696 552 1744 625 τλν

149 650 217 708 κατά
236 650 267 708 τδ
289 646 441 721 ποιητικόν,
467 648 505 727 τῷ
528 646 612 727 ρίρειν
633 644 678 705 καλ
699 653 828 724 συνεργεῖν
844 646 880 711 είς
895 644 924 703 τδ
969 642 1113 719 προκοπήν·
1136 645 1173 719 τῷ
1190 639 1217 699 δί
1236 641 1327 723 τελείῳ
1349 641 1381 700 τδ
1402 642 1499 702 τέλειον
1520 643 1671 721 ἁρμόττειν.
1694 644 1746 705 Τέ-

147 738 230 803 citroq,
746 766 752 779 ·
970 732 1014 797 λος
1027 723 1071 790 οὐν
1095 720 1161 789 ε’ίναι
1176 732 1222 800 τῆς
1235 730 1356 803 τοιαύτης
1377 733 1470 811 ἀρετῆζ
1487 732 1631 811 ἐνέργειαν,
1652 725 1683 803 ἧς
1705 734 1748 791 οὐ·

188 828 349 902 Διαιριῖσθαι
363 821 401 858 ²⁸⁴
416 822 442 880 δὲ
459 820 571 899 τάγαθὸν
590 820 625 887 είς
642 844 671 880 τε
685 820 716 880 τὸ
729 819 810 879 καλὸν
829 820 874 879 καί
891 823 925 887 εἷς
971 819 1013 877 θὲν
1029 818 1123 877 ἀπεστι
1138 817 1223 897 μέρος.
1267 819 1405 879 Καλτδίν
1428 820 1477 900 βίῳ
1494 821 1521 879 δὲ
1536 822 1628 901 τελείῳ
1648 824 1746 902 πραεξ-

148 912 178 971 τδ
192 911 320 991 συμρέρον
333 910 378 969 καί
393 911 427 975 είς
446 908 476 968 τθ
489 908 547 979 ἡδύ·
562 910 606 983 καί
623 911 673 967 τῶν
693 906 741 983 μὲν
760 907 828 966 κατά
849 906 927 988 μέρος
971 912 1060 978 θεσαν,
1086 906 1246 974 θνδείξασθαι
1268 908 1453 987 βουληθέντες,
1476 911 1517 967 ὅτι
1537 910 1598 989 περὶ
1616 910 1676 978 τούς
1693 911 1745 982 ἤδη

148 998 266 1078 πράξεων
275 996 378 1064 τούτους
387 986 454 1055 εἶναι
467 996 587 1063 σκοπούς·
602 997 632 1057 τὸ
643 998 666 1054 δ’
676 998 705 1054 tx
715 996 818 1059 πάντων
829 996 925 1068 αὐτῶν,
971 993 1132 1073 προήκοντας
1153 993 1248 1073 ἀνδρας
1271 998 1288 1065 ἡ
1315 994 1468 1072 εὐδαιμονία
1489 996 1615 1073 γίγνεται·
1641 997 1670 1056 τδ
1695 998 1748 1077 γάρ

149 1084 323 1161 εὐδαιμονίαν.
344 1084 518 1162 Εὐδαιμονίαν
539 1084 561 1142 θ’
580 1074 648 1143 εἶναι
661 1088 756 1164 χρῆσιν
776 1086 870 1163 ἀρετῆς
883 1107 926 1142 τε·
974 1081 1108 1161 μειραίκιον
1123 1080 1212 1147 ἀτελές
1226 1080 1295 1141 καῖὺ
1307 1080 1399 1141 τούτου
1412 1081 1482 1160 βίος,
1497 1083 1530 1141 δι’
1542 1082 1556 1141 θ
1573 1085 1618 1142 οὐκ
1630 1084 1662 1141 ἀν
1676 1084 1748 1163 γενέ·

149 1174 218 1240 λείας
237 1175 263 1231 ίν
283 1172 332 1254 βίῳ
350 1172 440 1253 τελείῳ
463 1171 676 1252 προηγουμένην,
699 1170 716 1243 ἢ
741 1175 808 1242 ζωῆς
827 1173 927 1237 τελείας
973 1176 1034 1229 σθαι
1056 1168 1117 1248 περὶ
1141 1168 1210 1227 τοῦτ’
1233 1169 1410 1245 εὐδαιμονίαν,
1437 1171 1490 1229 οὐδ’
1516 1169 1582 1237 δλως
1608 1173 1635 1230 ἕν
1662 1174 1751 1229 ἀτελεῖ

149 1260 279 1339 ἐνέργειαν
294 1264 353 1319 κατ’
370 1255 476 1341 ἀρετήν,
493 1260 618 1339 ἢχρῆσιν
633 1262 727 1338 ἀρετῆς
747 1261 773 1317 έν
793 1267 846 1325 τοῖς
859 1260 927 1318 κατὰ
972 1256 1079 1337 χρόνῳ,
1093 1256 1153 1315 ἀλλ’
1167 1261 1194 1315 έν
1206 1258 1358 1338 τῶτελείῳ.
1399 1258 1507 1318 ,Τέλειον
1522 1260 1546 1317 δ’
1569 1249 1637 1319 εἶναι
1650 1265 1749 1331 τοῦτον,

150 1346 226 1427 φύσιν
237 1348 437 1423 ἀνεμπόδιστον.
448 1348 487 1409 Τδ
499 1347 522 1405 δ’
533 1347 651 1424 αὐτὸκαὶ
662 1347 734 1413 τέλος
747 1346 883 1425 ὑπάρχειν.
897 1350 928 1407 Εἰ
973 1348 1033 1406 ὅσον
1055 1345 1148 1425 ῶριαεν
1167 1350 1231 1421 ἡμῖν
1252 1349 1376 1406 πλεῖστον
1401 1352 1415 1405 δ
1440 1346 1511 1421 θεός,
1534 1348 1615 1427 ὥρισε
1630 1347 1658 1407 δθ
1680 1350 1751 1407 κατὰ

150 1435 177 1494 δέ
192 1436 221 1493 τὸ
236 1440 283 1512 μὲν
296 1437 456 1514 εὐδαιμονεῖν
479 1434 633 1506 τίλος,ἡδ’
657 1434 808 1510 εὐδαιμονία
823 1431 927 1510 λέγεται
973 1436 1083 1508 πλάτος,
1097 1436 1219 1513 καθάπερ
1230 1434 1276 1493 καί
1290 1436 1320 1494 τὸ
1332 1441 1378 1495 ταῶ
1390 1434 1512 1512 σώματος
1527 1435 1644 1513 μέγεθος.
1700 1435 1750 1502 Ὧς

150 1522 262 1599 σκοπός,
279 1523 324 1581 καὶ
343 1524 418 1600 ὑμίν
438 1526 547 1587 πλοῦτος
566 1522 679 1598 ἀγαθόν,
699 1522 729 1579 τὸ
743 1524 770 1579 et
792 1522 928 1594 πλουτεῖν,
974 1514 1018 1581 οὐν
1033 1522 1078 1581 ἕνα
1089 1522 1179 1601 στίχον
1194 1524 1231 1598 μὴ
1246 1522 1278 1582 δν
1292 1523 1432 1595 συστήσειν
1447 1522 1593 1602 ὑπόκρισιν,
1606 1523 1674 1601 μηδὲ
1688 1523 1750 1600 μίαν

149 1604 186 1670 ῶν
212 1611 285 1690 χρή,
312 1620 364 1678 ταῖς
388 1612 435 1686 μίν
462 1610 529 1669 οὑτω
556 1609 695 1687 διορίζουσι
720 1613 766 1679 τῆς
791 1605 926 1689 ἀκριύείας
973 1609 1059 1690 χειρὸς
1073 1610 1178 1670 ίκτασιν
1192 1611 1316 1690 ὄρχησιν,
1331 1609 1399 1687 μηδὲ
1416 1610 1479 1689 μίαν
1491 1610 1614 1691 χελιδόνα
1627 1611 1666 1647 ²⁸³
1677 1612 1751 1683 ποιή·

149 1704 202 1760 τῶν
217 1700 350 1777 ἀνομάτων
362 1700 452 1778 χάριν.
511 1696 711 1767 ’ἀκολουθητέον
725 1698 814 1772 μέντοι
827 1702 858 1776 τῇ
872 1702 924 1756 τῶν
974 1721 1028 1757 σειν
1051 1697 1113 1777 ἔαρ,
1137 1697 1218 1765 οὑτως
1244 1700 1311 1775 μηδέ
1337 1699 1438 1777 βραχὺν
1457 1698 1551 1779 χρόνον
1571 1700 1749 1776 εὐδαιμονίαν.

151 1788 268 1869 ἀρχαίων
282 1788 420 1867 συνηθείᾳ,
443 1788 489 1846 καὶ
505 1786 607 1846 λεκτέον
632 1785 703 1852 τέλος
718 1776 785 1844 εἶναι
807 1777 835 1844 οὑ
851 1786 928 1865 χαίριν
973 1785 1083 1847 Τελείαν
1107 1785 1156 1866 γάρ
1171 1778 1236 1844 εἶναι
1257 1787 1309 1844 δεῖν
1336 1786 1382 1859 τὴν
1406 1786 1574 1863 εὐδαιμονίαν
1597 1788 1626 1845 ἐκ
1650 1788 1752 1847 τελείου
1774 1794 1778 1803 ”

150 1880 237 1937 πάντα
263 1876 430 1955 πράττομεν,
456 1874 520 1934 αὐτδ
552 1874 578 1932 δέ
602 1874 713 1947 οὐδενός,
731 1873 748 1944 ἢ
768 1873 797 1931 τδ
818 1873 928 1953 ἔσχατον
974 1876 1139 1931 συνεστῶσαν
1151 1875 1257 1953 ἀνδρός,
1273 1873 1498 1952 καί.χρόνου,καῖ
1511 1874 1640 1949 δαίμονος.
1657 1878 1750 1956 Προη-

151 1970 203 2024 τῶν
218 1967 339 2044 δρεκτῶν,
349 1962 366 2034 ἢ
377 1964 406 2021 τδ
417 1960 577 2042 κατ’ἀρετὴν
590 1966 636 2031 ζῆν
648 1964 673 2020 ἐν
686 1965 791 2041 ἀγαθοῖς
803 1966 856 2029 τοῖς
869 1963 929 2042 περὶ
974 1961 1103 2038 γουμένην
1118 1961 1146 2037 δέ
1161 1961 1208 2033 τλν
1222 1967 1269 2033 τῆς
1290 1962 1384 2041 ἀρετῆς
1407 1961 1550 2040 ἐνέργειαν,
1573 1961 1616 2021 διδ
1637 1964 1666 2022 τὸ
1680 1962 1750 2022 παίν-

153 2052 183 2110 τδ
199 2054 279 2127 σῶμα
295 2051 341 2110 καὶ
360 2052 413 2117 τοῖς
425 2048 535 2123 ἔξωθεν,
556 2047 573 2119 l,
592 2058 688 2124 πᾶσιν,
703 2048 720 2119 ἢ
733 2059 788 2117 τοῖς
799 2049 928 2117 πλείστοις
976 2073 1027 2115 τως
1051 2052 1192 2128 ἀναγκαῖον
1219 2050 1314 2115 ἕντοῖς
1338 2048 1406 2107 κατά
1433 2050 1508 2130 ρύσιν
1532 2054 1637 2128 ἀγαθοῖς
1667 2051 1752 2130 ὑπύρ-

152 2142 402 2222 καλαυριωτάτοις.,
431 2145 517 2202 Τοῦτο
534 2139 561 2199 δί
581 2141 702 2218 μέγιστον
716 2140 744 2199 δν
758 2144 809 2199 τῶν
824 2144 927 2218 ἀγαθῶν
976 2159 1050 2216 χειν,
1072 2139 1129 2197 ἐπεὶ
1143 2138 1189 2197 καὶ
1210 2141 1237 2197 ἐν
1257 2147 1347 2204 κακοῖς
1362 2139 1441 2217 ἀρετῇ
1456 2138 1580 2217 χρήσαιτ’
1592 2137 1624 2196 δν
1638 2140 1753 2203 mittet

116 2280 125 2287 .
141 2231 198 2305 *nent
209 2228 381 2303 τελειότατον,
391 2230 421 2286 ἐκ
435 2232 486 2286 τῶν
501 2229 587 2286 ἀλλων
602 2228 724 2285 ἁπάντων
734 2232 929 2305 ὑπηρετεῖσθαι.
976 2226 1133 2300 σπουδαῖος,
1148 2227 1182 2287 οὐ,
1195 2225 1249 2301 μνίν
1263 2249 1292 2303 γε
1308 2226 1437 2305 μακύριος
1449 2226 1540 2295 ἔσται,
1552 2227 1597 2283 καλ
1611 2228 1638 2283 ἔν
1656 2227 1753 2291 αἰκίαις

110 2342 113 2347 ·
157 2317 202 2381 Τἀ
227 2319 274 2395 μὲν
302 2316 352 2395 γάρ
378 2312 585 2391 συμύαλλόμενα
615 2314 678 2395 πρδς
703 2315 767 2373 αὐτθ
787 2320 839 2374 τῶν
861 2321 930 2393 ἀγα·
977 2312 1182 2382 ἀποδείξαιτ’θν
1198 2315 1230 2373 τδ
1246 2322 1377 2391 γενναῖον,
1393 2316 1422 2373 οὐ
1446 2316 1497 2391 μὴν
1513 2314 1643 2391 εὐδαίμων
1665 2315 1751 2377 forne.

153 2410 204 2469 θῶν
225 2405 438 2485 ὁμολογουμένως
451 2403 504 2483 χρὴ
518 2403 619 2483 λέγειν,
636 2403 669 2463 τά
689 2404 716 2463 δέ
731 2403 929 2479 ἐναντιούμενα,
977 2403 1069 2463 Αἴτιον
1083 2401 1129 2475 δέ,
1144 2405 1214 2474 &tel
1230 2406 1277 2479 μὲν
1295 2404 1374 2482 ἀρετὴ
1390 2406 1477 2463 καλῶν
1492 2404 1569 2481 μόνον
1585 2404 1655 2463 ἐστίν
1670 2409 1753 2485 ἀπερ-

153 2498 206 2555 τῶν
220 2493 272 2553 οὐτ’
287 2496 389 2572 ἀγαθῶν
412 2490 470 2550 οὐτε
488 2495 591 2564 κακῶν,
610 2490 677 2551 ἀλλά
696 2494 747 2549 τῶν
769 2490 944 2571 ἀδιαρόρων.“
976 2490 1089 2567 γαστικὴ
1105 2493 1164 2550 καθ’
1179 2490 1284 2563 ίαυτείν,
1299 2492 1349 2563 ἡδ’
1365 2491 1517 2567 εὐδαιμονία
1535 2492 1580 2551 καί
1594 2495 1681 2551 καλῶν
1699 2497 1752 2551 κά-

152 2585 195 2644 Οὐ
218 2592 306 2643 πᾶσαν
338 2580 365 2639 δὲ
395 2580 479 2651 καλὴν
512 2579 603 2658 πρᾶξιν
627 2580 809 2655 εὐδαιμονικὴν
845 2578 929 2659 ὑπείρ-
979 2583 1077 2655 γαθῶν.
1133 2580 1173 2639 Οὐ
1197 2578 1248 2660 γάρ
1263 2582 1428 2659 ἐγκαρτερεῖν
1444 2580 1566 2660 βούλεται
1580 2589 1634 2647 τοῖς
1646 2582 1766 2656 δεινοῖς,-

153 2696 221 2751 χειν.
271 2670 381 2736 Τελείας
395 2672 419 2729 δ’
442 2659 513 2728 εἶπον
524 2670 617 2747 ἀρετῆς
631 2672 724 2748 γρῆσεν
739 2668 787 2739 τὴν
805 2668 929 2743 εὐδαιμο-
978 2669 1046 2726 ἀλλά
1059 2670 1111 2725 τῶν
1123 2669 1227 2746 ἀγαθῶν
1239 2668 1393 2743 ἀπολαύειν,
1403 2668 1467 2749 πρὸς
1477 2672 1515 2746 τῷ
1526 2668 1572 2727 καί
1583 2667 1673 2737 σώζειν
1689 2668 1754 2728 τδέν

153 2760 228 2829 νίαν,
256 2757 296 2817 ότι
317 2761 368 2816 τῶν
384 2760 482 2835 ἀρετῶν
495 2755 541 2823 τάς
557 2755 603 2833 μὲν
624 2756 712 2835 ἔλεγον
734 2746 799 2815 εἶναι
814 2754 928 2828 τελείας,
978 2754 1099 2832 κοινωνίη
1114 2755 1224 2831 δίκαιον,
1238 2755 1281 2812 καλ
1298 2756 1366 2832 μήτε
1382 2758 1534 2834 ἀποστερεῖν
1549 2755 1643 2827 ἑαυτὴν
1660 2760 1712 2815 τῶν
1727 2758 1753 2815 ίν

153 2844 201 2911 τάς
216 2847 239 2903 δ’
261 2848 370 2912 ἀτελεῖς·
385 2846 484 2912 τελείας
499 2846 562 2921 μέν,
582 2843 629 2915 τείν
649 2866 677 2901 τε
697 2842 861 2915 δικαιοσύνην
883 2843 928 2901 καλ
976 2864 1010 2921 τη
1024 2840 1119 2922 θειορίογ
1132 2845 1230 2913 καλῶν,
1242 2841 1309 2917 μήτε
1318 2846 1370 2902 τῶν
1380 2841 1449 2901 κατά
1460 2843 1505 2901 τὸν
1518 2842 1573 2922 βίον
1587 2842 1747 2921 ἀναγκαίων.

152 3041 219 3090 nrtin.
260 3038 621 3106 ttnmqneeacirreqnibusagi
640 3038 763 3102 quidpiam
781 3042 930 3101 monetent,
975 3039 1025 3086 tem
1047 3037 1179 3100 appellari,
1200 3038 1263 3100 qnod
1278 3053 1309 3090 en
1332 3040 1462 3090 rlrtntlbnn
1474 3040 1532 3090 cline
1549 3041 1672 3104 nertoctm,
1695 3041 1755 3091 attan

153 3129 232 3189 parto
243 3127 323 3189 noerio
333 3139 381 3176 non
393 3132 456 3175 recte
468 3127 630 3176 nominantur.
968 3123 1191 3186 imperfectaa'eme
1202 3126 1329 3187 nixorum,
1344 3128 1463 3188 perfectu
1479 3128 1596 3189 imtitiem
1609 3132 1635 3179 et
1651 3129 1755 3191 promn-

186 3217 241 3264 l'are
255 3215 318 3263 enim
332 3213 507 3275 consideratur,
527 3215 646 3275 qnatenus
665 3212 697 3262 ad
713 3215 790 3262 totum
807 3213 930 3275 mmpien·
976 3217 1039 3273 tem,
1056 3212 1209 3276 iniperfectnn
1221 3217 1303 3262 contra
1316 3214 1403 3276 ingenii
1415 3215 1544 3264 sollertiam
1554 3221 1580 3266 et
1599 3229 1754 3278 progressum
1802 3195 1807 3200 ’

152 3306 212 3356 num
234 3302 291 3353 iecit
312 3305 418 3352 :oontrn
434 3314 462 3350 en
475 3301 526 3350 sine
544 3302 632 3364 quibus
652 3301 742 3363 aliquid
767 3301 818 3350 liert
839 3303 929 3363 nequit,
976 3300 1173 3360 perlectoantem
1188 3301 1318 3362 perfectum
1334 3285 1471 3350 nonre'nlre.
1524 3303 1607 3352 Finem
1617 3302 1691 3362 igitur
1700 3303 1755 3352 tatto

153 3407 197 3458 pro
212 3404 284 3442 canna
298 3389 416 3439 efficiente
431 3389 558 3447 habentor,
571 3393 598 3437 ut
612 3401 667 3452 qun
680 3387 710 3436 ad
726 3388 798 3438 tinem
815 3388 930 3438 ferantac
977 3385 1303 3447 rirtntfeennatonctioncrn,
1317 3386 1357 3434 cni
1370 3386 1435 3435 nolin
1448 3386 1580 3447 pandent
1594 3387 1753 3436 invitavero
1793 3451 1798 3458 Ι

153 3480 252 3544 prosint.
267 3504 298 3514 -
311 3475 390 3526 Dividi
403 3478 485 3548 antem
498 3476 587 3526 bonnm
602 3476 777 3540 inhonestum,
791 3477 849 3526 nttle
860 3477 931 3538 etiu-
978 3471 1083 3533 perfecta
1102 3471 1262 3532 addiderunt,
1274 3473 1302 3520 ut
1315 3471 1469 3534 octenderent
1481 3472 1537 3521 virio
1547 3475 1619 3539 mtnte
1633 3473 1685 3534 jam
1696 3486 1753 3536 pro·

153 3568 278 3618 cundum:
295 3579 326 3615 nc
338 3565 485 3627 singularum
500 3564 598 3626 quidem
619 3563 740 3614 actionum
752 3563 797 3615 hoc
816 3577 869 3614 esec
878 3578 930 3614 noo·
977 3559 1051 3608 tectio
1063 3559 1233 3609 beatitudinem
1249 3559 1398 3623 contingere,
1420 3558 1539 3622 mquidem
1559 3560 1697 3610 adolescent
1710 3562 1754 3610 im·

153 3668 211 3718 ροε,
225 3667 254 3704 ex
269 3651 381 3702 omnibns
392 3664 447 3701 rero
459 3649 510 3700 infin
519 3649 575 3700 oriri
588 3650 768 3716 beatitudinem.
809 3654 931 3703 coeterum
977 3650 1096 3711 perfectus
1109 3655 1145 3700 ent
1156 3650 1258 3714 cirroque
1269 3649 1334 3710 rite,
1348 3653 1421 3712 atquo
1439 3650 1500 3699 tnnc
1511 3650 1543 3699 ob
1555 3663 1650 3700 cantem
1666 3651 1690 3700 el
1705 3664 1755 3701 non

153 3737 323 3791 bentiludincm
338 3751 389 3788 εεεο
403 3737 546 3800 precipuum
559 3737 654 3788 virtutis
664 3739 774 3800 perfectae
785 3739 809 3787 in
820 3739 868 3788 rttn
880 3753 932 3802 per·
977 3751 1029 3788 eme
1046 3736 1196 3799 felicitatem,
1217 3751 1295 3800 nenne
1312 3737 1411 3787 omnino
1430 3737 1570 3800 imperfecto
1584 3738 1626 3788 ned
1649 3739 1754 3801 perfecto

154 3828 215 3877 fecta
234 3825 443 3885 exercitationem,
462 3825 500 3874 ret
515 3823 640 3874 honeratam
654 3826 710 3876 rite
727 3826 837 3888 perlecta
858 3825 931 3876 indn-
978 3825 1238 3887 temoorcenmlocom
1250 3824 1345 3875 bobeno.
1388 3824 1523 3876 Perfectum
1534 3831 1615 3876 antem
1626 3839 1678 3877 cato
1692 3834 1753 3876 tem·
1834 3847 1839 3858 =

153 3913 301 3974 strinm,ret
320 3925 391 3962 υευιιι
409 3912 504 3962 virtutis
522 3910 547 3960 in
565 3912 636 3962 rebus
655 3915 749 3962 notum
768 3913 933 3972 consentaneis
979 3925 1038 3974 pus,
1060 3913 1126 3975 qnod
1147 3913 1304 3975 plurimorum
1324 3925 1443 3962 annornm
1458 3913 1535 3975 opatio
1549 3913 1755 3989 circumscriptum

154 4003 253 4052 minima
272 4000 423 4062 impeditum.
453 3999 522 4049 idem
538 3999 612 4050 ettam
625 3999 696 4050 tinem
708 4014 770 4051 cese.
802 4001 842 4052 Sin
851 4005 931 4053 antem
978 4000 1187 4059 nobisoonstttnit
1209 4000 1312 4051 denset
1330 4001 1388 4050 antia
1401 3999 1482 4050 larum
1503 4000 1600 4064 quidem
1616 4001 1755 4063 oomtttnit,

154 4089 248 4140 felicem
264 4101 316 4138 nese
330 4087 399 4150 ticin,
416 4087 516 4136 feticltnn
535 4099 592 4138 vero
610 4100 699 4150 ευορυι
718 4088 815 4150 dicitur,
836 4102 878 4140 nne
890 4090 932 4152 qni
979 4089 1181 4151 quemadmodum
1190 4088 1262 4138 etiem
1276 4088 1382 4151 corporis
1393 4087 1601 4153 magnitudinem..
1631 4091 1715 4148 Quare
1728 4094 1757 4140 nt

152 4175 476 4238 ntcdiatlngnuntnominnm
490 4173 539 4223 rim
550 4179 676 4238 sequentes
690 4175 785 4226 divitias
801 4177 932 4239 quoqrrein
977 4188 1023 4226 nec
1036 4187 1097 4226 unns
1113 4188 1198 4225 νειειιε
1218 4175 1385 4238 pronuntiatos
1400 4175 1548 4226 histrioniam
1570 4175 1694 4240 conficiat,
1711 4191 1755 4228 nec

149 4248 225 4314 Senis
236 4276 265 4313 ac
279 4263 378 4312 divitem
391 4274 444 4311 enne
453 4261 478 4310 ln
493 4260 565 4310 roboc
576 4261 715 4312 necessariis
723 4276 847 4314 numerere
861 4277 932 4327 opor·
977 4275 1027 4312 nnn
1040 4275 1127 4311 manns
1143 4263 1261 4325 porrectio
1272 4263 1435 4325 multonem,
1449 4277 1494 4314 nec
1509 4277 1557 4314 nna
1576 4264 1732 4315 trinominem
1746 4277 1753 4308 ε

154 4354 197 4403 tet.
212 4351 377 4402 vemntamen
389 4351 497 4399 rcterum
507 4349 653 4398 consuetudo
664 4349 785 4414 coquenda
794 4351 931 4414 pollerent,
977 4345 1147 4399 itanecbrene
1159 4352 1253 4412 ίειιιρυε
1271 4349 1414 4400 felicitatem.
1447 4351 1542 4403 Etenim
1551 4353 1686 4401 nommario
1702 4365 1755 4413 per-

154 4436 412 4502 dicendumquctinem
423 4437 553 4498 εεεοευίυε
562 4449 634 4486 canna
643 4436 723 4486 omnia
733 4436 840 4500 facimus,
853 4438 932 4501 ionum
978 4436 1064 4486 tectam
1083 4449 1136 4485 εονο
1154 4437 1303 4496 felicitatem,
1323 4449 1419 4499 qnaeea
1440 4438 1546 4500 perfecto
1563 4440 1616 4488 turn
1631 4438 1683 4488 riro
1701 4441 1754 4487 tun

154 4530 237 4577 nutem
256 4526 344 4576 nulline
357 4538 444 4586 caraea,
464 4525 514 4575 cire
531 4525 642 4575 ultimum
660 4525 864 4588 expetendorum,
882 4527 933 4578 etro
978 4525 1085 4586 tempore
1095 4529 1147 4572 tom
1156 4523 1252 4574 fortuna
1263 4525 1363 4574 montet.
1393 4525 1499 4575 Virtutis
1510 4526 1592 4576 entem
1607 4526 1755 4575 fonctionem

155 4616 230 4666 ritam
247 4614 272 4664 in
287 4613 395 4676 corporis
410 4617 612 4676 externorumqrrc
635 4613 754 4691 bonorum
772 4614 811 4663 ret
824 4615 932 4665 omnium
979 4611 1138 4674 praecipuam,
1150 4611 1214 4673 oncri
1231 4613 1329 4664 omnino
1338 4625 1436 4663 necnec
1447 4611 1478 4661 sit
1490 4613 1515 4663 in
1527 4613 1664 4676 tronioqnn
1672 4625 1756 4662 meon-
1841 4626 1843 4629 ·

155 4704 193 4754 rel
214 4704 381 4767 plerorumque
396 4703 420 4752 et
436 4701 612 4764 proecipuorum
625 4701 770 4751 abundantio
786 4701 888 4753 honeste
905 4717 932 4752 n·
978 4698 1037 4748 dum
1048 4702 1156 4748 nntnrem
1165 4703 1223 4750 nunt
1231 4700 1305 4749 ritem
1314 4698 1360 4763 agi,
1369 4699 1564 4763 qnandoquidem
1578 4699 1657 4750 rirnm
1666 4699 1756 4749 bonnm

155 4788 357 4841 nominantem
371 4803 447 4852 anrm
458 4789 592 4838 maximnm
606 4789 736 4839 nltboourn
746 4792 772 4839 et
782 4790 931 4840 absolutioni·
980 4787 1053 4837 ettam
1069 4786 1094 4836 in
1106 4787 1174 4837 malin
1186 4793 1321 4838 remantem
1335 4793 1400 4839 recte
1416 4788 1514 4850 quidem
1524 4788 1561 4838 nti
1579 4801 1649 4850 poene
1666 4787 1757 4838 rirtntc

155 4891 239 4938 mum,
252 4877 397 4940 reliquorum
409 4877 484 4928 utttnr
496 4877 632 4928 ministerio.
647 4878 752 4929 tltenim
764 4892 820 4942 qum
832 4879 862 4928 ad
874 4879 933 4930 lltod
978 4881 1092 4938 censent,
1105 4889 1149 4926 nec
1162 4877 1245 4926 tamen
1260 4876 1358 4926 bentona
1378 4877 1442 4939 toro,
1457 4878 1530 4939 ntqne
1543 4877 1567 4925 fn
1578 4875 1684 4925 mocintn
1694 4889 1757 4938 ῳεο-

67 5017 69 5022 ,
156 4963 281 5013 conterunt
297 4975 339 5024 pro
352 4962 699 5014 boofnhabendamnoomnen
710 4963 865 5015 concedimur
879 4977 885 5007 =
898 4967 931 5014 tta
978 4979 1027 5028 quc
1035 4965 1108 5015 mimi
1117 4965 1263 5016 nobilitatem
1272 4968 1490 5028 onteoenmmnon
1498 4964 1756 5015 temeofntnrnmeene

157 5065 213 5113 qum
224 5048 338 5100 resistunt
350 5063 394 5099 nec
401 5031 469 5100 bonin
479 5063 524 5100 nec
537 5051 622 5114 matie,
635 5052 677 5103 ned
691 5052 882 5104 indifferentibus
895 5065 934 5103 nn·
979 5053 1081 5103 fotioem.
1127 5055 1158 5104 tlt
1169 5053 1232 5104 onim
1242 5054 1317 5104 rirtnn
1328 5067 1372 5116 per
1385 5065 1411 5102 ae
1422 5053 1576 5103 honestorum
1585 5053 1687 5108 ,tnntom
1701 5051 1756 5102 ett-

158 5137 279 5188 rmmerari
290 5139 411 5188 convenit.
426 5141 458 5188 at
468 5151 516 5188 non
531 5153 627 5190 omnem
640 5142 758 5192 actionem
768 5143 893 5192 horrentem
902 5141 932 5190 nd
981 5141 1048 5192 cinna
1062 5145 1098 5192 eet
1112 5155 1118 5184 =
1134 5141 1168 5191 lto
1184 5142 1285 5192 felicitas
1295 5145 1320 5193 et
1329 5142 1485 5192 tronentornm
1502 5144 1527 5189 et
1545 5139 1665 5189 bonorum
1682 5151 1754 5188 caum

158 5229 295 5282 felicitatem
307 5227 433 5291 pertinere.
450 5228 564 5281 Perfecto
577 5240 634 5281 roro
647 5232 743 5282 rtrtntin
753 5244 822 5282 unum
837 5231 934 5282 felicita·
984 5229 1093 5280 liniretur.
1127 5230 1179 5279 tion
1190 5229 1254 5281 enim
1266 5233 1315 5279 tam
1327 5229 1352 5279 in
1365 5227 1434 5278 metis
1448 5238 1611 5290 pereererare,
1624 5238 1697 5288 αυευι
1711 5224 1755 5275 bo·
