3959 5925
733 365 775 424 iil
798 365 970 425 TIMAEUM
994 365 1194 426 PLATONIS.
1696 388 1752 440 185

150 503 194 554 sed
209 513 265 564 qum
279 498 367 548 similia
384 499 456 559 sunt,
473 496 579 548 inuicem
592 495 640 546 sibi
656 494 733 546 solida
744 508 845 557 corpora
860 495 931 545 inseri
977 496 1041 544 enim
1057 495 1119 558 ignis
1133 497 1249 548 adversus
1264 511 1337 560 nora,
1354 499 1390 548 sic
1406 512 1448 550 rer
1462 500 1593 552 adeersum
1610 517 1712 570 aquam,
1734 509 1758 557 el

151 592 248 643 debent.
978 583 1078 633 demum
1091 597 1154 647 aqua
1172 585 1241 646 iustu
1257 591 1365 635 terram:
1380 587 1576 652 retrorsumque,
1591 595 1619 642 nt
1635 593 1700 642 terra
1716 595 1759 644 ad-

182 681 250 730 xxi.
264 675 310 726 Cui
328 673 521 736 respondebitur,
539 672 657 721 lractenns
675 683 795 720 memores
816 683 861 719 nos
880 682 933 718 esse
978 684 1076 720 versum
1090 684 1186 734 uquam,
1200 671 1234 721 sic
1244 685 1307 735 aqua
1322 673 1437 723 adversus
1449 687 1503 724 aera
1517 690 1524 724 :
1538 678 1563 726 et
1575 690 1616 728 aer
1630 678 1759 731 adversum

151 768 239 818 debere
250 776 335 814 eorum
344 761 433 824 quibus
443 761 511 810 Plato
521 761 584 808 lranc
591 759 667 820 ipsam
679 747 846 807 difficultate!
857 756 933 806 multo
977 758 1067 820 ignem.

151 856 207 904 ante
219 850 354 922 praevidens
364 885 371 910 ,
382 853 425 898 cm
438 848 481 909 qui
494 846 528 897 ita
542 847 636 897 sensmi
647 849 720 907 sunt,
730 846 762 895 ab
776 857 854 895 errore
864 857 932 894 revo-
1010 848 1101 896 lllllll.
1117 848 1236 896 Hactenus
1250 847 1281 897 de
1296 849 1469 899 constitutione
1478 851 1595 900 mundani
1604 854 1726 915 corporis,
1737 856 1762 905 el

150 941 249 993 careril.
282 937 473 995 Dixitenim,si
493 935 662 994 meminimus,
680 933 863 983 similitudinem
883 945 931 980 nou
978 932 1009 982 de
1027 933 1183 1002 materiarum
1194 947 1224 984 err
1239 936 1328 998 quibus
1340 939 1436 986 constat
1449 939 1606 999 germanitate
1622 938 1759 990 disseritur.
1851 997 1855 1003 ¹

152 1031 231 1080 solum
244 1028 269 1076 iu
283 1026 367 1111 turmis
381 1030 405 1075 et
416 1023 512 1086 liguris,
527 1022 569 1072 sed
583 1023 655 1072 etiam
668 1023 693 1070 in
706 1021 820 1083 potentiis
833 1023 859 1069 et
873 1034 934 1081 qna·
979 1025 1059 1080 Quem
1075 1035 1130 1072 cnm
1145 1024 1236 1073 laclrrm
1250 1038 1305 1076 csse
1324 1026 1379 1088 quin
1393 1025 1426 1076 slt
1440 1039 1586 1090 corporeus,
1601 1029 1719 1091 alirrmel,
1736 1036 1762 1081 et

152 1117 258 1168 lilab‘bus
277 1113 352 1176 quaeri
360 1115 496 1174 oportere,
509 1124 564 1159 cum
576 1110 609 1159 ita
622 1109 684 1159 dixit
700 1123 707 1156 ε
980 1109 1085 1158 errndem
1101 1108 1306 1174 indissolubilem,
1319 1125 1375 1162 curn
1396 1126 1501 1176 quasque
1520 1115 1581 1164 bunt
1595 1129 1700 1179 quumque
1717 1129 1776 1174 na-,

184 1202 290 1254 Ὀπόταν
301 1199 455 1264 inponimus
464 1196 597 1261 epimelas
608 1196 695 1256 ὄγκων,
703 1194 750 1244 etse
761 1194 881 1255 δυνάμεων
891 1195 934 1242 ne
979 1200 1089 1257 scuutur,
1104 1197 1167 1246 lacta
1177 1197 1352 1259 dissolvantur,
1364 1202 1422 1250 nuta
1437 1201 1550 1252 occidant
1563 1221 1570 1252 ι
1584 1206 1610 1252 nl
1627 1204 1682 1253 huic
1697 1205 1762 1267 qnod

152 1295 263 1343 τινωνοῦν
276 1289 328 1351 tri
344 1288 431 1350 μέσον,
446 1285 469 1347 ll,
483 1301 558 1349 τιπερ
569 1285 598 1334 τὸ
610 1290 703 1347 πρῶτον
712 1284 768 1347 πρὸς
781 1282 853 1343 αὐτό,
864 1285 934 1331 τοῦτο
979 1286 1018 1335 est
1036 1289 1124 1348 praeter
1144 1286 1282 1349 opinionem
1304 1288 1428 1336 bominum
1448 1289 1582 1349 medeatur,
1601 1291 1661 1341 dicit
1680 1305 1694 1340 n
1714 1306 1763 1354 qno

154 1382 211 1431 αὐτὸ
227 1379 283 1443 πρὸς
294 1379 322 1427 τὸ
335 1378 445 1438 ἔσχατον.

188 1469 290 1518 cumin
301 1464 386 1516 tribus
397 1465 453 1512 elne
464 1459 778 1523 numeris,eeumolidue,
789 1471 835 1509 sen
841 1461 933 1522 poten·

155 1558 216 1615 iiis,
227 1552 337 1617 perinde
349 1554 398 1601 erit
411 1549 537 1600 medietas
550 1552 616 1602 imo,
627 1546 846 1612 queamdmodum
862 1558 935 1621 erem·¹

132 1697 136 1714 .
154 1647 234 1694 irritas
248 1642 340 1692 medio.
465 1698 470 1706 ,

154 1732 236 1788 Quare
251 1730 273 1778 st
290 1729 354 1778 inter
368 1727 450 1788 ignem
471 1726 496 1775 et
514 1727 604 1774 terram
628 1723 696 1772 nulla
717 1724 756 1773 cst
774 1721 799 1771 iu
815 1723 896 1784 specie
911 1724 936 1771 et

154 1819 220 1866 relut
241 1814 348 1864 insultu
370 1811 517 1872 similitudo,
539 1809 670 1873 quaerenda
689 1812 736 1859 erit
754 1810 780 1859 in
797 1810 891 1859 naturis
905 1821 935 1858 ae

154 1902 312 1968 qualitalibus
337 1901 447 1963 ipsorum
467 1900 656 1960 elementorum,
676 1898 746 1961 juxta
768 1910 829 1960 quas
846 1898 935 1946 iaciunt

155 1991 244 2055 aliquid
260 2003 290 2040 ac
307 1989 442 2054 patiuntur,
457 1989 481 2037 et
497 1988 522 2036 in
544 1986 582 2036 bis
597 1985 784 2049 proprietatibus
798 1999 829 2035 ex
847 1984 935 2047 quibus

155 2079 280 2141 utriusque
292 2075 403 2127 elementi
415 2076 486 2124 viset
496 2073 640 2136 germanitas
651 2073 760 2137 apprime
784 2071 934 2133 designatur.

154 2169 217 2219 Sunt
229 2165 300 2228 igitur
310 2166 361 2214 tam
376 2163 439 2227 ignis
458 2175 530 2226 qnam
544 2164 617 2212 terrae
629 2162 712 2210 urullae
731 2158 829 2224 quidem
843 2160 868 2208 et
882 2158 936 2208 alioe

155 2255 313 2317 proprietates
323 2288 331 2313 ,
343 2252 386 2302 sed
400 2264 456 2314 qum
471 2250 509 2299 vel
521 2249 627 2300 maxime
642 2250 692 2298 uim
705 2261 788 2298 earum
802 2247 936 2311 proprieta-

156 2342 208 2390 tum
216 2337 349 2398 declarant,
360 2336 473 2385 nimirum
484 2335 531 2385 lrae.
564 2335 628 2397 ignis
641 2334 737 2396 quidem
748 2347 859 2392 acumen,
870 2332 934 2395 quod

73 2421 78 2429 '
134 2425 137 2429 ’
156 2430 193 2476 est
208 2428 295 2476 acutus
309 2427 334 2476 et
344 2426 486 2488 penetrans,
497 2422 583 2473 deinde
597 2423 663 2485 quud
677 2425 714 2471 est
724 2425 791 2472 tener
802 2424 827 2471 et
836 2421 937 2471 delicata

157 2516 261 2576 quadam
281 2513 429 2571 subtilitate,
448 2515 501 2561 lum
515 2511 580 2573 qnod
598 2513 636 2561 est
651 2510 748 2560 mobilis
762 2513 787 2560 et
802 2522 897 2572 semper
913 2509 936 2557 in

157 2606 235 2658 mour.
268 2603 350 2651 Terre>
371 2614 446 2658 nero,
457 2599 522 2664 quod
535 2601 573 2649 est
588 2601 685 2662 retusa,
698 2598 762 2660 quod
782 2597 936 2661 corpulenta,

143 2691 220 2752 ,quod
237 2703 332 2752 semper
345 2688 484 2739 immobilis.
519 2691 562 2737 lim
574 2691 737 2737 resonaturus
749 2686 806 2736 licet
821 2685 869 2734 sint
879 2697 938 2733 con·

156 2780 250 2841 inrue,
264 2777 355 2826 babent
373 2779 453 2827 tamen
466 2775 571 2837 aliquam
584 2788 615 2824 ex
627 2776 678 2836 lpse
692 2773 861 2823 contrarietate
873 2771 937 2835 peri·

157 2867 258 2917 litatem.
290 2868 350 2916 Tam
366 2864 431 2914 enim
452 2863 542 2913 similia
565 2861 696 2923 similibus,
712 2874 785 2923 quum
807 2859 934 2909 dissimilia

157 2952 312 3005 dissimilibus
322 2952 504 3016 rumperentur:
512 2958 537 3000 el
545 2950 598 3001 baec
608 2951 645 3001 cst
656 2949 780 3011 anelogia,
792 2949 864 2998 idest
876 2947 938 2998 ratio

159 3042 266 3094 continui
282 3043 450 3105 competentis.
483 3040 553 3097 Quod
565 3040 629 3089 enirn
639 3041 676 3088 est
691 3050 792 3087 acumen
806 3036 937 3086 aduersum

157 3131 330 3192 obtusitatem,
342 3129 390 3179 boc
408 3128 528 3178 subtilitas
540 3128 610 3189 iunia
622 3124 795 3188 corpulentiam
810 3137 817 3169 ι
834 3126 860 3173 et
874 3124 938 3185 qnod

157 3219 277 3269 subtilitas
301 3218 371 3281 juxte
395 3215 588 3278 corpulentiam,
613 3215 659 3263 boc
680 3212 802 3261 mobilitas
820 3211 937 3262 adversus

79 3360 83 3367 ,
157 3306 357 3356 immobilitatem.
391 3304 468 3366 El,si
481 3302 583 3353 verteris
596 3301 659 3350 ulid
676 3299 742 3362 quod
756 3299 863 3349 medium
883 3303 938 3361 est,

156 3396 273 3446 extimum
290 3395 345 3455 liat,
355 3407 410 3456 quae
424 3405 482 3441 vero
494 3393 552 3440 sunt
561 3389 668 3450 extima,
678 3387 816 3451 singulatim
827 3389 851 3437 in
861 3387 938 3437 medio

160 3484 277 3544 locentur,
292 3481 429 3532 servabitur
439 3479 554 3541 mungire
565 3489 660 3528 norma.

189 3574 266 3621 xxll.
283 3571 409 3628 Quatenus
426 3568 500 3630 igilur
512 3569 574 3616 inler
587 3566 641 3616 lraec
652 3565 702 3615 duo
722 3565 800 3614 solida
817 3578 936 3627 corpora,

159 3670 265 3722 qnorum
288 3659 325 3705 est
342 3655 396 3705 talis
418 3654 565 3714 similitudo,
585 3632 681 3716 qualem
703 3652 938 3713 demonstravimus,

161 3747 207 3795 alia
231 3744 279 3794 duo
300 3742 376 3798 solida
399 3741 523 3803 interjecta
543 3742 631 3791 incient
651 3741 856 3791 continuationem
871 3741 940 3801 iuxta

161 3836 281 3885 rationem
295 3831 403 3882 continui
421 3831 596 3893 competentis,
616 3831 685 3880 docet
704 3830 853 3880 arithmetica
867 3830 940 3878 disci-

161 3924 235 3987 plina.
268 3921 370 3973 sienim
387 3920 493 3969 vicinum
506 3919 555 3980 igni
567 3918 715 3969 elementum
732 3919 798 3981 quod
813 3919 859 3980 sit,
874 3920 898 3967 et
910 3931 939 3967 ex

161 4012 249 4074 quibus
268 4009 400 4059 conflatum
419 4006 569 4057 volucrimus
589 4007 728 4069 inqrrirere,
744 4019 867 4056 sumemus
880 4006 941 4067 ignia

160 4100 258 4163 quidem
270 4098 301 4147 de
314 4097 425 4160 proximo
436 4095 497 4145 dues
507 4096 626 4156 virtutes,
637 4095 795 4145 subtilitatem
809 4098 833 4145 et
845 4094 940 4145 mobili·

160 4190 234 4237 talem
251 4205 257 4235 ι
276 4199 349 4235 unam
365 4198 423 4235 vero
440 4186 525 4245 terrae,
546 4184 571 4233 id
590 4186 627 4234 est
640 4183 796 4234 obtusitalem
813 4186 859 4233 :et
874 4184 940 4233 inre·

160 4276 238 4326 nietur
249 4276 359 4337 genitura
373 4272 474 4323 secundi
490 4272 618 4333 elementi,
631 4271 696 4335 qnod
710 4276 747 4323 est
757 4272 840 4323 subter
851 4273 940 4333 ignem,

161 4364 237 4414 idest
256 4363 329 4413 neris.
362 4366 395 4411 Et
416 4362 483 4411 enim
502 4374 544 4410 aer
563 4360 682 4421 obtusus,
704 4361 815 4424 subtilis,
837 4361 941 4410 mobilis,

980 1373 1059 1423 tactus
1073 1374 1113 1433 sil,
1127 1387 1157 1424 er
1171 1374 1260 1436 quibua
1276 1381 1385 1438 constet,
1400 1376 1429 1425 ad
1441 1377 1506 1441 qnod
1523 1378 1660 1441 exemplum
1673 1379 1762 1430 conell·

980 1461 1064 1524 tutus,
1080 1473 1130 1523 qua
1152 1461 1183 1512 de
1204 1474 1293 1525 causa,
1314 1464 1434 1524 quatenus
1457 1465 1585 1516 aternitmi
1610 1471 1764 1530 propagatus.

980 1547 1068 1597 Omnia
1081 1549 1145 1598 enim
1158 1561 1214 1611 qum
1238 1551 1310 1610 sunt,
1323 1551 1362 1600 vel
1375 1551 1419 1600 Dei
1430 1563 1504 1613 opera
1516 1555 1588 1614 sunl,
1605 1554 1645 1618 rel
1657 1557 1762 1615 naturae,

981 1635 1019 1684 vel
1031 1638 1143 1686 naturam
1157 1627 1277 1686 imiidnlla
1289 1637 1392 1686 bominis
1404 1638 1511 1689 artificis.
1543 1643 1650 1702 operum
1664 1647 1763 1691 natura-

982 1722 1039 1772 lium
1054 1723 1120 1785 origo
1140 1725 1165 1772 et
1185 1723 1281 1772 initium
1297 1725 1390 1774 semina
1408 1731 1481 1786 sunt,
1495 1739 1553 1788 qum
1567 1727 1631 1777 iacta
1652 1741 1763 1791 compre·

982 1813 1121 1862 liendunlnr
1133 1813 1170 1862 rel
1185 1816 1256 1862 terrae
1273 1815 1407 1864 visceribus
1418 1815 1448 1864 ad
1469 1817 1544 1878 leugis
1562 1817 1671 1867 arborem
1685 1831 1763 1868 cerea·

981 1901 1042 1949 lisre
1053 1904 1193 1961 proventum
1205 1920 1211 1949 ι
1225 1902 1262 1950 vel
1274 1901 1414 1963 genitalium
1431 1903 1594 1953 membrorum
1608 1904 1765 1956 loecnuditnlc

980 1991 1123 2051 conceptum
1154 1989 1299 2039 animalium
1323 2002 1420 2051 germen
1447 1991 1596 2041 adolentium
1622 2007 1628 2040 ε
1659 2005 1764 2055 quinium

981 2053 1167 2126 emniumo⁹rtus
1183 2077 1207 2126 in
1217 2080 1344 2140 tempora;
1368 2091 1410 2139 par
1423 2079 1487 2144 epim
1501 2083 1526 2128 el
1541 2091 1676 2141 oeqrroevum
1686 2081 1765 2131 natale

984 2166 1116 2215 natnroeac
1131 2166 1255 2226 temporis.
1289 2167 1325 2216 lto
1335 2168 1430 2215 nnlnrm
1445 2179 1536 2228 opere.
1549 2168 1604 2230 qnia
1620 2171 1702 2218 ortum
1721 2169 1762 2217 liu·

982 2253 1041 2304 bont
1056 2268 1085 2304 ex
1103 2268 1132 2304 eo
1143 2269 1193 2317 quo
1207 2268 1259 2304 esse
1273 2257 1398 2318 eruperunt
1406 2257 1531 2318 ternpore,
1544 2257 1616 2306 finem
1632 2270 1728 2320 qunque
1742 2261 1765 2306 el

982 2353 1097 2389 occasum
1126 2341 1188 2390 intra
1215 2342 1301 2392 seriem
1326 2342 1582 2406 continuationemqua
1602 2344 1656 2406 ejus
1682 2344 1766 2394 sortitu

982 2430 1050 2477 sunt.
1083 2432 1114 2478 st
1134 2441 1192 2478 reru
1211 2429 1255 2477 Dei
1275 2442 1377 2490 operum
1395 2430 1462 2491 origo
1476 2437 1500 2480 el
1516 2431 1611 2480 initium
1630 2431 1766 2495 incompre-

984 2515 1108 2566 hensibile.
1142 2517 1212 2566 Nulla
1225 2517 1290 2566 enim
1302 2520 1367 2566 certa
1379 2521 1453 2581 nota,
1469 2518 1561 2568 nullum
1576 2519 1693 2568 indicium
1705 2523 1765 2570 lem·

983 2603 1048 2665 poris
1060 2616 1091 2652 ex
1104 2616 1152 2665 qno
1164 2615 1217 2652 case
1229 2605 1361 2664 ceperum.
1394 2605 1451 2653 Sola
1467 2587 1489 2652 si
1503 2605 1564 2653 torte
1579 2608 1699 2666 causu,et
1713 2607 1766 2655 lraec

984 2693 1035 2753 ipsa
1047 2691 1088 2739 rix
1101 2689 1253 2752 intelligitur„
1262 2702 1305 2739 cur
1318 2703 1403 2740 eorum
1417 2691 1491 2754 qnid,
1503 2705 1612 2754 quamve
1623 2693 1655 2741 ob
1666 2705 1764 2742 musam

984 2779 1093 2828 exsistat.
1126 2780 1225 2828 certum
1241 2781 1278 2828 est
1295 2778 1413 2840 siquidem
1425 2779 1515 2828 nibila
1536 2781 1587 2829 Deo
1603 2765 1694 2830 tactum
1711 2793 1765 2830 esse

984 2867 1037 2917 sine
1048 2878 1130 2915 causo.
1164 2867 1197 2914 Ut
1207 2865 1280 2927 igilur
1294 2864 1341 2914 illic
1357 2878 1413 2928 quae
1425 2866 1476 2928 lege
1490 2869 1585 2916 naturm
1599 2870 1764 2929 procreantur,

983 2954 1140 3005 fundamenta
1155 2956 1213 3003 sunl
1224 2953 1328 3015 semina,
1345 2954 1379 3004 lta
1393 2968 1479 3004 eorum
1491 2968 1547 3018 quire
1562 2957 1627 3005 Dens
1646 2955 1764 3018 instituit,

984 3042 1140 3091 fundamenta
1152 3044 1316 3105 andletnan,
1330 3055 1385 3104 queo
1397 3045 1454 3091 sunt
1467 3044 1597 3107 perspicue
1612 3043 1701 3093 divinoe
1712 3057 1766 3105 pm-

983 3130 1106 3180 videmiae.
1141 3132 1204 3179 Deus
1223 3132 1303 3180 aulem
1325 3133 1381 3180 ante
1400 3130 1575 3180 iustitutionem
1594 3132 1726 3194 temporis,
1743 3134 1768 3181 et

985 3231 1027 3281 per
1048 3232 1146 3281 murrm;
1168 3217 1327 3267 simulacrum
1346 3220 1383 3267 est
1405 3218 1469 3267 enim
1485 3218 1650 3280 tempusculi.
1682 3220 1767 3269 canore

984 3307 1056 3369 igitur
1065 3319 1167 3369 operum
1179 3306 1289 3356 omnium
1303 3307 1363 3366 Dei,
1375 3308 1482 3369 tempore
1495 3306 1658 3369 antiquiores:
1673 3307 1768 3356 etaient

985 3398 1051 3445 lleus
1065 3408 1106 3457 per
1117 3407 1214 3455 aevnm,
1227 3394 1264 3443 sic
1277 3386 1349 3443 eliam
1365 3406 1445 3443 causae
1463 3406 1506 3457 per
1517 3407 1607 3444 mrum.
1641 3392 1712 3451 Quod
1728 3406 1766 3442 se·

984 3482 1077 3545 quitur,
1094 3484 1120 3532 ut
1145 3481 1263 3545 quidquid
1285 3494 1300 3530 a
1320 3484 1371 3531 Deo
1388 3481 1428 3543 m,
1447 3480 1621 3543 temporarium
1641 3492 1689 3532 nou
1711 3478 1766 3529 sit:

985 3569 1052 3631 quod
1067 3570 1238 3632 temporarium
1252 3572 1301 3618 non
1319 3569 1367 3631 sit,
1380 3568 1446 3617 nulla
1461 3568 1578 3629 temporis
1589 3568 1640 3626 lege
1650 3568 1765 3615 teneatur.

985 3658 1017 3706 El
1037 3662 1131 3719 tempus
1147 3657 1339 3707 immutationem
1362 3653 1457 3715 relatis,
1474 3654 1586 3713 morbos,
1603 3655 1766 3711 seneclutem,

985 3761 1099 3798 occasum
1114 3747 1216 3797 invellit.
1250 3747 1294 3797 llis
1314 3758 1370 3807 orgo
1386 3744 1501 3793 omnibns
1516 3743 1610 3807 qrroda
1633 3746 1684 3793 Deo
1697 3742 1767 3791 insti-

986 3832 1063 3881 tnilur
1078 3832 1186 3881 immune
1198 3833 1247 3887 est,
1260 3829 1375 3889 origoque
1384 3828 1437 3890 ejus
1448 3827 1570 3877 causativa
1586 3828 1637 3889 est,
1649 3840 1699 3877 non
1711 3829 1769 3876 tcm-

986 3919 1089 3983 poraria.
1123 3915 1153 3967 llt
1172 3917 1277 3967 mundns
1288 3916 1382 3967 sensilis
1398 3919 1435 3966 est
1453 3929 1516 3979 opus
1529 3915 1573 3966 Dei
1594 3916 1683 3978 :origo
1696 3914 1769 3977 igilur

987 4008 1040 4069 ejus
1061 4006 1201 4066 causativa,
1217 4019 1266 4055 nnn
1287 4005 1442 4068 temporario.
1476 4004 1516 4054 Sic
1531 4003 1652 4065 mundus,
1673 4002 1769 4053 sensilis

988 4095 1044 4144 licet
1056 4098 1082 4144 ct
1098 4094 1244 4157 corporeus,
1259 4106 1273 4142 a
1291 4099 1340 4144 neo
1359 4095 1441 4143 tamen
1456 4093 1614 4153 inclusalque
1628 4090 1768 4149 institutus,

986 4182 1148 4230 aelcrnnsest.

1017 4269 1105 4317 xxiv.
1125 4268 1227 4317 constat
1246 4278 1319 4330 porro
1341 4280 1372 4316 err
1394 4264 1500 4317 materiis
1521 4262 1618 4315 illibatis
1636 4266 1711 4324 atque
1731 4260 1768 4309 in-

987 4354 1082 4417 legris:

161 4454 314 4512 llursnmque
330 4449 350 4497 si
365 4448 417 4510 elus
430 4448 541 4498 clementi
560 4447 629 4510 quod
643 4449 680 4497 eat
696 4448 803 4496 vicinum
816 4450 899 4507 terrm,
918 4447 941 4495 id
1019 4444 1063 4493 Ἐκ
1071 4444 1116 4505 γὰρ
1130 4444 1201 4506 πυρὸς
1209 4441 1383 4499 committerer
1391 4458 1418 4489 re
1430 4442 1470 4489 καὶ
1485 4439 1551 4503 ἀέρος
1562 4439 1651 4500 enimc
1661 4436 1768 4493 ξυνέστη·

161 4542 198 4588 est
206 4551 276 4600 aqum
289 4537 423 4598 genituram
434 4536 629 4597 consideremus,
642 4548 766 4585 sumemus
775 4534 836 4584 duas
845 4534 941 4597 quidem
987 4549 1027 4582 σεν
1041 4532 1112 4583 αὐτὸν
1130 4534 1144 4581 i
1166 4531 1287 4588 ξυνιστάς,
1308 4514 1380 4594 μέροξ
1400 4529 1468 4578 οὐδὲν
1483 4528 1576 4583 οὐδενὸς
1599 4526 1651 4575 olii
1666 4525 1769 4586 ’δύναμιν

163 4632 232 4675 terrae
242 4626 354 4685 virtutes,
363 4623 386 4673 id
395 4627 432 4673 est
443 4624 612 4685 obtusitatem,
626 4628 651 4674 et
662 4622 835 4687 corpulentiam
849 4636 856 4670 ε
869 4635 942 4670 uuam
987 4620 1069 4675 lintei
1088 4618 1228 4669 danieluna.

162 4726 221 4762 vero
232 4713 308 4773 mnis,
319 4712 344 4761 id
359 4716 397 4761 est
411 4718 521 4773 molum,
533 4714 558 4761 et
575 4712 697 4761 exorietur
710 4723 780 4774 aqum
792 4710 943 4771 substantia,
1021 4708 1063 4755 Be
1072 4707 1160 4767 omni,
1175 4704 1267 4767 inquit,
1280 4706 1335 4766 iuni
1350 4706 1375 4752 el
1389 4714 1422 4751 ce
1434 4704 1555 4752 uniuerso
1567 4702 1682 4763 spiritu,
1694 4702 1719 4749 et
1735 4711 1768 4749 eu

163 4812 219 4863 qun
237 4802 274 4851 est
289 4812 378 4863 corpus
396 4800 528 4861 obtusum,
543 4800 722 4861 corpulentum,
736 4798 831 4848 mobile.
865 4798 944 4858 Atque
987 4796 1155 4855 ceterie,sine
1163 4794 1247 4843 ultius
1257 4796 1341 4857 portis
1352 4792 1541 4841 imminutione.
1556 4793 1597 4841 ltu
1608 4788 1637 4847 m
1650 4792 1680 4841 nt
1692 4787 1769 4839 nullo

163 4887 198 4937 ita
215 4887 279 4935 intur
298 4888 378 4949 ignem
393 4889 418 4937 et
438 4889 546 4947 terram,
563 4900 604 4936 aer
625 4889 650 4936 el
668 4898 730 4947 aqua
747 4886 779 4935 de
799 4884 943 4934 extimorum
990 4897 1022 4934 ne
1034 4884 1144 4934 minime
1156 4881 1260 4945 quidem
1270 4894 1335 4945 pura
1346 4878 1488 4941 cujustibet
1501 4880 1615 4941 eorporis
1626 4880 1703 4927 extro
1714 4888 1768 4925 um·

163 4974 316 5025 concretione
331 4976 470 5039 nascentur,
487 4988 517 5025 ex
539 4974 628 5037 quibus
643 4974 739 5023 constat
761 4971 847 5021 mundi
866 4970 944 5019 conti·
989 4973 1074 5023 ditum
1087 4970 1183 5023 mundi
1195 4971 1291 5021 relicta
1301 4973 1347 5021 sit.

163 5064 257 5113 nuntio.
289 5063 455 5113 Conservalur
473 5067 554 5113 autem
575 5063 622 5112 boc
641 5066 713 5125 pecto
726 5058 834 5122 analogia
848 5071 945 5121 quoqrre
990 5064 1051 5119 Qum
1068 5060 1125 5123 qnia
1145 5058 1227 5109 omnia
1244 5071 1358 5121 corpora,
1379 5058 1464 5122 parlim
1485 5055 1570 5119 frigida
1590 5055 1677 5119 parlim
1692 5052 1769 5104 cnlidn

164 5150 311 5214 geometrica
336 5150 407 5213 iuria
430 5151 547 5203 rationem
578 5150 686 5202 oodfinni
709 5148 877 5213 competentis.
912 5150 945 5197 llt
991 5150 1065 5210 sunt,
1080 5147 1146 5198 nulle
1167 5147 1304 5210 importuna
1320 5147 1414 5210 trigoris
1429 5146 1547 5195 culnriave
1562 5141 1713 5195 extrinsecus
1726 5152 1767 5190 nc·
