3959 5925
224 404 281 455 832

220 529 325 588 tonino
334 527 371 606 (8)
378 525 576 604 asperioribus
585 525 802 585 facetiisCrates
810 528 999 605 perstrinxit:

221 622 260 677 ita
275 617 451 676 Demetrium
471 615 659 687 Plralereum,
677 615 787 674 Thebis
800 617 998 688 exsulantem,

219 705 382 764 consolatus
396 716 440 760 est
457 705 507 779 (9).
532 702 723 778 Conspicatus
747 703 904 780 aliquando
928 705 1001 760 ado-

219 786 407 841 lescentulum
427 796 538 839 secreto
560 781 774 854 ambulantem,
798 786 998 858 interrogarit,

218 872 289 947 quid
303 871 362 926 illic
377 870 456 927 solus
472 869 586 930 laceret.
612 873 733 935 Mecum,
753 871 867 947 inquit,
895 875 998 946 loquar.

216 959 270 1015 eui
286 958 386 1015 Crates
402 977 409 1012 ι
427 959 512 1026 Care,
527 957 638 1034 inquit,
653 978 735 1030 rogo,
750 973 779 1014 et
787 963 940 1032 diligenter
948 974 1000 1015 ‹rt-

129 1048 134 1064 '
217 1049 306 1112 tende,
320 1065 355 1102 ne
367 1065 428 1100 cum
441 1046 553 1102 horariae
563 1049 638 1101 ιιιαΙο
650 1049 773 1126 loquaris
786 1047 857 1122 (ιο).

256 1133 399 1190 Caeterum
414 1145 495 1190 tanto
513 1133 543 1190 in
558 1133 669 1190 honore
691 1135 768 1211 apud
779 1133 932 1194 Thebanos
945 1136 999 1193 suit

215 1220 357 1296 Cynicus,
371 1231 404 1277 ut
415 1221 499 1294 virgo
515 1218 624 1276 nobilis
638 1220 817 1297 llipparchia
832 1220 856 1299 (1
866 1221 901 1300 ι),
918 1243 996 1300 spre-

215 1309 252 1364 tis
261 1307 430 1384 junioribus
442 1319 470 1364 et
482 1307 639 1365 ditioribus
654 1309 763 1384 procis,
777 1309 854 1366 ultro
866 1329 931 1366 eum
940 1311 997 1368 sibi

215 1407 337 1471 optaret.
350 1396 505 1472 Quumque
520 1395 747 1472 inter-scapilium
763 1396 862 1454 Crates
877 1398 999 1455 retexis-

214 1495 268 1551 set,
281 1481 360 1558 quod
374 1496 436 1540 erat
449 1495 534 1539 aucto
549 1480 681 1556 gibbere,
695 1502 853 1560 petamque
867 1503 931 1541 eum
947 1482 998 1541 ba-

214 1568 281 1625 culo
294 1581 322 1624 et
337 1568 458 1646 pallium
476 1569 556 1626 bruni
582 1571 746 1645 posuisset,
763 1589 883 1648 eamque
898 1573 995 1648 supel-

214 1657 337 1715 lectilem
354 1657 412 1715 sibi
428 1677 490 1716 esse
513 1659 617 1735 puellae
639 1659 834 1736 profiteretur,
856 1659 996 1736 iliumque

215 1747 336 1806 formam
352 1767 439 1827 quam
456 1748 587 1819 viderat,
599 1749 724 1824 proinde
739 1748 840 1805 sedulo
852 1749 910 1808 sibi
928 1772 998 1808 con·

213 1839 331 1904 suleret,
349 1858 386 1895 ne
399 1851 464 1916 post
477 1838 601 1914 querelae
613 1839 690 1896 ullus
702 1839 784 1896 locus
797 1839 869 1897 soret
887 1863 893 1896 :
910 1843 998 1898 enim·

214 1947 285 1984 vero
302 1925 480 2004 llipparcbia
495 1925 693 1983 conditionem
718 1929 837 2005 accepit.
855 1927 919 1986 lam
943 1931 999 1988 du-

213 2014 282 2070 dum
294 2015 371 2071 enim
391 2013 449 2071 sibi
461 2014 612 2091 provisum
631 2015 701 2072 satis
713 2028 740 2072 et
753 2019 820 2073 satis
833 2019 996 2075 consultum

213 2103 395 2180 respondit,-
417 2121 511 2179 neque
541 2101 678 2160 ditiorem
712 2104 867 2174 maritum,
904 2125 998 2182 neque

213 2193 412 2249 formosiorem
438 2209 561 2266 nsquam
584 2190 712 2263 gentium
738 2209 823 2266 posse
846 2191 995 2266 invenire,

212 2280 338 2358 proinde
353 2279 482 2351 duceret,
498 2297 558 2354 quo
580 2277 695 2336 liberet.
720 2277 772 2334 llis
797 2281 922 2356 peractis
944 2302 996 2338 nu-

212 2370 282 2443 ptiae
296 2369 327 2426 in
342 2369 458 2446 porticu
472 2366 654 2435 Atheniensi,
668 2385 732 2444 quae
745 2367 850 2443 porcile
861 2381 996 2440 vocatur,

214 2457 294 2513 factae
308 2469 375 2514 sunt
384 2445 453 2531 (ια).
473 2453 553 2510 hden
569 2466 663 2509 autem
674 2453 828 2529 impudens
841 2467 869 2511 et
880 2454 998 2532 impura

214 2544 268 2601 tuit
282 2543 510 2621 llipparehia,ut
519 2543 549 2599 in
563 2541 683 2619 publico
695 2563 760 2599 cum
771 2541 995 2606 Cratetecoiret.

212 2632 312 2690 Exstat
325 2633 355 2689 in
364 2650 426 2688 eam
435 2631 490 2688 boc
501 2631 645 2708 Antipatri
660 2631 839 2708 epigramma
864 2632 994 2712 [Anthol.

212 2718 272 2790 Vll,
290 2721 353 2796 413)
368 2741 375 2776 τ

214 2884 304 2941 ἐνδόξου
319 2887 519 2948 sartaverant&
532 2887 582 2947 μέν,
593 2887 628 2942 οἷς
643 2889 700 2950 ὑπὲρ
714 2892 761 2935 τῶν
775 2886 901 2944 Ἀθηναίων
911 2888 996 2946 ἐδεῖτο,

212 2958 313 3014 πειαθείς
321 2996 328 3019 ,
336 2959 366 3007 τὰ
379 2958 398 3009 θ’
409 2962 432 3016 ἐξ
446 2961 478 3008 ὧν
489 2959 595 3007 ἐδίδασκε
603 2962 655 3023 περὶ
666 2965 713 3007 τῶν
723 2959 805 3017 ἐκείνοι
814 2961 994 3023 συμφερόντων,

212 3028 314 3085 νοήσας,
336 3031 403 3079 ἔλυσε
416 3033 457 3088 τήν
473 3029 623 3090 πολιορκίαν,
638 3033 677 3077 καὶ
696 3032 853 3091 συναγαγών,
875 3032 930 3080 όσαι
944 3039 996 3091 νῆες

212 3099 287 3159 αὐτῷ,
300 3101 340 3147 καὶ
351 3101 492 3161 στρατιώτας
507 3100 600 3162 μυρίους
609 3103 648 3148 καὶ
661 3101 749 3161 χιλίους
762 3103 804 3149 σὺν
814 3105 923 3151 ἱππεῦσιν
934 3106 996 3164 itan:-

212 3168 303 3228 όάσας,
317 3171 354 3218 ἐπὶ
366 3172 407 3227 τὴν
421 3171 498 3220 Ἀσίαν
509 3172 572 3219 ἔπλει
582 3208 588 3231 ,
598 3169 741 3234 Λυσιμάχου
754 3172 845 3233 Καρίαν
858 3176 898 3220 καὶ
907 3173 995 3221 Λυδίαν

171 3284 179 3291 .
199 3240 364 3297 .ᾆπαατηίων.
380 3245 452 3299 -(θ)
466 3242 699 3299 111.ΑιιΙοιιίοοε1’1,
715 3246 748 3291 13.
763 3269 792 3279 —
802 3245 834 3301 (θ)
853 3244 996 3293 Plutarchus

825 396 877 454 DE
897 396 1073 456 cnutone
1094 398 1247 458 CYNICO.

1086 529 1157 609 Οὐχὶ
1174 529 1328 608 βαθυζώνων
1344 529 1491 609 Ἱππαρχία
1507 529 1570 610 ἔργα
1587 537 1728 610 γυναικῶν,

1116 621 1176 676 τῶν
1193 615 1219 676 δὲ
1229 619 1420 692 κυνῶνέλόμαν
1435 619 1570 698 ῥωμαλέον
1584 619 1679 699 βίοτον.

1087 705 1156 764 otte
1171 729 1216 781 μοι
1230 706 1380 784 άμπεχόναι
1394 707 1579 785 πιρονήτιθες,
1596 710 1624 766 οὐ
1643 707 1812 787 βαθόπελμος

1127 795 1249 872 εὐμαρίς,
1265 796 1294 852 οὐ
1308 796 1405 853 λιπόων
1424 794 1500 854 εὔαδε
1516 795 1690 875 κεκρίραλος,

1086 883 1177 949 Θυλθς
1190 883 1216 941 δέ
1232 883 1344 943 ακίπωνι
1356 883 1530 963 συνέμπορος,
1546 884 1603 943 ἅτε
1619 887 1732 966 συνῳδὸς

1126 971 1233 1044 θίττλαξ,
1251 972 1296 1032 καί
1310 973 1398 1041 κοίτας
1411 978 1503 1052 βλῆμα
1519 975 1709 1054 χαμαιλεχέος.

1085 1055 1170 1137 1Ἀμμιι
1183 1061 1210 1120 δὲ
1227 1063 1377 1129 Μαιναλίας
1391 1061 1508 1140 κρέσσων
1526 1064 1579 1138 βίος
1593 1055 1625 1131 ἦν
1641 1063 1814 1135 Ἀταλάντας,

1125 1149 1218 1207 τόσσον
1230 1148 1289 1206 ὅσον
1304 1151 1381 1229 raaia
1394 1151 1503 1231 κρέσσον
1516 1151 1688 1232 θρειθρομίας.

1046 1295 1143 1353 Edidit
1158 1296 1353 1374 llipparclria,
1365 1298 1390 1356 si
1402 1291 1472 1356 lides
1486 1299 1580 1356 Snidae
1593 1299 1664 1378 (ιθ),
1677 1300 1830 1380 φιλοσόφους

1045 1383 1179 1450 ὑποθέσεις
1190 1385 1233 1443 καί
1248 1407 1305 1442 τινα
1328 1385 1525 1465 ἐπιχειρήματα
1544 1385 1590 1444 καί
1613 1388 1753 1466 προτάσεις
1768 1391 1831 1468 πρὸς

1045 1473 1182 1551 Θεόδωρον
1202 1475 1287 1534 ἄθεον.
1306 1475 1366 1555 lpsi
1384 1475 1491 1534 Crateti
1519 1475 1689 1534 tribuuntur
1701 1479 1830 1555 epistolae

1043 1561 1255 1640 philosophicae
1271 1564 1330 1640 (il.)
1353 1565 1545 1622 mundissimo
1563 1566 1705 1623 orationis
1728 1586 1830 1642 genere

1046 1651 1179 1728 scriptae,
1196 1665 1228 1708 ut
1248 1666 1368 1730 propter
1388 1653 1526 1711 dictionis
1548 1655 1746 1732 praestantiam
1765 1677 1828 1715 etun

1044 1739 1193 1796 Platoniea
1206 1739 1369 1800 subtilitate
1384 1745 1636 1818 componerentur.
1653 1741 1736 1800 mine
1751 1743 1828 1801 ludi-

1043 1847 1091 1883 cra
1101 1829 1122 1900 (ι
1132 1829 1160 1892 5)
1171 1826 1310 1904 (παίγνια),
1324 1829 1536 1905 ephemeridem
1549 1829 1622 1908 (τό),
1634 1829 1758 1905 hymnos
1770 1829 1826 1908 (ιη)

1045 1915 1159 1992 aliaque
1179 1919 1322 1986 earmina,
1339 1916 1465 1994 denique
1477 1917 1633 1992 tragoedias
1652 1917 1709 1995 (ιθ)
1726 1917 1827 1976 verbo·

1045 2024 1108 2060 rum
1129 2004 1312 2078 granditate,
1330 2024 1394 2081 quaa
1413 2004 1622 2083 philosophum
1643 2005 1738 2080 decet,
1755 2007 1825 2064 insi·

1044 2111 1124 2163 gaes.
1148 2093 1334 2170 Quaecunque
1356 2106 1449 2150 autem
1463 2113 1500 2152 err
1516 2094 1581 2172 ejus
1603 2093 1776 2151 carminibus
1796 2109 1825 2152 et

1044 2179 1129 2238 libris
1155 2181 1283 2258 pedestri
1303 2201 1437 2238 sermone
1452 2181 1592 2240 conlectis
1614 2199 1755 2256 superesse
1769 2203 1820 2238 ro-

1044 2269 1098 2324 luit
1123 2269 1238 2326 fortuna
1267 2271 1329 2327 sire
1354 2271 1511 2344 lragruenta
1536 2270 1599 2328 sire
1622 2270 1771 2328 sententias
1795 2285 1822 2328 et

1044 2356 1300 2432 apophthegmata,
1323 2371 1388 2434 post
1408 2358 1550 2415 Orellium
1568 2357 1673 2435 Opusc.
1695 2357 1743 2415 Gr.
1766 2370 1822 2414 ret.

1042 2457 1112 2502 sent.
1125 2457 1153 2500 et
1162 2446 1264 2504 moral.
1283 2459 1352 2502 tom.
1368 2444 1393 2501 ll
1405 2466 1468 2523 pag.
1488 2447 1616 2515 132-144
1630 2460 1659 2504 et
1675 2446 1824 2521 Berginium

1042 2532 1123 2589 Poet.
1135 2532 1193 2608 lyr.
1211 2553 1277 2610 pag.
1295 2534 1429 2608 ὅου-θος)
1442 2534 1555 2611 primus
1565 2534 1682 2610 collegi,
1698 2539 1826 2592 acctrrat'e

1043 2624 1174 2681 recensui
1191 2635 1219 2679 et
1234 2623 1323 2680 latine
1334 2623 1542 2700 interpretatus
1559 2642 1632 2680 sum.

1040 2826 1089 2874 rote
1104 2825 1211 2878 γονεῦσιν
1227 2818 1359 2880 ἀναιρήσειν
1372 2819 1453 2878 αὑτήν,
1465 2817 1615 2880 alpheradam
1630 2818 1721 2876 δοθείη.
1736 2819 1825 2883 Κράτης

1043 2891 1084 2950 μὲν
1106 2888 1147 2936 aba
1161 2890 1367 2952 παρακαλούμενος
1383 2891 1430 2938 ὑπὸ
1442 2894 1488 2937 τῶν
1504 2890 1591 2950 γονέων
1609 2889 1681 2947 αὐτῆς
1695 2889 1823 2952 ἀποτρέψαι

1040 2962 1081 3017 τήν
1093 2962 1166 3009 παῖδα
1176 3000 1183 3023 ,
1194 2961 1271 3009 πάντα
1281 2962 1364 3009 ἐποίει.
1377 2962 1424 3010 Καὶ
1435 2962 1499 3015 τέλος
1512 2962 1544 3023 μὴ
1559 2958 1661 3021 πείθων,
1673 2962 1776 3015 ἀναστάς
1788 2962 1825 3010 καὶ

1040 3031 1181 3094 ἀποθέμενος
1202 3034 1244 3089 τὴν
1260 3035 1344 3079 ἑαυτοῦ
1356 3032 1442 3089 σκευὴν
1453 3031 1558 3093 ἄντικρυς
1570 3032 1641 3087 αὐτῆς
1653 3068 1659 3089 ,
1670 3031 1726 3094 ἔφη,
1744 3031 1775 3080 '0
1788 3032 1826 3094 μὲν

1040 3104 1150 3163 νυμρίος,
1174 3102 1277 3160 abrech
1296 3103 1320 3149 δὲ
1332 3106 1430 3161 κτῆσις,
1446 3100 1513 3157 αὕτη·
1533 3100 1588 3163 πρὸς
1610 3105 1685 3149 ταῦτα
1706 3104 1826 3163 βουλεύου.

1041 3174 1103 3221 Οὐδὲ
1112 3174 1157 3237 γὰρ
1169 3176 1262 3223 ἔσεσθαι
1273 3172 1396 3227 κοινωνός,
1414 3172 1434 3219 εί
1449 3171 1481 3231 μή
1497 3172 1536 3217 καὶ
1548 3172 1694 3230 τῶναύτῶν,
1706 3171 1827 3228 ἐπιτηδευ-

1041 3241 1121 3303 μάτων
1139 3242 1265 3303 γενηθείης.
1289 3242 1397 3297 Εἱλετοι)
1418 3246 1488 3297 παῖς,
1509 3240 1550 3287 καὶ
1571 3240 1656 3287 ταύτὸν
1676 3240 1828 3289 αἰναλαθοῦσα

190 3320 193 3325 ·
212 3313 248 3358 De
258 3310 387 3357 adulatoris
397 3314 422 3359 el
433 3312 502 3359 amici
513 3312 619 3360 discrim.
633 3326 685 3372 rap.
695 3318 724 3360 42
737 3326 744 3360 :
757 3313 846 3370 λέγεται
857 3315 881 3361 δὲ
894 3317 933 3361 καὶ
948 3321 996 3373 ne,-
1041 3318 1122 3373 σχῆμα
1135 3312 1270 3373 συμπεριῄει
1279 3314 1317 3371 ’τῷ
1335 3308 1413 3371 ἀνδρί,
1433 3310 1472 3356 καὶ
1485 3308 1508 3354 έν
1525 3314 1560 3370 τῷ
1577 3314 1666 3369 φανερῷ
1683 3310 1826 3369 συνεγίνετο.

213 3382 306 3443 μήτριος
316 3383 329 3429 ὁ
341 3382 469 3443 Φαληρεύς,
478 3383 516 3430 ὅτε
526 3390 565 3439 τῆς
575 3384 682 3444 πατρίδας
691 3386 793 3441 ἐξέπεσε,
806 3387 845 3432 καὶ
855 3388 906 3447 περὶ
915 3388 995 3444 Θήὸας
1040 3385 1077 3431 Cl.
1089 3382 1204 3443 Apulejtts
1217 3382 1280 3430 ntor.
1294 3378 1335 3426 lih.
1348 3381 1357 3426 l
1373 3392 1425 3439 pag.
1435 3382 1480 3427 319
1491 3391 1542 3440 seq.
1552 3378 1591 3425 etl.
1601 3377 1775 3436 elmenhorst,
1786 3382 1827 3441 qni

211 3452 299 3506 ἀδοξῶν
315 3454 353 3499 ναὶ
371 3454 468 3500 ταπεινὰ
483 3454 590 3514 πράττων
600 3454 687 3513 διῆγεν,
706 3455 750 3514 οὐχ
764 3456 836 3510 ἡδέως
853 3456 910 3503 ἰδεῖν
921 3472 994 3517 προσ·
1040 3454 1112 3502 etiam
1127 3451 1234 3499 oratione
1248 3450 1277 3497 de
1285 3448 1364 3506 magia
1374 3448 1477 3497 Cratetis
1488 3446 1699 3507 meminit-(tr)
1711 3446 1825 3499 Clemens

215 3520 280 3573 ιόυτα
291 3522 416 3584 Κράτητα,
428 3521 561 3584 παρρησίαν
578 3526 674 3580 κυνικὴν
684 3525 723 3569 καίΙ
734 3527 914 3586 λογουςτραχεῑς
923 3543 995 3588 προσ·
1040 3522 1213 3572 Alexandrinos
1229 3521 1325 3577 Sitom,
1340 3518 1382 3567 lib.
1395 3520 1435 3577 tv,
1448 3532 1471 3579 p.
1485 3522 1530 3567 523
1547 3520 1576 3566 Α.
1591 3547 1620 3559 -
1636 3518 1687 3578 (13)
1700 3517 1790 3567 Surdas
1803 3534 1825 3568 ι’.

211 3592 342 3654 δεχόμενος.
360 3592 508 3654 Ἐντυχόντος
525 3594 549 3639 δὲ
565 3594 642 3654 apio:
661 3594 725 3654 αὐτῷ
743 3600 785 3641 τοῦ
808 3596 938 3655 Κράτητος,
953 3600 994 3645 καί
1039 3594 1173 3657 Ἱππαρχία.
1189 3590 1273 3652 -(1ίι)
1285 3591 1401 3650 Diogenes
1413 3592 1522 3639 Laertius
1535 3590 1625 3647 liinlll,
1635 3593 1665 3638 911
1677 3601 1684 3632 ἓ
1697 3590 1791 3652 φέρεται
1803 3592 1826 3639 δὲ

211 3662 367 3724 διαλεχθέντος
379 3664 429 3723 περὶ
442 3669 526 3724 φυγῆς,
537 3666 568 3718 ὡς
581 3664 646 3711 οὐδὲν
657 3664 707 3724 ἔχοι
721 3665 803 3723 κακόν,
820 3666 870 3713 οὐδ’
880 3668 942 3720 ἄξιον
953 3670 993 3727 ρέ-
1039 3674 1080 3716 τοῦ
1092 3666 1210 3730 Κράτητος
1223 3664 1312 3726 βιόλίον
1333 3662 1485 3720 Ἐπιστολαί,
1499 3662 1523 3710 ἐν
1540 3661 1576 3716 αἷς
1592 3661 1677 3722 ἄριστα
1692 3662 1823 3724 ριλασορεῑ,

211 3747 257 3795 ρειν
268 3734 365 3794 βαρέως,
377 3734 519 3795 πραγμάτων
532 3735 651 3794 σφαλερῶν
665 3737 705 3781 καὶ
716 3735 832 3783 &oznaim
842 3736 994 3800 ἀπηλλαγμέ·
1038 3740 1080 3796 τὴν
1090 3739 1148 3793 λέξιν
1163 3736 1224 3784 ἔστιν
1233 3734 1272 3783 θτε
1283 3732 1452 3797 παραπλησίως
1462 3732 1579 3781 Πλάτωνι.
1593 3731 1640 3780 Sed
1652 3744 1708 3792 qum
1718 3733 1765 3781 sub
1774 3734 1824 3794 eius

211 3820 258 3862 νος,
269 3805 318 3863 ἅμα
329 3804 354 3851 δὲ
362 3802 453 3865 θαρρεῖν
465 3805 499 3864 ἐρ’
511 3806 586 3865 ἐαυτῷ
596 3805 635 3851 καὶ
647 3809 676 3863 τῇ
684 3805 784 3853 διαθέσει
795 3809 993 3871 παρακαλοῦντος,
1039 3808 1136 3855 nornine
1159 3806 1268 3855 1οτιιιι1ιιτ
1281 3804 1406 3865 eplslolae,
1423 3803 1558 3852 subdititiae
1572 3804 1637 3851 sunt.
1650 3800 1707 3852 rid.
1729 3804 1821 3853 Fabiae.

211 3874 283 3931 ἡδίων
298 3873 418 3933 γενόμενος
436 3875 476 3921 καὶ
499 3875 675 3935 ἀναθαρσήσας,
691 3876 746 3936 πρὸς
762 3877 817 3931 τοὺς
837 3878 914 3937 φίλους
932 3878 991 3927 εἷπε·
1038 3876 1098 3927 Dihl.
1113 3879 1156 3925 Gr.
1169 3876 1217 3924 nol.
1234 3877 1311 3937 lpag.
1324 3878 1370 3925 θθθ
1384 3872 1424 3923 etl.
1445 3874 1536 3922 nattes.
1549 3900 1575 3937 '.
1588 3872 1638 3935 (15)
1654 3872 1726 3931 nior.
1743 3876 1821 3923 Laeti.

211 3948 261 3994 Φεῡ
272 3949 319 3991 τῶν
328 3945 430 4007 πράξεων
440 3944 534 3991 ἐκείνων
548 3947 588 3992 καὶ
601 3946 736 4005 ἀσχολιῶν,
752 3946 782 3993 δι’
793 3949 821 4002 ἃς
832 3947 903 4009 ἄνδρα
913 3954 990 3997 τοιοῡ·
1038 3952 1081 4010 vr,
1088 3955 1117 3998 85
1125 3966 1131 3995 ι
1140 3948 1223 3997 τούτου
1229 3946 1325 4009 παῖγνια
1332 3946 1491 4009 ρέρτταιτόθε·
1500 3945 1561 4007 πήρη
1571 3962 1605 4001 τις
1615 3945 1665 3992 κτλ..
1672 3946 1692 3991 λ’
1696 3943 1728 3993 1ι1.
1739 3944 1821 4003 fragm.

212 4034 250 4064 τον
264 4017 308 4063 οὐκ
321 4015 430 4075 ἔγνωμεν.
438 4042 468 4049 -
477 4015 526 4075 (10)
539 4018 628 4063 Seneca
640 4016 714 4075 Epist.
726 4018 756 4064 x.
767 4042 798 4051 ·-
807 4020 827 4074 (1
836 4018 857 4078 1)
877 4019 993 4078 Diogenes
1038 4027 1060 4071 2.
1072 4046 1102 4055 -
1113 4020 1162 4080 (1θ)
1173 4019 1243 4079 Diog.
1257 4021 1334 4067 boeti.
1345 4018 1388 4074 Vl,
1403 4020 1450 4065 86:
1465 4016 1564 4065 ἐστικαὶ
1577 4016 1683 4078 έρημερὶς
1694 4017 1708 4071 ἡ
1720 4016 1822 4077 θρυλλου-

212 4085 369 4146 Laertiusl'l,
379 4090 424 4133 llo:
436 4086 534 4147 ἐθηράθη
545 4086 622 4140 ntae
632 4086 708 4145 λόγοις
717 4088 756 4134 ιιαὶ
769 4090 784 4145 ἡ
797 4088 881 4149 ἀδελφὴ
889 4095 930 4137 τοῦ
941 4093 990 4148 ltin·
1038 4092 1095 4152 μένη
1108 4091 1182 4144 οὕτως
1196 4090 1294 4151 ἔχουσα·
1305 4088 1362 4136 τίθει
1373 4086 1476 4149 μαγείρῳ
1484 4088 1534 4135 κτλ,
1545 4086 1598 4134 Viri.
1609 4085 1682 4143 traam
1694 4089 1716 4133 3.
1728 4116 1760 4126 -
1772 4086 1820 4146 (17)

211 4156 348 4217 παραλίους,
362 4156 499 4219 Ἱππαρχία.
517 4158 664 4218 Μαρωνεῖται
683 4155 703 4204 δ’
717 4156 778 4215 ἦσαν
795 4158 926 4219 άμρότεροι.
943 4163 991 4209 Καὶ
1036 4162 1092 4211 vid.
1102 4162 1185 4222 lragnt.
1197 4158 1314 4221 t.--(tn)
1324 4158 1441 4219 Diogenes
1454 4158 1559 4205 Laertius
1568 4154 1609 4203 lib.
1619 4156 1662 4215 Vl,
1672 4158 1701 4202 98
1712 4156 1820 4218 :ti-{prat

211 4226 257 4288 ἦρα
268 4231 310 4274 τοῦ
320 4224 437 4287 Κράτητος
447 4228 487 4274 καί
500 4231 547 4275 τῶν
564 4226 639 4285 λόγων
652 4229 743 4274 καὶτοῦ
760 4228 826 4289 βίου,
843 4230 933 4286 οὐδενός
943 4237 990 4279 τῶν
1034 4232 1074 4279 καί
1089 4229 1233 4292 τραγῳδίας,
1247 4227 1393 4290 ὑψηλότατον
1408 4227 1509 4289 ἐχούσας
1521 4224 1659 4289 φιλοσοφίας
1674 4230 1818 4286 χαρακτῆρα.

122 4342 125 4346 .
212 4298 402 4357 μνηστευομένων
415 4297 610 4359 ἐπιστρεφομένη,
632 4296 659 4344 οὐ
674 4298 789 4358 πλούτου,
809 4299 852 4347 οὐκ
861 4301 988 4363 εὐγενείας,
1035 4299 1090 4349 vid.
1105 4300 1189 4359 lragnt.
1207 4303 1251 4347 lel
1270 4301 1306 4347 17.
1320 4296 1357 4345 Ol.
1375 4296 1528 4356 tragicorum
1541 4297 1619 4344 Gtoec.
1635 4294 1718 4353 fragm.
1734 4305 1760 4353 p.
1780 4292 1818 4340 tot

211 4366 239 4414 οὐ
248 4366 352 4423 κάλλους·
369 4367 427 4414 ἀλλὰ
438 4366 514 4415 πάντα
528 4366 557 4426 ἦν
573 4365 664 4429 Κράτης
673 4370 740 4425 αὐτῇ.
752 4370 797 4416 Καί
811 4370 839 4417 δὴ
850 4372 887 4417 καὶ
899 4372 989 4423 ἠπείλει
1034 4370 1076 4447 οιΙὶ
1094 4368 1172 4418 Didol.
