3959 5925
336 393 446 435 xxxvi
557 348 558 353 '
977 376 1027 435 mr
1048 374 1284 435 νντιιισοιιε
1358 438 1363 446 ,

266 484 270 501 ’
336 526 383 578 μον
399 508 450 562 τῶν
468 502 589 581 Ἀθήνῃσι
609 505 768 580 νομοθετῶν,
794 522 851 561 non
872 502 950 579 quod
972 504 1116 561 Athenas·
1144 502 1288 560 Stobaeum
1308 502 1491 579 respondent.
1512 501 1651 559 Caeterum
1671 502 1909 579 quemadmodum

333 590 442 664 legibus
466 604 494 648 et
530 590 670 649 institutis
695 590 918 667 temperaverit,
943 589 993 646 sed
1018 590 1097 665 quod
1143 588 1296 647 eDiodori
1308 587 1490 665 aliorumque
1510 588 1663 646 annalibus
1682 587 1821 647 discimus
1834 590 1910 647 Cha-

331 676 526 735 Thurinorum
542 677 686 735 civitatem
705 677 867 753 conscripta
877 675 1098 733 Atheniensium
1144 677 1262 734 rondanr
1276 676 1476 734 Thurinorum
1494 676 1605 733 civitati
1619 674 1696 749 leges
1708 675 1817 733 dixisse
1842 696 1849 734 ε
1870 678 1912 733 sie

331 766 498 823 colonorum
511 784 597 822 manu
608 778 717 823 auctam
728 764 882 821 constituit.
894 762 1010 819 Accedit
1020 762 1099 837 quod
1143 763 1219 841 apud
1235 761 1421 821 Plutarchum
1442 763 1473 819 in
1496 761 1597 819 libello
1612 760 1648 817 de
1660 762 1827 819 curiositate
1844 782 1908 839 cap.

1147 869 1180 905 ra
1198 852 1274 907 ὁτῶν
1287 848 1408 926 Θουρίων
1429 846 1569 924 νομοθέτης
1591 866 1650 903 που
1670 848 1745 906 alius
1765 862 1809 906 est
1824 869 1909 925 quam

330 952 421 1009 erant,
438 952 469 996 ut
487 940 534 996 rel
557 939 633 996 inter
647 936 804 1000 bibendum
835 948 1005 993 canerentur
1029 937 1096 1014 (ιγ).
1142 934 1325 1005 Charondas‚
1354 934 1383 992 id
1411 934 1493 1011 quod
1523 931 1702 1009 Xylandrum
1726 934 1910 1011 interpretem

291 1086 293 1094 Ι
330 1024 473 1083 Praeterea
491 1022 775 1105 animadvertendum
790 1024 876 1079 etiam
890 1022 922 1078 in
941 1020 1096 1099 Cappado-
1142 1041 1200 1079 non
1223 1023 1307 1097 sugit.
1331 1020 1427 1090 Quid?
1456 1019 1534 1096 quod
1548 1020 1624 1097 apud
1644 1019 1794 1078 Thurinos
1816 1022 1909 1098 legum

330 1116 375 1171 cia
389 1113 464 1192 apud
478 1113 645 1171 Mazacenos
655 1110 717 1185 ejus
729 1111 805 1183 leges
819 1110 956 1184 viguisse,
972 1110 1023 1185 qui
1038 1110 1098 1167 illa·
1142 1110 1216 1167 lator
1226 1108 1393 1167 voluntaria
1410 1121 1503 1165 morte
1523 1107 1614 1178 obiit,
1638 1108 1663 1164 si
1681 1108 1827 1167 credimus
1841 1110 1910 1166 Dio-

329 1220 392 1257 rum
405 1213 548 1259 cantorem
561 1199 622 1255 sive
636 1198 820 1273 interpretem
836 1196 1029 1254 homanorum
1048 1196 1097 1272 ju·
1141 1197 1325 1256 doro'Siculo
1347 1197 1408 1276 (τι)
1428 1196 1478 1254 lib.
1499 1195 1554 1253 llll
1568 1216 1632 1273 cap.
1654 1218 1689 1274 ¹9
1711 1210 1740 1255 et
1759 1199 1809 1275 qui
1827 1200 1909 1257 illurn

329 1286 510 1345 risconsultis
524 1285 645 1343 similem
662 1281 856 1340 adhibuerunt
872 1283 945 1361 (18).
960 1282 1026 1339 dam
1040 1283 1094 1341 etsi
1141 1299 1255 1345 secutus
1269 1298 1312 1344 est
1333 1284 1449 1343 Valerio
1472 1284 1599 1341 Maximo
1611 1283 1666 1343 lib.
1682 1284 1720 1345 Vl
1740 1305 1804 1365 cap.
1829 1288 1846 1343 5
1869 1290 1912 1345 ita

329 1374 494 1432 Aristoteles
519 1372 576 1449 (19)
596 1383 694 1428 narrat
713 1371 872 1429 litterarum
888 1389 943 1429 usu
965 1370 1095 1428 nondum
1141 1370 1280 1429 scribenti
1301 1394 1340 1428 τι
1367 1371 1422 1429 Sed
1439 1371 1587 1447 aliquanto
1601 1371 1762 1429 Charondae
1783 1373 1911 1433 Thurini

328 1474 441 1537 reperto
462 1460 539 1534 leges
553 1459 714 1521 necessario
734 1460 812 1535 apud
831 1472 927 1533 gentes
941 1459 1095 1518 nonnullas
1139 1458 1322 1535 praefractior
1336 1470 1421 1534 atque
1439 1458 1596 1515 abscissior
1609 1457 1734 1533 justitia.
1747 1459 1792 1516 hd
1804 1461 1865 1518 vim
1883 1477 1912 1519 et

326 1548 394 1604 olim
409 1548 570 1605 decantatas
583 1546 681 1618 fuisse,
702 1557 734 1602 ut
747 1564 846 1603 earum
868 1546 1036 1602 memoriam
1049 1565 1096 1603 re-
1139 1565 1271 1603 cruorem
1283 1565 1374 1622 usque
1389 1546 1538 1603 seditiosas
1559 1544 1721 1602 conciones
1734 1545 1844 1603 civium
1861 1567 1912 1624 pa·

325 1635 459 1706 tinet-ent,
477 1634 555 1711 quod
573 1632 659 1689 etiam
675 1644 742 1688 tunc
757 1634 833 1708 apud
853 1630 1030 1707 Agathyrsos
1045 1632 1094 1689 fie-
1139 1645 1263 1704 caverat,
1277 1633 1341 1707 lege
1352 1632 1481 1690 carendo
1491 1675 1500 1705 ,
1512 1644 1544 1689 ut
1560 1631 1585 1688 si
1598 1630 1665 1706 quis
1678 1649 1726 1689 eas
1740 1651 1805 1688 cum
1830 1633 1910 1691 ferro

324 1720 395 1779 bat:
419 1735 513 1779 tamen
539 1719 568 1777 id
584 1718 619 1775 ad
635 1738 694 1775 rem
717 1719 748 1776 in
773 1738 830 1795 qua
852 1730 950 1777 nostra
965 1731 1094 1777 versatur
1139 1723 1290 1791 intrasset,
1323 1721 1462 1778 continuo
1500 1718 1720 1775 interficeretur.
1754 1716 1912 1794 interjecto

325 1807 481 1884 disputatio
495 1826 553 1862 non
575 1805 706 1882 pertinet.
730 1804 799 1861 Nam
816 1824 851 1861 ne
870 1804 936 1881 quis
957 1804 1093 1880 opinetur
1137 1809 1242 1867 deinde
1258 1822 1404 1885 tempore,
1420 1826 1456 1863 ex
1474 1804 1634 1881 longinquo
1648 1822 1717 1861 rure
1735 1804 1832 1878 gladio
1846 1808 1913 1864 cin-

324 1891 502 1950 Charondam
529 1891 676 1968 sapientiae
699 1904 842 1968 praecepta
865 1891 997 1966 legesque
1023 1908 1092 1947 ver·
1137 1909 1210 1968 ctus,
1228 1897 1345 1954 domum
1362 1907 1503 1972 repetens,
1515 1891 1611 1951 subito
1630 1892 1737 1950 indicta
1756 1896 1912 1967 concione,

323 1979 403 2038 sibus
424 1978 593 2052 tradidisse,
612 1978 747 2056 inprimis
771 1977 888 2035 obstant
911 1977 1004 2052 legum
1027 1977 1090 2052 ejus
1136 1985 1212 2042 sicut
1240 1996 1312 2053 erat,
1336 1986 1454 2041 ineam
1479 1980 1651 2059 processit:
1680 1978 1717 2036 ab
1740 1998 1832 2058 eoque
1856 1986 1911 2059 qui

322 2066 464 2144 prooemia
479 2066 512 2123 in
540 2064 647 2122 Stobaei
671 2064 825 2139 Florilegio
849 2063 937 2122 obvia
964 2064 1092 2141 ipsaeque
1136 2070 1269 2147 proxime
1283 2070 1461 2138 constiterat,
1484 2068 1584 2126 solutae
1599 2086 1617 2124 a
1631 2085 1662 2124 se
1675 2066 1749 2141 legis
1772 2086 1830 2125 suae
1843 2090 1911 2129 mo·

321 2150 482 2211 Catinensis
510 2151 678 2229 philosophi
709 2152 785 2225 leges
819 2170 890 2227 quas
917 2150 1091 2209 duodecimo
1136 2159 1237 2217 nitus:
1263 2157 1341 2217 ldenr
1369 2177 1421 2233 ego
1445 2156 1538 2236 illam,
1557 2155 1668 2231 inquit,
1691 2156 1817 2211 sanciam
1841 2178 1849 2213 τ
1876 2178 1912 2217 ac

321 2237 504 2296 bibliothecae
524 2238 669 2295 historicae
688 2237 764 2295 libro
785 2238 908 2325 inseruit
929 2238 1086 2297 Diodorus.
1138 2246 1357 2322 protinusferro
1372 2244 1451 2319 quod
1466 2240 1590 2299 habebat
1610 2241 1742 2298 districto
1756 2242 1908 2305 incubuit.

320 2325 426 2403 Nempe
449 2326 480 2384 in
505 2326 551 2384 his
575 2326 686 2383 nullum
708 2337 800 2384 exstat
815 2326 976 2383 carminum
1002 2328 1106 2385 vesti·
1127 2331 1286 2409 ‘Quumque
1308 2331 1407 2389 liceret
1433 2329 1548 2407 culpam
1575 2327 1622 2386 ve'l
1652 2327 1834 2385 dissimulare
1862 2334 1910 2389 rel

319 2412 408 2487 gium,
423 2413 472 2471 sed
484 2412 653 2471 omnesloci
674 2430 763 2490 prosa
781 2411 911 2469 oratione
934 2413 1089 2488 compositi
1134 2438 1232 2477 errore
1255 2418 1423 2489 defendere,
1447 2436 1563 2495 poenam
1578 2429 1674 2474 tamen
1696 2431 1913 2493 representare

316 2513 393 2558 sunt.
407 2499 501 2568 Quum
526 2510 619 2556 autem
633 2498 769 2575 quasdam
791 2496 954 2555 Charondae
979 2498 1087 2572 legera
1135 2507 1383 2583 manicaeque
1406 2506 1484 2563 fraus
1505 2502 1627 2580 justitiae
1652 2502 1771 2562 heret.»
1800 2502 1914 2563 Verum

318 2586 436 2645 comicis
449 2586 541 2664 poetis
555 2584 712 2644 celebratas
723 2603 785 2643 esse
796 2597 919 2660 constet,
939 2584 1021 2641 facile
1035 2586 1087 2643 ad·
1133 2595 1203 2670 quia
1220 2594 1363 2669 ejusmodi
1385 2596 1480 2668 legum
1507 2588 1650 2649 sanc'toris
1670 2604 1698 2648 et
1711 2592 1853 2650 severitas
1879 2609 1913 2651 et

317 2674 407 2732 ducor
423 2687 454 2731 ut
464 2673 590 2744 credam,
611 2672 688 2751 apud
702 2672 893 2733 Athenienses
907 2671 1010 2729 solitos
1024 2692 1088 2731 esse
1132 2681 1308 2754 perversitas
1322 2700 1339 2737 a
1352 2681 1408 2738 fide
1421 2679 1571 2749 abhorret,
1585 2698 1682 2736 reruni
1703 2679 1917 2755 pronuntiato-

316 2762 348 2819 in
371 2762 465 2839 epulis
487 2754 589 2819 canere
613 2762 754 2819 convivas
780 2760 877 2837 potius
909 2759 1087 2818 comicorum
1133 2787 1193 2824 rem
1213 2767 1249 2825 ab
1274 2780 1395 2826 auctore
1417 2788 1520 2844 parum
1540 2767 1644 2825 idoneo
1668 2766 1817 2843 deceptum
1842 2788 1916 2827 esse

317 2850 404 2906 verba
422 2846 549 2905 numetis
565 2849 662 2904 Vincla
682 2865 769 2922 quam
790 2847 854 2923 ipsa
868 2845 1027 2903 Charondae
1044 2847 1086 2903 ef·
1132 2853 1319 2913 arbitramur.
1336 2842 1506 2912 Ciceronem
1520 2853 1680 2911 Charondae
1690 2853 1820 2910 instituta
1831 2874 1915 2930 quo·

318 2932 381 2992 iata.
396 2932 497 2992 Fidem
521 2932 630 2991 iaciunt
648 2945 798 3010 poetarum
817 2932 955 2990 versiculi
980 2952 997 2989 a
1017 2933 1087 2990 Dio·
1132 2962 1196 3000 mm
1212 2943 1243 3000 in
1259 2941 1344 3001 libris
1360 2942 1395 3002 de
1410 2941 1525 3018 legibus
1544 2942 1687 3013 meminit,
1714 2940 1830 3017 cognita
1855 2945 1917 3001 ιω.

316 3018 400 3076 (λοεο
416 3017 472 3098 (ao)
497 3020 611 3094 allegati
631 3020 682 3096 qui
702 3018 862 3077 Charondae
884 3018 983 3078 verbis
1011 3022 1087 3097 apud
1132 3029 1231 3088 buisse
1245 3044 1374 3109 apertum
1390 3050 1421 3089 ac
1434 3031 1618 3108 perspicuum
1632 3029 1915 3090 est.Etenimlib.l

1132 3135 1195 3195 cap.
1208 3137 1261 3175 aa:
1274 3118 1352 3175 «Nec
1361 3118 1487 3194 Lycurgi
1498 3117 1584 3192 leges,
1597 3117 1704 3193 inq‘uit,
1716 3115 1913 3188 necSolonis‚

237 3251 239 3256 ,
314 3193 488 3256 οοιιοοὲιοιιῶο
500 3193 778 3252 Ἆοήιοθοιέλθοιιοιοῑι
788 3193 1085 3258 θοοοῖοοιῖοοίοονίοοο·
1108 3252 1110 3265 .
1132 3222 1225 3281 neque
1243 3204 1414 3276 Charondae,
1437 3223 1532 3281 neque
1556 3203 1694 3274 Zaleuci,
1723 3221 1776 3260 nec
1791 3216 1918 3261 nostras

314 3265 609 3391 ἔχοὲιροχέοέχζῖἕχοᾝν)
619 3265 1110 3396 ἓέἷινπῖλιψζθὲρᾜκᾍουᾞῖᾙχί
1140 3291 1194 3349 llll
1216 3293 1338 3363 tabulas,
1363 3312 1416 3350 nec
1439 3290 1592 3370 plebiscita
1617 3289 1788 3348 desidero.»
1806 3289 1918 3350 Porro

313 3408 360 3451 τῶ,
380 3403 542 3466 Πυθαγορείων
566 3403 599 3459 ,ις
619 3403 722 3464 prm,
741 3407 775 3464 τῷ
788 3407 954 3466 πρπρςπτμῷ,
976 3428 1006 3439 -
1034 3403 1085 3466 (17)
1132 3378 1185 3439 lib.
1197 3378 1226 3435 ll
1236 3399 1299 3457 cap.
1313 3381 1331 3435 6
1346 3380 1409 3436 ait:
1428 3405 1439 3430 ι
1458 3379 1513 3436 Sed
1525 3389 1557 3434 ut
1570 3379 1616 3435 vir
1630 3377 1816 3435 doctissimus
1836 3379 1917 3438 fecit

312 3473 442 3522 athenam
462 3473 503 3522 ttb.
525 3475 580 3523 xlv
597 3487 620 3535 p.
641 3467 717 3523 ursit
732 3491 738 3523 :
755 3473 837 3535 ᾔδοντο
850 3474 874 3521 δέ
890 3472 995 3531 Ἀθήνησι
1010 3475 1047 3522 ταὶ
1063 3477 1086 3523 οι
1131 3466 1213 3524 Plato
1233 3479 1319 3543 atque
1338 3466 1416 3524 idem
1441 3466 1631 3542 gravissimus
1654 3463 1918 3542 pbilosophorum

313 3543 438 3660 Χερρμδοο
446 3543 513 3603 νόμον
520 3542 576 3674 χτχρ
583 3542 953 3672 ρ’μρχχορχῑρχιρρπριοοχξιιθὲι
965 3543 1086 3660 ismiel
1130 3555 1273 3625 omnium,
1289 3555 1339 3631 qui
1348 3555 1483 3631 princeps
1493 3552 1529 3609 de
1542 3571 1575 3609 re
1584 3551 1701 3630 publica
1709 3553 1920 3628 conscripsit,

312 3628 499 3672 νομοτων.-
717 3648 724 3661 ,
832 3631 875 3660 ,υ
947 3647 953 3660 .
1067 3631 1138 3660 .:·
1368 3642 1412 3675 ι.
1575 3642 1582 3656 .
1681 3639 1688 3651 ·
1772 3638 1779 3651 ·
1870 3641 1920 3654 ..

306 3688 413 3744 ,χρῶνται
426 3683 450 3731 δέ
463 3685 484 3730 αλ
500 3683 634 3738 Μαζαιιηνολ
654 3687 703 3737 τοῖς
717 3682 832 3744 Χοιρώνδα
847 3681 939 3742 νόμοις,
954 3681 1085 3742 αἱρούμενοι
1131 3643 1264 3720 idemque
1290 3655 1444 3745 “palium
1468 3641 1504 3699 de
1526 3640 1642 3742 l⁸g¹bf¹⁸=
1662 3659 1742 3715 ‘lm’
1755 3637 1801 3741 ‚ld
1832 3642 1922 3700 m¹h¹

313 3753 352 3799 sat
364 3751 479 3812 reporta,
497 3752 521 3807 ὅ,
534 3751 597 3800 rm,
609 3751 687 3808 mg
698 3752 806 3812 amm,
821 3757 868 3799 ,aa
878 3751 965 3812 vigor,
982 3751 1085 3814 aetem
1130 3731 1216 3789 credo
1236 3749 1298 3789 esse
1323 3731 1501 3801 laciendum,
1522 3743 1554 3788 ut
1568 3746 1737 3807 priusquam
1753 3744 1854 3804 ipsam
1875 3729 1925 3786 le·

313 3822 335 3868 ol
355 3822 419 3882 παρὰ
428 3821 553 3883 Ῥωμαίοις
572 3821 673 3882 νομινοί.
688 3847 719 3856 -
738 3820 787 3883 (19)
798 3820 944 3870 'Aristoteles
965 3820 1083 3880 probiani.
1123 3833 1192 3892 ‘gem
1218 3819 1337 3876 recitem
1357 3818 1394 3875 de
1407 3817 1471 3894 ejus
1488 3817 1562 3892 legis
1583 3816 1669 3874 laude
1688 3815 1792 3873 dicam,
1817 3814 1922 3885 Quod

313 3893 376 3949 xlx,
389 3897 419 3940 ²⁸
432 3909 438 3938 ²
452 3891 521 3939 διὰτί
542 3890 608 3954 ”⁶⁹⁰²
626 3895 751 3939 ratetum
772 3891 811 3945 οὓς
830 3892 966 3952 ἐδουοοῖῆ
984 3891 1020 3938 5²²
1032 3893 1084 3952 “ill
1129 3905 1204 3962 idem
1220 3920 1249 3963 et
1265 3905 1418 3964 Zaleucum
1433 3918 1462 3962 et
1473 3903 1654 3962 Charondam
1671 3904 1773 3962 fecisse
1787 3904 1890 3964 video
1910 3925 1923 3964 :

241 4051 252 4073 Ι
281 4011 285 4017 ·
311 3958 650 4094 ἓᾟζσὲῗιζῇᾙζζςῇἶῖ
658 3959 1084 4091 ᾞὲἔζσῗῖἦίἒὶωξξῗῗέᾘχᾞ
1131 4009 1305 4068 quamquam
1321 3992 1439 4069 quidem
1453 3991 1498 4049 illi
1512 4011 1570 4049 non
1586 3990 1675 4049 studii
1691 4002 1719 4047 et
1736 3989 1927 4048 delectatio·

312 4101 378 4162 ᾠδῶν
389 4099 429 4154 τὰς
445 4099 536 4163 πρώτας
545 4099 572 4147 τὸ
583 4099 639 4147 αὐτὸ
652 4099 763 4148 ἐκάλεσαν
772 4099 829 4162 ὅπερ
837 4099 877 4154 τὰς
884 4098 984 4162 πρώτας.
992 4127 1025 4139 -
1034 4099 1085 4160 (20)
1104 4099 1107 4133 ¹

313 4169 431 4218 Diodorus
441 4169 534 4218 siculus
546 4168 587 4217 lib.
600 4170 645 4216 Xll
659 4181 712 4230 cap.
729 4173 755 4218 tl
769 4168 913 4230 ιθμροτέρας
924 4167 998 4221 θἐτὰς
1009 4183 1084 4230 προει-
1130 4225 1137 4236 ι
1169 4227 1174 4238 .
1213 4225 1219 4235 ,
1368 4226 1375 4238 Ο
1452 4225 1459 4240 ¹
1507 4223 1513 4235 Ι
1793 4224 1802 4238 .

310 4240 408 4301 ρημένας
422 4239 502 4287 πολλοὶ
517 4243 564 4290 τῶν
573 4243 676 4295 ποιητῶν
687 4237 715 4286 δι’
727 4237 839 4300 ἐμμέτρου
853 4236 983 4298 ποιήματος
993 4251 1082 4297 μεμαρ-
1127 4241 1176 4273 tw
1189 4225 1328 4283 οιιιέ-οοιοο,
1340 4225 1388 4272 &lt'
1405 4225 1425 4271 οἶ
1439 4225 1473 4279 ὄις
1484 4225 1607 4282 mltum
1622 4243 1634 4266 ο
1647 4225 1675 4272 το
1692 4225 1869 4285 ”minutor
1885 4231 1930 4276 εἰν

310 4309 434 4372 τυρήιιασν,
450 4310 492 4364 τὴν
512 4311 553 4370 μὲν
565 4306 703 4368 ιιανομιλίαν
720 4307 743 4354 ἐν
756 4307 844 4355 τοῖσδε·
857 4324 870 4348 ι
885 4307 947 4354 ὅστις
961 4304 981 4352 δ’
995 4305 1106 4397 ὁμιλῶνρ
1128 4310 1160 4348 u<
1173 4293 1323 4354 οοοοοῖιοῑοο
1339 4295 1371 4354 pri
1385 4292 1505 4353 θοοιοάζιιο
1519 4293 1540 4340 οἳ
1553 4309 1587 4348 ιιι
1611 4292 1749 4353 λοΥᾶιιηοιοιι
1768 4293 1825 4341 ἀλλ’
1842 4297 1866 4343 tl
1879 4298 1931 4352 5'1:

310 4380 390 4436 ἣδεται
399 4382 480 4432 κανοῖς
491 4377 558 4440 ἀνήρ,
572 4377 689 4425 οὐπώποτ’
698 4377 819 4438 ἠρώτησα,
833 4373 955 4434 γινώσκων
967 4373 1083 4421 ὅτιτοιοῡ-
1103 4400 1105 4477 ρ
1127 4365 1253 4425 Υῑγοὶιιηοιο·
1268 4368 1369 4425 ιιοεῖιιοο
1381 4364 1424 4426 τὰρ
1437 4364 1496 4412 εἶναι
1508 4364 1541 4418 δὶς
1554 4364 1636 4445 ἑαυτὸν
1648 4365 1749 4445 θαλάττρ
1757 4367 1932 4425 mactatam

308 4447 347 4503 τὸς
365 4448 428 4496 ἐστιν
449 4447 531 4508 οἷσπερ
551 4446 630 4502 ἥδεται
641 4446 722 4501 ξυνών·
737 4462 750 4486 ν
764 4447 804 4493 τὸν
816 4444 841 4492 δὲ
854 4443 905 4504 περὶ
919 4447 959 4500 τῆς
971 4446 1081 4503 μητρυιᾶς
1102 4486 1104 4501 ,
1126 4433 1254 4494 amarat.
1273 4434 1387 4492 Μέγισται
1399 4433 1443 4493 γὰρ
1463 4433 1502 4480 καὶ
1523 4433 1684 4494 χαλεπώταται
1704 4447 1798 4515 otnant
1820 4435 1936 4494 ἐνταῖς

308 4517 399 4566 τεθέντα
412 4516 435 4564 ἐν
444 4517 541 4571 τούτοις·
557 4536 568 4557 ν
578 4517 617 4564 τὸν
631 4515 756 4575 νομοθέτην
770 4515 838 4576 φασὶν
854 4511 982 4574 Χαρώνδαν
997 4510 1021 4558 ἐν
1035 4526 1080 4558 τινι
1102 4506 1105 4585 2
1126 4503 1209 4558 οῑιιῖοις
1225 4503 1325 4564 γίνονται
1339 4502 1377 4550 διὰ
1387 4501 1499 4583 μιρτροιὰτ
1509 4508 1597 4557 τέκνοις
1607 4504 1664 4562 πρὸς
1672 4518 1787 4564 πατεροις,
1810 4506 1860 4552 καί
1874 4507 1937 4556 διὰ

309 4586 435 4648 νομοθεσίᾳ
444 4586 502 4634 τάτ·
513 4586 571 4634 ἄλλα
586 4587 626 4633 καὶ
638 4586 704 4634 ταυτὶ
722 4586 830 4641 λεγειν-ὁ
851 4583 931 4630 παισὶν
950 4582 1021 4628 οιτον
1035 4597 1080 4642 μη-
1102 4592 1104 4649 γ
1126 4576 1198 4622 ταῦτα
1210 4574 1291 4621 πολλοὶ
1304 4573 1346 4620 καὶ
1355 4570 1616 4650 cupioperperam
1631 4575 1678 4625 τοῖς
1692 4571 1795 4632 θεάτροις
1809 4589 1933 4637 τραγῳ-

308 4656 385 4718 τρυιὰν
403 4655 532 4716 ἐπεισάγων
550 4655 602 4717 μήτ’
614 4654 779 4716 εθδονιιμείσθω
808 4652 866 4713 μήτε
885 4650 1000 4711 μετεχέτω
1011 4649 1081 4710 λόγου
1102 4694 1104 4727 t
1125 4643 1227 4690 δοῦνται.
1240 4667 1272 4677 -
1286 4642 1333 4702 (21)
1348 4639 1468 4693 Diodorou
1478 4639 1572 4688 strutus
1584 4640 1624 4688 lib.
1640 4641 1686 4689 ΧΠ
1695 4652 1748 4701 cap.
1764 4645 1795 4688 19
1815 4645 1938 4696 κλείετε·

307 4725 370 4786 παρὰ
382 4727 430 4780 τοῖς
441 4725 554 4783 πολίταις,
568 4727 599 4780 ώς
617 4723 753 4772 ἐπείσακτον
773 4722 846 4770 κοινὸν
862 4719 923 4768 κατὰ
933 4723 980 4766 τῶν
997 4721 1080 4767 ἑαυτοῦ
1101 4740 1104 4787 χ
1125 4727 1163 4758 τοι
1174 4710 1194 4758 δ’
1203 4714 1260 4772 ἡμῖν
1274 4713 1347 4759 εἰπεῖν
1361 4709 1417 4772 θπέρ
1432 4715 1473 4767 τῆς
1489 4714 1531 4758 τοῦ
1540 4709 1665 4771 Χαρώνδου
1676 4711 1795 4768 nimie,
1809 4712 1870 4759 καθ’
1896 4720 1939 4770 ἦν

307 4791 447 4855 πραγμάτων
456 4795 630 4858 πεπορισμένος,
642 4791 691 4841 Εἶτ’
701 4793 809 4854 ἐπέτυχες
820 4789 874 4853 γάρ,
887 4788 952 4850 φησί,
967 4787 1080 4851 γήμαςτὸ
1101 4822 1104 4830 .
1124 4780 1182 4828 terti
1200 4796 1221 4829 τι
1234 4782 1273 4828 οιαὶ
1294 4779 1423 4841 παράδοξον
1437 4779 1500 4840 αὐτῷ
1517 4778 1609 4831 aulida.
1622 4777 1675 4825 Ἐπὶ
1697 4777 1742 4838 γὰρ
1756 4775 1802 4856 τὴν
1826 4781 1939 4840 χώραν

307 4862 426 4926 πρότερον,
439 4864 559 4925 εὐημερῶν
568 4862 728 4923 ιιατάπαυσον,
742 4861 782 4909 εῑτ’
794 4862 839 4908 oria
851 4859 969 4921 ἐπέτυχες,
981 4858 1079 4920 μανικὸν
1101 4894 1103 4911 ,
1123 4852 1189 4906 ἐξιὼν
1204 4850 1261 4912 μετὰ
1276 4849 1370 4910 tortior
1382 4849 1420 4897 διὰ
1432 4849 1487 4905 τοὺς
1498 4847 1596 4908 taram,
1610 4847 1650 4894 ιιοιὶ
1659 4846 1771 4930 οιατᾶιτὴν
1788 4849 1941 4900 eamcam

307 4935 334 4982 τὸ
343 4933 422 4996 πείρας
435 4935 540 4996 δευτέρας
556 4933 635 4982 λοιὸιῖν
649 4932 726 4982 πάλιν.
741 4951 754 4974 ν
765 4933 823 4986 Ταῖς
835 4931 879 4993 γὰρ
892 4929 1007 4984 ἀληθείαις
1021 4930 1034 4976 θ
1046 4929 1080 4982 δίς
1101 4967 1103 4977 ,
1125 4923 1248 4982 ἐκκλησίας
1265 4921 1412 4977 συνεστώσης
1424 4922 1463 4968 καλ
1477 4924 1578 4983 ταραχῆς
1592 4917 1615 4964 ἐν
1627 4922 1676 4972 τοῖς
1687 4917 1804 4972 πληθισι,
1818 4925 1940 4978 xenos:

308 5004 331 5052 ἐν
340 5010 387 5060 τοῖς
402 5005 481 5060 αι’νιοῑς
490 5006 622 5066 πράγμασιν
633 5001 770 5067 ἀμαρτάνων
780 5003 855 5064 εἰρρων
870 5003 897 5049 ἂν
912 4999 1006 5056 δικαίως
1013 5015 1079 5060 νομι-
1100 4990 1103 5057 2
1125 4995 1382 5056 στη,πολυπραγμονών
1397 4991 1426 5039 τα
1441 4991 1501 5039 κατὰ
1513 4990 1553 5047 τὴν
1563 4989 1658 5069 στοίσιν.ἱ
1664 4987 1893 5067 »Νενοροθετηνιὼς
1912 4995 1945 5040 ξ’

311 5071 384 5130 σθείη.
408 5074 453 5121 Καὶ
466 5074 595 5135 Φιλήμονος
607 5077 648 5122 τοῦ
666 5071 862 5133 νωμιρδιογρίερου
879 5068 1005 5132 γράφοντος
1025 5068 1079 5123 τοὺς
1100 5062 1104 5137 ⁴,
1124 5064 1153 5123 ἦν
1168 5064 1253 5126 μηδένα
1270 5061 1319 5126 μεθ’
1331 5062 1404 5110 ὅπλου
1418 5059 1583 5126 ἐντιλησιᾷζειν,
1596 5059 1637 5119 ναὶ
1649 5058 1817 5115 επιλαθομενος
1833 5059 1883 5108 ὅτι
1904 5068 1946 5112 τὸ

310 5143 419 5200 πολλάκις
425 5143 620 5204 ναυτιλλομένους,
632 5143 671 5190 καὶ
681 5139 784 5196 τίπὸντος
801 5139 886 5201 ννὸμιρ
895 5137 1020 5198 τεθαύμακ’
1035 5136 1078 5184 ota
1101 5190 1103 5194 ,
1126 5134 1187 5196 ξίςος
1198 5133 1357 5195 παρέζωσται,
1369 5131 1500 5194 παρέδωκεν
1512 5131 1601 5194 ἐχθροῖς
1610 5144 1670 5177 τισιν
1685 5126 1793 5188 ἀφορμὴν
1808 5144 1950 5192 ’imur-³-
