3959 5925
208 374 264 425 12⁰
605 410 606 413 ¹
848 361 1194 422 Pttttttsottsottttst

205 472 381 573 p.56.‘Quae
399 491 729 551 vet·oanteacont1·at·ia
748 490 886 550 medietas
905 490 983 549 (lice-
1030 495 1087 550 ποτ’
1107 490 1236 570 ἐνέργειαν
1257 492 1360 569 νοερόν,
1389 490 1419 547 ἂν
1441 488 1569 566 καλέομες
1586 488 1689 568 πρᾶξιν·
1714 500 1761 560 τᾶς
1782 495 1810 553 δὲ

204 582 302 653 batur,
315 601 377 640 eam
390 581 478 658 primi
493 579 638 655 Archytas
656 593 685 636 et
703 579 850 657 Hippasus
866 582 983 637 lrarmo-
1030 577 1142 644 διανοίας
1156 580 1173 637 ά
1188 578 1236 653 μὲν
1255 575 1390 656 πρακτικὰ
1409 576 1452 635 ίπλ
1467 575 1515 635 τόν
1528 577 1666 637 πολιτικόν
1688 580 1812 659 φέρεται,

205 671 300 729 nicam
315 681 472 736 vocarunt,
488 668 512 726 si
533 666 662 744 locuples
675 668 756 726 testis
769 666 887 726 videtur
903 667 984 726 Jam-
1029 665 1089 724 444
1109 663 1300 742 ἐπισταμσνικά
1312 665 1337 701 ¹⁰
1360 665 1405 722 ἐπὶ
1420 662 1468 723 444
1487 663 1548 722 θέαν
1569 668 1622 723 τῶν
1642 669 1811 743 συμπάντων,

204 757 321 817 blichus
336 758 368 816 iu
392 756 506 816 Nicom.
526 776 554 833 p.
582 766 633 825 144
653 756 693 813 ila
713 754 844 815 scribens
861 778 867 812 :
884 755 936 815 ὐπὸ
957 756 984 814 44
1002 750 1007 783 ¹
1030 755 1106 821 αὐτὸς
1117 756 1140 813 δ’
1154 753 1283 813 όκαθόλιο
1296 752 1350 819 νόος
1361 751 1458 820 ταότας
1471 753 1518 819 τὰς
1528 752 1573 812 δύο
1587 756 1712 831 δυνάμιας
1724 760 1811 832 άμπέ-

204 848 255 902 τῶν
273 842 333 923 περὶ
345 841 389 900 τὀν
403 841 531 921 Ἀρχύταν
547 841 593 899 καί
604 840 739 901 Ἵππασον
758 839 886 920 ἁρμονικὴ
907 866 985 918 μετα·
1029 866 1085 921 χων
1101 841 1145 901 4444
1159 840 1206 899 τίαν
1222 839 1407 917 εὐδαιμονίαν,
1417 840 1465 899 τόν
1477 863 1561 921 ραμες
1574 841 1706 921 ἐνέργειαν
1718 846 1812 923 ἀρετᾶς

204 932 350 1002 κληθεῖσα,
364 926 477 997 ότιτούς
495 928 642 999 κατδιτδή
647 928 792 1007 ρμοσμένον
812 930 857 987 καί
872 930 984 1006 ἐμμελὲς
1029 930 1176 1011 έντύτυχία
1191 923 1277 1006 λμεν,
1295 927 1357 988 οὔτε
1377 928 1526 1009 πρακτικὰν
1547 928 1628 989 έασσν
1647 930 1727 1007 μόνον
1743 929 1811 992 ὥστε

204 1019 324 1097 ἐφαίνετο
346 1017 438 1095 λόγους
452 1040 502 1095 περ
489 1016 623 1096 ρί.ιχουσσι
646 1017 732 1091 Quod
756 1018 901 1095 reliquum
926 1033 983 1091 est,
1029 1018 1073 1076 καί
1085 1017 1172 1126 μδ,
1145 1042 1192 1076 ταν
1215 1016 1400 1094 έπιστάμαν“
1418 1016 1555 1097 πιριέχεν
1576 1016 1636 1076 οότε
1650 1021 1811 1099 θεωρητικόν

203 1104 415 1183 Porphyrius
406 1124 438 1162 ιιι
458 1104 673 1165 Commentario
688 1102 724 1161 ad
737 1103 886 1162 Ptolemaei
910 1105 982 1164 Har·
1028 1109 1064 1171 ὡς
1079 1106 1183 1184 ἄπρακτ
1174 1128 1212 1163 σν
1225 1098 1303 1181 ἦμεν
1329 1103 1422 1185 Αγδιρ
1434 1105 1526 1184 τέλεος
1539 1103 1564 1139 '²
1578 1106 1680 1165 διανοια
1692 1109 1752 1166 ποτὶ
1765 1110 1811 1168 δυο

193 1194 320 1265 Διιιοιιίοιι
335 1194 471 1270 Archytae
485 1192 676 1267 fragmentum
692 1191 727 1249 de
742 1211 801 1269 quo
815 1190 919 1249 htca
884 1194 983 1268 agitur
1030 1192 1113 1272 ἀρχάς
1129 1193 1284 1272 ἐπικρατέας
1299 1192 1372 1272 ῥέπει
1381 1238 1390 1266 ,
1404 1196 1463 1251 ποθ
1476 1170 1506 1260 45
1526 1196 1597 1251 καλό
1611 1193 1795 1273 ἄνθρωπος’
1760 1221 1810 1257 πε-

203 1302 238 1341 eo
253 1280 376 1340 consilio
401 1281 499 1351 affert,
524 1293 556 1339 ut
577 1278 682 1358 probet
707 1279 786 1356 quod
808 1282 983 1355 posteriores
1029 1305 1094 1364 ρυκε
1082 1282 1213 1352 .,τοίντε
1228 1282 1414 1342 κοινανικδιν’8
1429 1280 1474 1340 κοιλ
1489 1281 1535 1339 τδιν
1550 1284 1731 1357 είδημονικάν.
1756 1289 1810 1347 Καὶ

203 1368 337 1428 Graeci
314 1392 357 1427 τον
374 1368 449 1445 λόγον
464 1369 638 1450 (rationem)
656 1368 850 1446 appellarunt,
865 1368 894 1425 id
905 1370 983 1447 prio·
1030 1370 1082 1449 γόρ
1094 1375 1122 1429 at
1134 1370 1157 1404 ¹⁴
1181 1369 1303 1429 κατδι’
1264 1394 1335 1437 τοιας
1353 1371 1509 1477 άντιλήψιμς
1531 1370 1647 1429 δοκέοντι
1665 1375 1811 1435 άντιθλίόεν

204 1476 252 1516 res
267 1454 402 1533 διάστημα
418 1455 640 1535 (intemalluml
657 1456 832 1514 nominasse.
1029 1460 1144 1524 ἀλλάλας
1162 1458 1207 1516 ταὶ
1220 1457 1339 1536 ἀγωγαί,
1354 1482 1399 1516 ται
1388 1458 1435 1494 ⁴⁵
1452 1455 1499 1533 μὲν
1517 1458 1569 1537 γὰρ
1584 1461 1747 1519 πολιτικαὶ’
1732 1488 1748 1521 α
1750 1463 1812 1543 ρ·έλ

242 1543 447 1625 certoeoptn
462 1544 537 1625 ραντί
550 1545 558 1579 ⁴
583 1535 698 1624 όρεξιν’
682 1568 748 1617 ημεν
769 1548 806 1603 τῶ
828 1544 983 1619 ἀναλαμόά·
1029 1569 1117 1604 κοισαι
1130 1554 1176 1612 τᾶς
1187 1545 1313 1625 θεωρίας,
1328 1546 1372 1604 ταί
1385 1546 1412 1603 44
1428 1550 1479 1605 θτιο
1481 1546 1590 1654 ρητικαλ
1596 1546 1651 1582 ’θ’
1635 1548 1687 1607 απὸ
1700 1486 1767 1617 τὸῑςφ
1760 1574 1811 1609 πο-

201 1568 276 1706 νινθῆ
298 1632 406 1713 ουνέχεν
426 1632 554 1693 αὐταυτον
578 1635 605 1691 44
628 1635 709 1711 ἀρετᾷ
732 1640 866 1713 πρακτικᾷ
885 1634 983 1692 καττδιν
1028 1635 1126 1700 λιτείας
1143 1656 1192 1710 με
1182 1634 1298 1709 ,άγοισαι
1314 1635 1340 1695 t<
1354 1631 1478 1713 ἁσυχίαν,
1494 1622 1590 1691 ἀλλ’
1569 1657 1606 1691 ων
1623 1634 1809 1718 17ιδ’περατα

202 1720 288 1803 ἔρισιν
299 1720 445 1803 τᾶςσοιριας
455 1721 488 1779 δι
504 1718 673 1779 αὐταότανέ·
691 1718 853 1785 ταύταςδά
836 1720 920 1799 αρχδιν
936 1719 983 1795 μὲν
1029 1720 1367 1833 συναψαμέναί’ἁ’ρυοις
1390 1720 1522 1789 ἀπέδειξεν
1547 1725 1574 1781 ἐν
1590 1726 1683 1804 τωυτῷ
1705 1725 1810 1803 όινρνμέ-

201 1809 296 1869 τδιν
265 1808 560 1891 ρυσινπροδιδάσκενῧ,
572 1806 683 1884 μέσαδὲ
672 1806 783 1866 τδι’ν
736 1808 983 1897 ucrcrtncnr,r4pprr
1028 1808 1105 1867 44¹⁰·
1118 1832 1147 1868 ου
1135 1809 1212 1891 ’γάρ
1227 1810 1378 1878 άντιπαδέες
1396 1808 1449 1869 ἐντί
1463 1809 1507 1867 τοί
1522 1811 1664 1891 τἰρεταί,
1628 1810 1655 1847 ²⁰
1688 1813 1775 1873 ἀλλ’(
1761 1839 1809 1893 αρ-

201 1899 229 1959 44
242 1902 290 1957 τδιν
302 1900 401 1969 εἴδησιν
418 1898 524 2003 ρέρενί.
537 1898 656 1976 Εὐτυχὲς
671 1884 753 1968 μέν’
733 1918 770 1953 cer
784 1886 899 1967 ἦμεν
865 1918 944 1973 ρυναι
954 1885 983 1951 εὐ
1032 1897 1123 1973 μανίας
1137 1897 1243 2003 ἁπάσας
1257 1898 1467 1979 συμφωνότιραι.
1490 1900 1527 1959 A4
1539 1896 1616 1955 44¹
1581 1921 1617 1958 κα
1628 1922 1668 1965 τις
1682 1900 1750 1957 ἔνι’
1723 1924 1773 1960 νεω
1783 1901 1809 1937 ²¹

204 1986 361 2068 τροιρῆμένὅ
377 2008 405 2043 τε
423 1985 468 2044 καὶ
483 1988 601 2063 άχθῆμιν
621 1984 761 2059 καττύνόρ
764 1982 856 2041 θδν’
827 2005 905 2060 νυμον
925 1982 983 2041 καδ
1028 1983 1133 2063 δρμαδ’
1114 2008 1150 2051 εις
1168 1983 1245 2051 αὐτὸς
1261 1984 1427 2063 δρμόσδηται
1438 1983 1466 2019 ²²
1486 1988 1512 2051 ἐς
1526 1984 1571 2051 τδις
1588 1987 1671 2065 οίρχδς
1684 1990 1762 2045 τᾶν’
1747 2012 1810 2068 αρε-

201 2074 317 2152 ὁμόλογα
330 2097 358 2131 τε
375 2084 408 2153 τᾷ
422 2072 484 2153 ρόσι
502 2071 530 2129 ἔθ
517 2076 573 2131 δια·
592 2073 668 2130 διῖδ’
684 2040 837 2145 ἀσκόθῆμεν
851 2069 921 2127 444⁸
936 2094 985 2145 γε-
1028 2082 1075 2130 τάν
1087 2070 1112 2107 ²³
1123 2095 1173 2129 και
1163 2071 1241 2137 ἐς
1253 2070 1297 2130 τόν
1316 2076 1383 2130 θεῖον
1401 2071 1481 2149 νόμον
1507 2079 1553 2138 τας
1570 2074 1607 2129 τῶ
1622 2072 1811 2152 κόσμωᾶρμο-

201 2163 258 2223 νέτο
260 2185 306 2242 ρας
323 2161 342 2234 ἢ
363 2160 529 2241 έπιτρόπως7
547 2160 688 2229 παιδευτάς
704 2182 733 2217 τε
755 2156 890 2237 σόνρρονας
908 2160 984 2235 γενέ·
1027 2160 1102 2237 νίας,
1117 2157 1205 2238 εὔροον
1222 2158 1277 2237 βίον
1295 2157 1422 2227 διαξεῑύῧ·
1437 2161 1465 2217 αί
1479 2158 1554 2217 δέκα
1569 2161 1646 2227 αὐτὸς
1660 2160 1718 2219 καθ’
1731 2162 1809 2221 αὑτὸν

202 2185 274 2309 0044
285 2250 398 2309 Καλδνδ
384 2246 496 2307 δέτδ’
468 2246 567 2307 αυτδν8
578 2250 650 2305 αὐτῶ
664 2245 906 2324 προστάσσεντδι’
875 2270 983 2357 αριστα
1028 2246 1187 2322 πλαζόμενος
1205 2246 1273 2325 τόχῃ
1294 2246 1430 2324 ἁγεμόνων
1449 2247 1600 2356 κμρρόνων,
1630 2248 1811 2308 οἰπευδόνεν26

202 2336 269 2413 μηδὲ
284 2334 476 2397 ποτιδέεσδαι’
463 2338 587 2413 ανσίγκας,
603 2335 705 2393 εὐπειέθ
693 2334 757 2391 αδ
766 2326 833 2409 ημεν
844 2336 897 2398 τοῖς
913 2336 982 2413 δρα·
1028 2334 1071 2413 τδν
1089 2335 1183 2443 δρόμον
1206 2334 1394 2395 δυναστῖται27
1415 2334 1478 2394 ποτὶ
1497 2335 1695 2416 μακαριότατα,
1719 2338 1810 2418 ὥσπερ

201 2424 333 2503 γεομένοις
351 2424 430 2503 τδόίρ
434 2446 493 2482 ιστα
504 2422 634 2482 ποτίᾶ
578 2446 615 2503 πρ
617 2425 672 2491 ἕξιν
688 2446 733 2480 και
723 2420 855 2493 εἴδησιν.
870 2422 982 2502 Ταὶγδιρ
1027 2422 1067 2479 ecl
1089 2420 1253 2500 εὐωχέονται
1266 2424 1293 2481 έν
1308 2420 1429 2501 πλοίῳ’
1414 2421 1518 2481 ανύοντι
1538 2422 1586 2482 444
1608 2422 1744 2483 θάλασσαν
1764 2425 1809 2484 444

84 2574 107 2585 ‚¹
202 2511 357 2571 ευουιαικαί
368 2510 499 2570 ταλκαλαι
511 2533 605 2591 τροραι
595 2510 746 2577 πολλάκις
756 2508 877 2590 φθανοντι
887 2510 933 2577 τδις
947 2512 984 2569 δι-
1028 2518 1075 2577 τᾶς
1090 2508 1170 2586 κυδερ
1171 2508 1315 2577 νατικάς”
1339 2480 1462 2576 εὐπλοίας
1481 2510 1668 2619 ἔφιέμενρι,
1655 2505 1724 2593 άπερ
1734 2511 1759 2548 ²⁹
1782 2516 1809 2572 ἐν
1853 2559 1857 2565 .

201 2598 638 2681 οασκαλιοςέςόρθοτατααγοισαι,
649 2596 863 2658 αποδεοντιδὲ
828 2601 926 2675 μονον
925 2599 983 2677 ,όγω
1030 2596 1127 2676 βίῳ
1093 2620 1140 2663 τας
1152 2595 1327 2673 ευδαιμονιας
1370 2599 1406 2656 Ai
1420 2596 1515 2655 44
1461 2620 1515 2673 μη
1516 2596 1615 2665 ἀὐτὸς
1629 2601 1727 2657 νοέοι
1710 2536 1808 2659 ’έ-διπο

202 2688 387 2767 όγεμόνος,τδν
401 2687 684 2761 4444441444444cr4pe⁰.
698 2676 877 2765 440144414’
865 2690 982 2769 εντιβίοι
1029 2685 1104 2766 τίγορ
1106 2684 1211 2741 a⁸⁰'
1174 2708 1228 2794 μητ
1228 2684 1482 2765 ’έπιτρόπωντόχοι
1494 2685 1806 2793 έμρρόνων,οὐδίνόρε-

200 2776 338 2837 ιίντίπαλοι
352 2776 437 2836 eol*
402 2800 454 2836 των
463 2776 589 2855 πρατήιον
600 2778 715 2835 άντιποιε
703 2776 823 2853 .όμενοι,
838 2778 983 2856 πρακτικός
1028 2772 1071 2839 40<
1087 2772 1214 2853 χοραγῖας
1236 2772 1348 2853 ἅφθένω·
1363 2774 1494 2884 ἀφροσόνα
1510 2775 1572 2853 γάρ,
1586 2778 1671 2834 αιτιοι
1661 2775 1713 2841 ές
1725 2767 1809 2835 τᾶλλα

199 2887 228 2923 τε
238 2888 282 2923 και
272 2864 438 2945 ριλοσορος
451 2863 517 2923 πολὺ
530 2864 675 2944 ὲκαῤῥων
688 2855 955 2939 δοκεειημενδεξ
932 2885 981 2920 αα
1028 2865 1179 2940 ευτυχει
1120 2862 1162 2898 ³⁴
1202 2837 1371 2938 κακόδαίμων
1397 2852 1469 2921 έοοιεί
1496 2866 1575 2922 ἔστιν.
1626 2862 1747 2923 Ἐπεί
1733 2870 1756 2922 c’
1782 2868 1808 2922 έν

200 2953 276 3035 ροτίρ
277 2951 552 3030 ιυνκεακμένοςποτι
560 2975 656 3030 καιρως
664 2976 714 3018 τως
728 2952 908 3032 αρμοσδοντας
918 2975 982 3010 συν
1029 2950 1175 3011 απαντεσοι
1185 2949 1212 2987 ³²
1232 2962 1332 3064 πρᾶτον
1358 2952 1459 3030 ἀνάγκα
1483 2957 1586 3064 σκοπῆν
1613 2951 1709 3030 μέν’
1685 2976 1715 3010 το
1739 2953 1810 3020 τέλος

199 3038 357 3118 τεταγμένος
375 2975 433 3097 444
455 3038 582 3120 ἑκατέραν
599 3038 721 3106 διέξοδον.
763 3040 830 3100 Γ
786 3063 911 3118 ιγοναμες
930 3039 981 3118 γάρ
1029 3043 1120 3116 (τοῦτο
1135 3043 1186 3118 γὰρ
1209 3040 1322 3101 ποιέοντι
1347 3039 1552 3121 κυόερνᾶται
1523 3065 1570 3117 μιν
1588 3041 1681 3118 λιμένα
1696 3040 1754 3077 ³³'
1742 3065 1767 3109 ες
1781 3040 1812 3101 δν

230 3260 257 3306 c.
271 3253 447 3315 Philosophiam
458 3265 509 3302 esse
518 3253 585 3314 ajunt
594 3253 750 3315 cupiditatem
762 3254 800 3303 sui
808 3253 846 3303 rel
858 3253 982 3316 colligendi
1028 3253 1139 3316 plaudam
1152 3267 1232 3303 rernm
1251 3254 1435 3304 universitatem
1449 3255 1582 3314 incumbit,
1602 3256 1653 3318 ipsa
1668 3268 1726 3304 rero
1739 3268 1809 3306 mena

200 3341 238 3391 rel
249 3341 274 3390 iu
290 3339 388 3390 virtutis
401 3341 507 3389 actuosae
519 3339 601 3388 studio
612 3339 747 3390 continendi
761 3354 805 3403 pro
815 3340 933 3399 desiderio
942 3353 980 3388 aa·
1025 3341 1124 3390 omnino
1136 3340 1225 3403 duplici
1237 3341 1284 3389 lrac
1292 3340 1405 3409 laenitate
1416 3341 1515 3403 praedita
1525 3342 1555 3391 ad
1569 3343 1706 3392 felicitatem
1721 3343 1807 3405 tendit,

200 3429 296 3493 pientiae
307 3431 406 3493 propter
415 3440 441 3478 sc
452 3426 593 3490 expetende
604 3445 610 3473 ι
623 3427 695 3490 liuius
706 3431 785 3477 autem
801 3429 899 3477 initium
909 3431 979 3477 natu·
1004 3434 1007 3511 f
1025 3440 1099 3488 quam
1110 3428 1215 3477 dicimus
1224 3425 1321 3490 quidem
1333 3439 1387 3477 esse
1396 3427 1492 3478 virtutis
1503 3429 1528 3478 tn
1539 3427 1611 3478 rebus
1620 3429 1731 3478 mundis
1740 3443 1808 3480 exer·

200 3533 251 3567 ram
267 3517 367 3578 docere,
385 3515 478 3566 medios
494 3515 559 3564 locos
577 3515 772 3565 exercitationem
787 3516 893 3579 aperire,
909 3515 981 3566 linem
1004 3536 1007 3621 γ
1025 3515 1179 3575 citationem,
1205 3515 1247 3564 sed
1270 3527 1349 3577 neque
1372 3516 1397 3564 in
1413 3515 1505 3577 agendo
1524 3518 1619 3567 lantum
1641 3516 1758 3579 positam,
1780 3523 1808 3566 ut

199 3607 303 3668 deniquo
312 3605 435 3655 scientiam
453 3604 549 3653 atlerre.
561 3605 619 3652 Esse
629 3603 701 3665 igitur
713 3605 737 3654 in
749 3604 853 3654 iortunae
864 3603 932 3654 donis
944 3603 982 3654 lo·
1004 3638 1007 3649 ·
1025 3607 1149 3656 scientiam
1170 3619 1218 3656 non
1239 3605 1343 3666 lrabeat,
1356 3620 1434 3670 neque
1452 3607 1664 3670 contemplativam
1678 3608 1767 3672 solam,
1781 3614 1809 3658 ut

198 3695 260 3760 genii
272 3695 402 3745 sollertiam
414 3679 716 3755 educationemque'alque
728 3693 903 3743 institutionem
923 3706 981 3742 cou-
1026 3694 1094 3756 plane
1106 3695 1166 3744 nillil
1179 3701 1241 3757 agat.
1253 3695 1346 3758 Quippe
1359 3695 1455 3746 animus
1471 3695 1596 3758 periectos
1611 3696 1715 3745 duarum
1727 3709 1807 3746 rerum

196 3783 306 3846 junctam
317 3795 374 3832 cum
391 3786 455 3833 recto
465 3795 534 3831 more
542 3780 743 3831 etconsueludine
752 3783 846 3830 naturae
855 3784 982 3832 consenta-
1024 3796 1156 3847 earumque
1166 3785 1377 3846 gratissimarum,
1391 3783 1423 3833 ad
1434 3796 1494 3847 quas
1507 3783 1662 3834 tromceliam
1673 3787 1804 3845 natusest,

198 3883 260 3932 nea,
272 3870 313 3920 sed
323 3869 402 3918 danda
413 3871 450 3919 est
458 3880 546 3931 opera,
556 3870 583 3919 ut
591 3866 638 3917 sub
650 3870 777 3931 parentum
790 3868 891 3930 impen'o
906 3870 982 3918 simus
1025 3872 1185 3934 principatum
1200 3872 1299 3934 appetit,
1310 3855 1431 3923 societatis
1441 3885 1470 3921 ac
1481 3871 1594 3922 scientiae.
1605 3871 1696 3923 tiamsi
1707 3875 1807 3935 propter

199 3960 237 4008 rel
251 3958 357 4009 honeslIs
368 3956 488 4008 tutoribus
497 3959 520 4006 et
533 3956 652 4018 magistris
663 3957 852 4006 committamur.
866 3958 909 4006 Est
924 3970 981 4007 rero
1025 3959 1142 4020 ejusmodi
1160 3960 1259 4021 praemia
1274 3959 1332 4010 ritce
1350 3960 1455 4026 rationes
1476 3962 1563 4009 mutuo
1575 3959 1671 4010 cilicem
1685 3959 1806 4022 ridentur,

199 4047 326 4112 pulchrum
343 4046 389 4097 sihi
409 4045 453 4108 ipsi
473 4045 596 4108 injungere
615 4057 704 4094 munus
723 4045 814 4106 optima
828 4058 931 4107 qrraeque
944 4047 981 4093 ia·
1025 4048 1080 4108 quia
1095 4047 1191 4110 publica
1204 4048 1297 4110 negotia
1308 4060 1412 4098 arerem
1428 4047 1631 4109 mntemplatione
1642 4047 1805 4109 abstrabunt,

198 4135 276 4187 ciendi
298 4148 377 4197 neque
388 4147 457 4196 egere
473 4131 578 4195 quadam
591 4133 714 4194 proeclarm
729 4133 762 4181 rel
775 4131 885 4194 gerendae
896 4145 981 4184 neces·
1026 4135 1076 4184 rita
1095 4137 1176 4184 autem
1198 4136 1385 4197 contemplativa
1405 4148 1421 4184 a
1440 4133 1581 4198 reipublicae
1601 4135 1807 4185 administratione

198 4225 281 4285 st'tate,
291 4223 333 4274 sed
347 4221 447 4284 obsequi
463 4221 493 4270 ils
503 4221 544 4282 qul
555 4221 681 4271 utilissima
691 4221 723 4270 ad
735 4233 816 4271 rerum
826 4221 945 4271 actionem
956 4224 981 4272 et
1025 4222 1055 4271 ad
1068 4205 1146 4271 ctirirn
1158 4223 1275 4284 traducit,
1287 4226 1368 4274 tamen
1384 4223 1443 4272 lines
1454 4229 1540 4272 natura
1556 4237 1632 4285 quum
1650 4237 1698 4272 unc
1711 4222 1807 4272 risorio

198 4313 358 4376 coguitionem
373 4309 484 4360 suadent.
498 4311 609 4372 Namque
628 4309 716 4371 ingenii
733 4309 839 4359 sollertia
853 4313 981 4373 rectusque
1024 4311 1156 4373 copularit,
1167 4311 1308 4372 coniunctos
1318 4325 1370 4361 esse
1380 4311 1488 4361 ostendit
1497 4328 1505 4372 ;
1515 4323 1593 4374 neque
1604 4310 1668 4360 enirn
1681 4311 1806 4361 contraria

198 4402 352 4464 cullussaepe
362 4401 510 4463 priusquam
523 4397 632 4448 doctrina
643 4397 667 4446 in
678 4399 765 4446 rectam
775 4397 838 4446 riam
847 4397 980 4460 deducunt,
1022 4403 1080 4450 sunt
1090 4402 1201 4463 virtutes,
1210 4401 1252 4450 aed
1264 4402 1351 4463 quovis
1361 4406 1478 4450 concentu
1491 4386 1704 4451 convenientiores.
1715 4399 1812 4459 Quodsi·

197 4494 307 4541 carentes
324 4490 418 4538 tantum
441 4489 533 4538 ratione
550 4485 611 4535 duce
630 4498 703 4548 quam
724 4485 824 4535 scientia
839 4485 980 4536 mortalibus
1024 4491 1078 4553 quis
1091 4489 1142 4553 ipse
1157 4491 1188 4540 ab
1200 4491 1300 4541 ineunte
1313 4493 1384 4540 telate
1397 4493 1508 4553 prompto
1521 4491 1603 4539 animo
1618 4490 1736 4539 virtutum
1751 4489 1806 4538 inu-

196 4577 269 4628 indit.
301 4579 364 4628 Sunt
374 4578 448 4640 igitur
461 4576 509 4626 duo
524 4575 580 4625 vitm
591 4586 677 4637 genera
689 4574 809 4623 contran'a
823 4587 899 4636 eaque
914 4574 978 4636 prin·
1002 4586 1005 4685 γ
1023 4576 1141 4627 dementis
1160 4577 1299 4640 diuinisque
1315 4577 1448 4626 lrarmonioe
1468 4575 1539 4636 hujus
1559 4576 1644 4626 mundi
1662 4575 1754 4638 legibm
1767 4588 1805 4625 as·

198 4670 293 4731 clpatus
303 4668 370 4730 quasi
383 4667 484 4730 cupida,
497 4666 598 4716 alterum
610 4666 747 4725 actuosum,
757 4663 860 4714 alterum
873 4663 979 4726 plriloac-
1023 4665 1126 4727 suescit,
1145 4665 1220 4715 vilain
1243 4666 1390 4715 iortunalam
1401 4664 1486 4726 δαμείς
1503 4665 1541 4714 sin
1558 4667 1640 4714 autem
1659 4664 1764 4727 ipseper
1779 4676 1805 4713 se

200 4759 248 4819 plro
259 4757 372 4819 dignum
392 4756 434 4806 scd
453 4755 490 4804 his
504 4755 574 4816 longe
593 4755 706 4816 praestare
724 4751 819 4802 ridetur
838 4751 935 4802 tertium
948 4765 979 4802 er
1022 4765 1104 4803 errans
1115 4753 1189 4804 doces
1200 4755 1311 4805 meliores
1321 4754 1480 4815 nanciscatur,
1497 4765 1594 4802 cursum
1607 4765 1677 4801 suum
1688 4751 1808 4801 adbeatl·

198 4845 317 4896 ambobus
328 4845 474 4904 conflatum,
493 4842 557 4908 quod
570 4841 599 4891 ad
619 4847 727 4902 tempora
739 4845 888 4902 opportuna,
910 4845 980 4902 prout
1001 4844 1004 4910 l
1023 4839 1130 4892 tudinem
1140 4841 1239 4902 dirigere
1251 4841 1346 4902 poterit,
1356 4837 1559 4902 quemadmodum
1569 4838 1678 4887 lrcmincr
1693 4851 1805 4900 prospero

198 4933 323 4996 utriusque
336 4933 395 4982 ratio
405 4933 460 4992 lert,
472 4929 680 4982 accommodatum
692 4935 737 4980 est.
749 4928 804 4978 Nati
819 4929 884 4978 enim
896 4940 979 4978 sumus
1024 4929 1127 4980 fortunae
1141 4929 1200 4978 llalu
1213 4931 1308 4979 utentes
1317 4928 1341 4978 in
1352 4928 1551 4990 narigiccursum
1562 4927 1710 4976 maritimum
1722 4926 1810 4989 goher·-

198 5021 230 5070 ad
243 5021 332 5072 mentis
347 5022 516 5083 agitationem,
528 5033 603 5083 quam
613 5019 732 5070 actionem
747 5017 912 5080 appellamus;
928 5017 979 5066 aui·
1023 5017 1098 5066 nandi
1110 5023 1162 5066 arte
1172 5017 1315 5078 conficiunt,
1330 5015 1442 5066 mcundre
1459 5015 1615 5076 navigationis
1631 5013 1725 5076 cupidi,
1740 5019 1768 5063 ut
1779 5013 1804 5062 iit

200 5121 254 5158 mos
265 5114 346 5159 aulem
355 5110 443 5171 partim
456 5108 529 5158 rebus
542 5107 651 5171 gerendis
662 5106 770 5158 intentus
782 5104 813 5154 ad
827 5103 978 5168 prudentiam
1024 5104 1074 5154 rita
1087 5104 1214 5155 felicitatis.
1227 5109 1258 5155 at
1268 5105 1289 5155 si
1298 5117 1376 5166 neque
1384 5104 1434 5166 ipse
1443 5101 1621 5153 commodares
1633 5093 1750 5165 intelligat
1765 5114 1809 5151 ne·

197 5195 292 5247 civilem
306 5196 390 5258 terlur,
404 5196 492 5260 partlm
502 5197 608 5247 scientie
619 5207 699 5245 amore
711 5193 824 5244 incensus
832 5191 863 5242 ad
873 5194 978 5243 conlem-
1023 5205 1071 5255 que
1084 5193 1216 5255 prudentes
1227 5195 1349 5244 curatores
1362 5191 1526 5253 nanciscatur,
1548 5190 1628 5254 magni
1639 5192 1735 5240 sumtus
1749 5189 1812 5240 nulk
