3959 5925
267 306 325 357 406
777 302 1093 363 CYRENAICORUM
1115 299 1369 361 FRAGMENTA.

265 430 393 490 studium
415 445 472 491 tam
486 433 650 511 impensum
672 448 789 514 tamque
806 436 952 495 diutinum
975 458 1043 516 pro·
1130 434 1285 513 (Diogenes
1299 432 1431 491 Laertius
1445 431 1500 491 tib.
1516 430 1555 505 li,
1574 432 1635 507 69.)

266 518 376 579 fuisset.
397 521 564 600 Aristippus
578 524 754 602 respondite
777 537 810 583 ut
826 544 891 583 cum
907 524 1044 584 omnibus
1130 542 1165 582 ιο.
1178 520 1350 601 Ἐρωτηθείς,
1371 520 1423 577 τίνι
1436 518 1601 600 διαφέρουσιν
1622 520 1647 577 ot
1665 519 1893 593 πεπαιδευμένα

265 606 432 667 hominibus
445 628 546 668 secure
555 622 583 667 et
598 610 748 690 intrepide
764 612 921 670 fabularer.
936 615 973 670 At
988 613 1044 669 An·
1088 615 1141 671 τῶν
1165 608 1328 671 ἀπαιδεύτων
1346 606 1404 687 ἔφη·
1420 606 1526 687 Ὠσπερ
1540 609 1564 665 οἱ
1581 605 1791 683 δεδαμασμένοι
1812 604 1891 666 ἵπποι
1959 602 1960 615 ³

265 695 404 755 tisthenes
414 696 492 774 apud
504 697 590 775 Diog.
607 697 702 759 Laert.
714 700 767 780 un.
776 698 825 772 vt,
838 702 856 757 6
870 722 877 760 :
891 698 1044 777 ἐρωτηθείς,
1088 703 1139 759 τῶν
1156 698 1329 775 δδαμοίστων.

263 782 291 840 τί
304 784 376 863 αύτῷ
385 783 550 864 περιγέγονεν
565 788 595 845 ίκ
608 787 776 868 φιλοσοφίας,
792 787 850 869 ἔφη·
862 787 903 849 Ti
918 786 1045 847 δύνασθαι
1130 789 1285 867 (Diogenes
1297 785 1430 844 Laertius
1441 780 1495 843 lib.
1509 782 1552 856 ΙΙ,
1566 783 1634 861 69.)

264 874 349 951 ἑαυτῷ
364 873 489 952 ὁμιλεῖν.)
1130 896 1162 937 ιι.
1187 874 1286 937 Είσιοίν
1306 894 1370 933 ποτε
1384 875 1421 940 είς
1444 871 1547 949 ἑταίρας
1569 871 1671 943 οΙκίαν,
1685 870 1737 929 καί
1755 874 1815 930 τῶν
1842 871 1886 929 σύν

303 980 326 1020 7.
348 958 554 1036 Ὀνειδιζόμενός
570 961 630 1021 ποτ’
642 962 686 1021 tet
707 966 746 1043 τῷ
770 964 919 1030 πολυτελῶς
931 967 993 1042 ζῇν,
1010 966 1043 1025 Ei
1089 968 1160 1047 αὐτῷ
1174 961 1315 1041 μειρακίων
1328 960 1398 1029 τινὸς
1410 959 1624 1041 ἐρυθριάσαντος,
1636 962 1680 1019 Ού
1691 958 1727 1017 τὸ
1741 961 1885 1034 εἰσελθεῖν,

265 1048 344 1120 τοῦτ’,
358 1048 417 1128 ἔφη,
428 1049 526 1129 φαῦλόν
540 1052 624 1128 ἐστιν,
640 1052 687 1109 ούκ
697 1051 727 1109 δν
736 1056 763 1111 iv
775 1060 833 1121 ταῖς
848 1054 899 1110 τῶν
910 1055 974 1111 θεῶν
988 1056 1045 1132 iop-
1088 1055 1153 1136 ἔφη,
1167 1051 1293 1133 χαλεπόν,
1310 1048 1379 1109 stit
1393 1048 1422 1107 τὸ
1437 1048 1474 1125 μὴ
1489 1047 1614 1107 δύνασθαι
1627 1045 1757 1115 ἐξελθεῖν.

263 1145 320 1203 ταῖς
331 1139 440 1213 ἐγίνετο.
1130 1144 1285 1221 (Diogenes
1300 1140 1432 1201 Laertius
1446 1137 1503 1199 tib.
1518 1136 1557 1210 11,
1569 1138 1630 1213 69.)

304 1226 466 1301 (Diogenes
479 1224 610 1285 Laertius
623 1228 675 1286 lib.
691 1228 731 1302 ΙΙ,
749 1228 812 1308 68.)
1130 1251 1166 1290 ts.
1189 1226 1309 1337 Αίνιγμοί
1322 1252 1389 1298 τινος
1403 1229 1475 1306 αὐτῷ
1489 1224 1669 1303 προτείναντος
1684 1223 1736 1281 καὶ
1751 1225 1882 1291 εἰπόντος,

303 1335 326 1374 s.
351 1314 509 1394 Ἐρωτηθείς
527 1315 579 1374 ὑπὸ
593 1315 745 1376 Διονυσίου·
767 1314 811 1375 διὰ
830 1316 857 1375 τί
868 1320 892 1377 οί
907 1317 954 1393 μίν
972 1315 1045 1397 φιλθ·
1089 1324 1185 1381 Α’ύοον·
1195 1314 1240 1387 Τί,
1250 1340 1272 1373 ω
1283 1314 1394 1392 μσίταιε,
1406 1315 1466 1396 ἔφη,
1482 1316 1560 1372 λύσαι
1574 1311 1621 1389 ἐμὲ
1635 1312 1733 1384 θέλεις,
1752 1312 1768 1371 ὃ
1784 1314 1836 1371 καί
1848 1316 1886 1371 δε·
1961 1366 1962 1387 3

264 1401 396 1482 nepesini
417 1402 463 1469 τδις
488 1405 553 1461 τῶν
564 1404 695 1464 πλουσίων
710 1405 787 1485 θύρας
808 1403 947 1485 ἔρχονται,
971 1407 996 1464 oi
1017 1404 1044 1464 di
1089 1406 1194 1486 δεμίνον
1205 1408 1269 1482 ἡμῖν
1282 1400 1567 1483 προίγματαπαρίχει;

263 1490 383 1551 πλούσιοι
397 1490 440 1549 ἐπὶ
453 1490 500 1558 τδις
515 1494 567 1549 τῶν
583 1492 730 1573 φιλοσόφων
745 1491 832 1550 ούκέτι
843 1538 852 1569 ,
864 1492 930 1571 ἔρη·
943 1490 1009 1552 Ὅτι
1021 1495 1044 1550 ci
1130 1496 1283 1575 (Diogenes
1304 1493 1436 1552 Laertius
1454 1491 1519 1549 Lib.
1531 1490 1570 1563 ΙΙ,
1593 1510 1642 1563 70.
1660 1488 1785 1565 Scripsi
1806 1491 1885 1547 λῦσαι

264 1580 311 1656 μὲν
325 1578 412 1639 Ιοαοιν
430 1570 466 1638 ῶν
480 1578 598 1651 δέονται,
614 1582 639 1638 oi
654 1580 680 1637 δί
695 1581 744 1638 ούκ
757 1579 856 1640 ίσαοιν.
1089 1586 1136 1662 ἐμὲ
1150 1584 1249 1659 θέλεις;
1261 1582 1346 1643 codd.
1362 1583 1441 1641 λῦσαι
1458 1581 1566 1655 θέλεις).

304 1669 460 1749 (Diogenes
472 1668 607 1727 laertius
617 1668 672 1728 lib.
686 1668 727 1743 ΙΙ,
742 1670 790 1745 69.
802 1669 1044 1728 Aiiihocdicturn
1133 1694 1168 1735 ta.
1190 1672 1328 1749 ΙἈμεινον,
1344 1670 1407 1751 ἔφη,
1424 1670 1534 1741 ἐπαίτην
1551 1667 1568 1739 Ι)
1581 1665 1744 1727 ἀπαίδευτον
1766 1654 1885 1724 sisai-ei

262 1756 407 1815 Simonidi
434 1756 577 1817 tribuunt.
613 1757 784 1817 Aristoteles
810 1757 892 1816 Rhet.
920 1759 974 1818 ΙΙΙ).
999 1759 1042 1831 ΙΙ,
1089 1762 1136 1841 μίν
1149 1761 1200 1839 γδιρ
1211 1760 1369 1839 χρημάτων,
1380 1762 1404 1818 oi
1419 1758 1445 1817 δὲ
1465 1761 1650 1835 ἀνθρωπισμοῦ
1660 1754 1786 1813 δέονται.

263 1862 326 1925 cap.
342 1845 389 1918 16,
400 1846 554 1920 pag-1391
567 1843 613 1901 ed.
626 1844 840 1905 &intentiosis
854 1846 900 1905 nei
912 1846 1044 1921 τδΣιμω-
1129 1850 1287 1923 (Diogenes
1302 1846 1434 1905 Laertius
1445 1845 1499 1905 lib.
1514 1844 1553 1917 ΙΙ,
1571 1862 1620 1916 70·
1634 1842 1767 1901 Proclus
1779 1844 1818 1899 ad
1836 1843 1885 1901 He-
1961 1902 1962 1915 γ

263 1928 331 1988 νίδσυ
348 1928 451 2008 είρηται
463 1931 525 2008 περί
537 1934 591 1989 τῶν
606 1936 693 2010 σοφῶν
713 1931 759 1991 καί
772 1933 906 1994 πλουσίων
918 1935 982 2013 πρὸς
996 1934 1044 2006 τὴν
1090 1939 1166 1999 siodi
1183 1938 1238 2015 Op.
1254 1949 1283 1994 et
1294 1936 1323 1994 d.
1337 1956 1380 1997 vs.
1395 1956 1450 2011 ²9¹
1466 1955 1474 1995 :
1488 1925 1561 1999 oinos
1577 1931 1812 2011 perscriptam<
1825 1933 1880 1991 κτλ

262 2022 374 2094 γυναῖκα
387 2018 435 2089 τὴν
449 2017 565 2097 Ἱίρωνος
575 2020 701 2099 ἔρομξνην
712 2020 821 2100 πότερον
832 2022 953 2099 γενέσθαι
963 2030 1045 2102 κρεῑτ-
1089 2025 1181 2097 Ζήνων
1197 2022 1244 2101 μὲν
1259 2026 1273 2079 θ
1285 2022 1403 2089 Στωϊκὸς
1413 2020 1556 2093 ἐνήλλαττε
1567 2020 1627 2085 τούς
1643 2018 1774 2096 στίχους,
1789 2020 1883 2093 λέγων,

262 2128 305 2163 τον
319 2104 443 2163 πλούσιον
460 2104 477 2176 ἢ
498 2106 592 2186 σοφόν·
604 2106 730 2167 πλούσιον
752 2110 849 2168 eineis·
871 2107 932 2175 τοὺς
951 2108 1045 2190 σοφούς
1089 2106 1173 2180 Οὗτος
1185 2110 1232 2189 μὲν
1245 2110 1419 2189 πανάριστος,
1429 2103 1500 2179 &ed
1521 2106 1620 2169 εἰπόντι
1635 2106 1773 2180 πίθηται,
1795 2108 1883 2171 ἐσθλὸς

261 2193 312 2272 (tp
331 2192 382 2272 len
404 2197 468 2272 δρᾶν
486 2193 530 2253 ἐπί
545 2202 602 2261 ταῖς
625 2198 677 2253 τῶν
692 2196 824 2255 πλουσίων
842 2196 930 2276 θύραις
945 2198 1045 2277 δίατρί-
1091 2205 1113 2261 δ’
1128 2192 1304 2272 αύκθκεῖνος,
1324 2198 1351 2265 ὃς
1364 2201 1436 2278 αύτῷ
1453 2197 1541 2258 ποίντοι
1556 2196 1660 2269 νοήσει,
1687 2196 1879 2272 τῇεύπειθεία

263 2280 366 2348 fimens.
381 2280 513 2342 Stobaeus
525 2281 546 2339 F
549 2282 604 2341 ior.
617 2282 681 2341 XCI
689 2326 700 2355 ,
716 2286 750 2343 31
763 2306 771 2341 ι
784 2285 934 2361 Σιμωνίδης
944 2288 1045 2365 ἔρωτι]-
1090 2292 1124 2351 τδι
1138 2290 1255 2369 πρωτεῖα
1268 2286 1365 2363 διδούς,
1380 2291 1413 2366 τῇ
1426 2286 1550 2367 φρονήσει
1560 2283 1587 2343 δὲ
1597 2284 1629 2344 τὰ
1645 2285 1800 2361 δευτερεῖα.
1818 2284 1886 2359 Ἀρί-

261 2369 312 2434 θεὶς
324 2368 432 2449 πότερον
445 2369 614 2450 αἱρετώτερον
630 2377 742 2439 πλοῦτος
758 2371 775 2442 ἣ
789 2373 884 2453 σοφία,
899 2375 957 2433 θύοι
969 2366 1043 2447 οἶδα,
1091 2400 1202 2442 στιππος
1220 2375 1247 2434 δὲ
1260 2378 1306 2433 ἀπ’
1316 2374 1462 2442 ἒναντίαςθ
1476 2372 1643 2452 Σωκρατικὸς
1654 2370 1746 2449 ἔλεγε,
1765 2370 1884 2447 espect·

261 2458 321 2540 isit,
330 2460 384 2537 δρῶ
399 2456 489 2534 (timi
502 2482 533 2538 γε
546 2464 606 2527 τοὺς
618 2460 715 2541 σοφοὺς
729 2462 773 2519 ent
790 2462 838 2529 τίς
848 2466 900 2521 τῶν
912 2462 1044 2521 πλουσίων
1090 2468 1136 2524 λοθ
1152 2464 1252 2522 δεῖσθαι
1264 2469 1351 2541 χεῖρον
1369 2452 1435 2520 εἶναι
1448 2466 1494 2521 τοῦ
1511 2460 1686 2540 προσαιτεῖν.)

261 2547 339 2626 θύρας
365 2551 529 2628 φοιτῶντας..
545 2548 580 2605 Ιιι
603 2550 724 2608 eandem
758 2553 929 2610 sententiam
959 2552 1045 2609 Anti·
1133 2573 1169 2615 ιι.
1195 2548 1395 2625 λοιδορούμενός
1409 2572 1473 2608 ποτε
1482 2547 1618 2627 ἀνεχώρει·
1629 2551 1676 2605 τοῦ
1687 2546 1713 2602 δ’
1726 2544 1885 2604 ἐπιδιώκον-

262 2635 376 2695 sthenes
393 2635 471 2715 apud
482 2635 629 2695 Stobaeunr
646 2638 723 2699 Flos.
741 2637 796 2709 ΙΙΙ,
810 2640 865 2708 46:
879 2637 1044 2710 Ἀντισθένης
1091 2664 1134 2707 τος
1149 2639 1277 2711 εἰπόντος,
1291 2638 1326 2698 Τί
1340 2637 1458 2717 φεύγεις)
1474 2634 1553 2711 Ὅτι,
1568 2634 1649 2715 φησί,
1661 2638 1710 2691 τοῦ
1726 2634 1781 2707 μὲν
1798 2637 1884 2697 κακῶς

261 2724 399 2804 ἐρωτηθείς
410 2724 436 2783 τί
448 2724 549 2796 δήποτε
559 2728 610 2806 ούχ
625 2728 650 2783 oi
664 2727 784 2787 πλούσιοι
800 2730 865 2807 πρὸς
878 2726 937 2794 τούς
951 2729 1044 2808 σοφούς
1091 2730 1176 2807 λέγειν
1195 2725 1226 2785 σθ
1242 2724 1291 2797 τὴν
1306 2724 1423 2795 ἐξουσίαν
1434 2724 1517 2803 ἔχεις,
1533 2732 1578 2783 τοῦ
1593 2722 1621 2781 δὲ
1637 2722 1675 2799 μὴ
1691 2720 1804 2779 ἀκούειν
1821 2722 1882 2797 ἐγώ.

261 2812 371 2871 ἀπίασιν
386 2814 444 2870 ἀλλ’
459 2810 606 2887 οίνύπαλιν,
619 2801 690 2872 ε’ίπεν
706 2815 748 2873 ὅτι
761 2817 785 2873 οί
801 2814 875 2895 σοφοί
889 2814 936 2892 μὲν
956 2813 1042 2874 ἴσασιν
1134 2818 1291 2896 (Diogenes
1305 2814 1440 2874 Laertius
1452 2814 1506 2876 tib.
1521 2813 1561 2884 ΙΙ,
1579 2834 1626 2885 7⁰·
1642 2810 1884 2869 AliterStobaeus
1961 2868 1962 2875 ,

260 2890 297 2957 ὧν
310 2901 380 2959 ἔστιν
394 2900 481 2965 eieci<
492 2898 571 2978 χρῑία
581 2900 698 2981 spireio
716 2900 787 2981 βίον·
802 2906 827 2961 σί
839 2901 867 2959 δὲ
882 2904 930 2962 ούιι
941 2902 1043 2961 ίσαοιν·
1092 2904 1170 2964 flor.
1185 2902 1270 2976 xix,
1288 2904 1305 2961 6
1321 2924 1327 2959 :
1343 2900 1510 2980 Ἀρίστιππος
1524 2903 1703 2981 λοιδοροῦντος
1720 2901 1805 2957 αὐτόν
1822 2922 1886 2966 τινος

262 2989 318 3046 ἐπεὶ
330 2990 431 3065 μᾶλλον
442 2988 534 3068 σοφίας
546 2992 565 3062 ἢ
579 2990 725 3069 χρημάτων
735 2993 932 3068 ἐπεμελοῦντο.)
1089 2993 1149 3075 ἔφη·
1163 2996 1218 3054 Τοῦ
1237 2991 1283 3070 μὲν
1299 2991 1382 3068 λίγειν
1397 2994 1486 3059 κακῶς
1508 2989 1540 3050 σθ
1562 2989 1651 3070 κύριος
1671 2981 1716 3063 si,
1731 2997 1781 3050 τοῦ
1799 2991 1832 3052 δὲ
1849 2992 1887 3048 δι-

304 3097 328 3136 s.
351 3076 555 3153 Ὀνειδιζόμενός
573 3082 632 3136 ποτ’
645 3078 688 3136 ἐπὶ
706 3083 744 3159 τῷ
763 3081 913 3147 πολυτελῶς
930 3083 976 3151 ζῆν
992 3079 1044 3139 ὑπὸ
1089 3079 1170 3147 καίως
1185 3079 1288 3137 ἀκούειν
1311 3076 1393 3156 ἐγώ.)

262 3161 422 3237 Πλάτωνος,
438 3165 499 3244 ἔφη,
514 3155 583 3245 ’Ἆρα
598 3165 717 3245 φαίνεταί
729 3189 769 3226 eor
784 3167 917 3233 Διονύσιος
932 3165 1043 3245 οίγαθύι;
1130 3189 1164 3229 rs.
1189 3166 1315 3232 Είπόντος
1330 3164 1412 3236 τινός,
1428 3169 1463 3230 ὡς
1478 3164 1518 3224 uisi
1536 3163 1597 3231 τούς
1610 3163 1773 3246 φιλοσόφους
1791 3163 1886 3241 βλέποι

259 3257 307 3312 τοῦ
328 3254 351 3310 δ’
370 3252 593 3330 ὁμολογήσαντος,
608 3255 662 3314 Καὶ
677 3253 740 3329 μήν,
752 3254 817 3336 ἔφη,
833 3258 864 3335 ζῇ
879 3255 943 3330 ἐμοῦ
964 3258 1044 3314 πολυ·
1089 3255 1162 3335 παρὰ
1178 3263 1236 3322 ταῖς
1260 3258 1311 3313 τῶν
1325 3252 1458 3312 πλουσίων
1476 3252 1573 3333 θύραις·
1591 3252 1645 3312 Καὶ
1666 3251 1781 3330 γὰρκαὶ
1796 3257 1820 3310 oi
1846 3255 1886 3309 is·

260 3341 418 3422 τελίστερον·
435 3341 497 3402 ὥστ’
513 3341 585 3402 oseti
600 3343 697 3403 κωλύει
710 3343 755 3403 καὶ
770 3346 919 3411 πολυτελῶς
934 3343 978 3402 καί
993 3368 1043 3404 κοι-
1090 3342 1162 3421 τροί,
1178 3341 1261 3423 φησί,
1287 3339 1361 3421 ποιρθι
1382 3343 1439 3406 ταῖς
1461 3344 1514 3399 τῶν
1531 3339 1684 3400 νοσούντων·
1706 3339 1771 3399 ἀλλ’
1796 3341 1825 3396 ού
1843 3338 1885 3396 διδ

259 3431 312 3498 ditis
325 3433 383 3502 ζῆν·
1092 3429 1170 3491 τοῶτύ
1182 3455 1222 3498 τις
1236 3427 1314 3489 ἕλοιτ’
1331 3427 1362 3488 διν
1378 3431 1461 3488 νοσεῖν
1476 3427 1493 3500 ἢ
1507 3429 1647 3508 ἰατρεύειν.

261 3814 416 3878 percepisset,
432 3816 525 3872 Posse,
540 3812 633 3874 inquit,
647 3823 707 3859 cnm
719 3810 839 3860 omnibns
857 3807 970 3868 fidenter
985 3819 1044 3880 con·
1122 3815 1159 3860 tt.
1177 3813 1303 3874 Ingressus
1316 3809 1445 3873 atiquendo
1458 3809 1591 3860 meretricis
1607 3809 1715 3870 domum,
1728 3823 1812 3872 quurn
1826 3824 1886 3860 eru·
1961 3799 1962 3876 (

261 3903 371 3952 versari.
603 3937 607 3942 ¹
1092 3898 1200 3950 besceret
1214 3898 1312 3962 quidam
1325 3897 1527 3960 eoruniquieum
1540 3895 1887 3959 ipsoerantadetesoentinm,

291 3995 314 4040 7.
332 3984 653 4051 Reprettensusetiqnando,
666 3984 731 4047 quod
748 3983 873 4045 magnifice
894 3983 1001 4043 Viveret,
1017 3986 1046 4032 Si
1090 3989 1147 4038 Non
1161 3986 1343 4048 tnnredt,ait‚
1358 3985 1404 4035 sed
1419 3983 1507 4048 egredi
1527 3984 1818 4047 nonpossemotestum
1834 3991 1887 4036 est.
1961 4003 1962 4014 ι

261 4079 318 4138 too,
332 4076 420 4140 inquit,
430 4073 636 4136 vituperandum
646 4075 724 4148 esset,
735 4071 828 4121 diebus
841 4070 951 4120 deornm
965 4070 1044 4134 festis
1122 4082 1162 4127 ιι.
1182 4081 1263 4136 Quum
1275 4076 1349 4125 tiomo
1369 4075 1516 4138 nescioquis
1532 4075 1635 4136 aenigma
1649 4073 1692 4136 ipsi
1712 4075 1889 4136 proposuisset

260 4180 293 4218 oc
302 4162 460 4223 solemnibus
474 4174 527 4212 non
539 4158 626 4224 fieret.
854 4192 856 4197 ·
1088 4163 1162 4226 idque
1175 4163 1205 4212 ab
1217 4177 1246 4212 eo
1259 4162 1320 4211 solvi
1333 4161 1425 4212 rettet:
1444 4160 1524 4222 Quid,
1534 4159 1620 4222 inquit,
1628 4160 1720 4220 stulte,
1728 4171 1770 4209 me
1780 4161 1888 4210 sotrere

292 4261 316 4305 s.
333 4251 467 4304 sciscitanti
486 4249 616 4312 Dionysio,
637 4261 682 4298 eur
700 4246 835 4311 philosophi
857 4246 959 4296 divitum
981 4246 1045 4295 tores
1083 4251 1174 4312 jubes,
1190 4250 1356 4314 quodetiam
1373 4250 1485 4312 ligatum
1503 4249 1575 4298 nodis
1597 4250 1731 4309 negotium
1751 4249 1887 4298 exstitere

262 4343 398 4407 frequenter
409 4339 517 4399 adirent,
538 4337 627 4387 divites
647 4341 729 4386 autem
747 4334 945 4398 philosophorum
961 4333 1045 4384 domos
1123 4343 1159 4390 13.
1178 4339 1296 4388 Praestare
1314 4337 1394 4400 ajebat
1416 4337 1555 4402 mendicpm
1569 4348 1622 4386 osse
1642 4348 1716 4397 quam
1737 4335 1886 4398 indoctum

262 4431 386 4489 sonitem,
397 4427 533 4490 repandit:
547 4424 620 4484 Quod
629 4421 882 4486 illiidtmtsttibm
893 4422 1029 4484 indiscunt
1037 4438 1046 4484 ‚·
1088 4428 1157 4478 ittum
1172 4427 1237 4478 enim
1253 4427 1377 4490 pecuniis,
1390 4427 1455 4475 huuc
1467 4425 1700 4486 humanitateegere.

262 4525 292 4571 ot
304 4520 332 4571 ttt
348 4520 477 4569 ποεοίιιπί.
1122 4513 1159 4556 tt.
1178 4509 1262 4564 Quum
1275 4503 1528 4568 aliquandoronrieiis
1545 4505 1711 4564 incesseretur,
1726 4503 1831 4566 abibat,
1849 4507 1886 4556 iu·
1961 4565 1962 4586 γ

295 4616 318 4659 s.
336 4607 501 4671 Ιίορτείιοιιοιιο
521 4616 537 4653 a
559 4603 658 4653 Ptatone
671 4599 807 4664 quondam,
833 4599 900 4663 quod
918 4600 1044 4662 magnifice
1088 4596 1208 4644 sectatore
1227 4605 1300 4654 νοισ,
1312 4593 1472 4654 eureugeret
1491 4591 1663 4655 interrogante,
1680 4593 1827 4654 Quoniam,
1843 4595 1883 4642 in-

264 4694 377 4744 viseret:
396 4694 503 4748 Nonne,
516 4687 611 4750 inquit,
635 4689 678 4736 etr
698 4685 779 4735 tonus
800 4683 848 4735 titt
862 4683 968 4734 uidetur
990 4695 1045 4732 esse
1088 4683 1157 4746 quit,
1169 4679 1347 4732 maledicendi
1366 4684 1394 4731 tu
1406 4683 1564 4745 potestatem
1583 4679 1734 4740 notamen
1755 4691 1813 4730 non
1828 4695 1881 4731 σιε-

265 4782 428 4845 Dionysius?
439 4781 475 4828 Eo
482 4776 647 4827 assentiente:
664 4777 742 4836 Atqui
754 4774 814 4836 tlte,
824 4773 871 4834 ait,
886 4784 927 4822 me
936 4772 1045 4821 leutitia
1088 4769 1178 4819 δίοποι·
1193 4769 1336 4819 tteenttom.

263 4872 380 4935 superat.
396 4867 568 4927 Quamobrem
582 4864 650 4915 nituit
668 4863 769 4925 obstat,
785 4864 923 4926 quominus
944 4863 970 4911 et
988 4873 1044 4910 mo·
1123 4863 1160 4906 15.
1178 4855 1275 4907 Dicenti
1300 4853 1413 4917 cuidam,
1433 4868 1460 4906 se
1478 4854 1633 4918 ptiitosoptios
1653 4865 1750 4915 semper
1769 4855 1881 4905 divitum

264 4957 355 5021 qntfiee
367 4961 393 5008 et
404 4956 508 5007 honeste
518 4957 642 5006 strumus.
1090 4945 1183 4996 toribus
1194 4945 1300 4995 astantes
1315 4943 1411 5006 ridere,
1425 4946 1461 4994 Et
1474 4944 1583 4998 mediet,
1606 4941 1696 5004 inquit,
1711 4947 1881 5004 «egrotorum

297 5049 336 5098 ts.
353 5046 535 5108 Interrogatus,
549 5055 598 5105 qus
613 5055 640 5092 re
659 5040 723 5091 docti
739 5039 843 5090 indoctis
862 5037 1044 5099 mteeeitereut,
1088 5031 1191 5094 sununs
1205 5035 1311 5092 astum,-
1327 5044 1401 5083 nemo
1413 5035 1501 5082 tomen
1511 5034 1565 5091 est,
1575 5032 1623 5094 ent
1637 5028 1734 5080 ideirco
1742 5033 1882 5093 egrotare

268 5131 478 5196 eademnque,
491 5143 544 5196 quo
558 5129 652 5181 dornttt
661 5130 721 5193 eqni
735 5126 873 5178 indomitis.
1089 5124 1167 5176 mottt
1177 5137 1257 5190 qnam
1271 5123 1377 5175 mederi.
