3959 5925
337 424 433 468 bssl'l

335 535 399 594 sire
416 535 542 613 majores
559 537 621 594 sire
643 537 772 594 minores
788 536 946 610 recitabat,
962 555 997 593 ea
1016 534 1115 593 condi·

335 625 431 695 tione,
456 639 487 683 ut
515 645 532 682 a
560 626 686 701 singulis
710 624 895 684 auditoribus
918 624 965 681 vel
996 624 1118 701 singulae

335 711 479 769 drachmae
498 712 544 768 vel
567 711 646 770 hinae
660 713 708 772 vel
724 726 890 789 quaternae,
906 730 1117 789 nonnunquam

333 801 420 857 etiam
436 801 652 878 quinquagenae
672 802 880 880 penderentur.
910 803 962 857 tt
985 802 1119 877 quamvis

334 886 398 963 ejus
421 888 534 963 ingenii
568 903 755 947 monumenta
783 888 941 947 verborum
966 892 1119 947 sententia·

334 995 459 1053 rumque
480 976 641 1035 luminibus
657 977 796 1035 distincta
816 989 931 1047 essent,
948 989 1044 1034 tamen
1059 997 1119 1033 vox

334 1063 398 1140 ejus
422 1066 520 1139 gravis
536 1065 725 1123 audientibus
748 1063 910 1141 injucunda
932 1077 1009 1136 erat,
1033 1077 1119 1141 atque

335 1152 480 1211 interdum
496 1156 583 1214 etiam
611 1153 736 1211 obscura
761 1152 834 1231 (ια).
878 1153 978 1229 ltaque
994 1153 1049 1211 hoc
1069 1154 1118 1211 vi-

334 1242 408 1298 tium
423 1254 451 1298 et
467 1243 498 1299 in
519 1242 637 1301 dicendi
657 1243 796 1317 magistro
808 1255 837 1299 et
852 1243 883 1299 in
898 1254 1030 1312 oratore,
1045 1262 1117 1317 quo·

335 1328 505 1405 tiescunque
524 1329 683 1405 legationes
697 1329 810 1402 obibat,
826 1330 1039 1408 deprehensum
1063 1343 1115 1389 est.

334 1416 480 1475 Nimirum
506 1438 581 1496 saepe
605 1419 762 1475 Prodicum
784 1418 951 1477 honoribus
967 1433 999 1477 et
1020 1420 1117 1497 reipu-

333 1504 419 1563 blicae
435 1506 606 1565 muneribus
620 1508 805 1585 perfunctum
824 1527 887 1567 esse
902 1521 1022 1565 testatur
1036 1507 1118 1565 Plato

334 1593 367 1650 in
389 1594 501 1672 Hippia
523 1594 634 1671 majore
668 1596 741 1671 (ιθ).
783 1597 886 1666 Qualis
913 1610 1008 1654 autem
1031 1596 1119 1654 luerit

333 1681 534 1759 philosophus,
548 1702 565 1739 e
579 1702 676 1741 rerum
688 1685 830 1743 varietate
844 1706 930 1763 quam
945 1686 976 1743 in
986 1687 1119 1743 acroasi-

333 1880 439 1935 έπίδειξιν
449 1878 585 1935 ἐποιήσατο.
597 1880 666 1928 Plato
675 1880 765 1941 Tlteag.
779 1894 802 1942 ρ.
815 1884 859 1930 127
871 1894 921 1941 seq.
936 1900 941 1927 ι
953 1880 1034 1941 ἔπειτα
1042 1882 1062 1929 εί
1073 1882 1118 1942 άρα

332 1953 372 2005 τῆς
385 1950 427 2011 μὶν
439 1954 486 1997 τῶν
501 1952 626 1998 πολιτικῶν
638 1950 727 2012 ἀνδρῶν
740 1951 864 2005 συνουσίας
883 1950 974 2009 θεάγςς
988 1950 1027 1998 ὅδε
1045 1966 1117 1998 κατα-

332 2025 424 2081 φρονεῖ,
444 2020 527 2076 ἀλλους
548 2022 574 2068 δέ
592 2038 654 2076 τινας
680 2025 742 2077 ζητεῖ
761 2024 784 2070 οῖ
799 2024 916 2068 παιδεύειν
938 2021 1117 2081 ἐπαγγέλλονται

332 2088 378 2138 olai
391 2105 417 2138 τε
432 2090 491 2138 εἶναι
503 2092 568 2147 νέους
580 2092 729 2153 ἀνθρώπως,
740 2092 804 2140 ἐστιν
817 2092 914 2139 ἐνταῦθα
925 2092 966 2139 καὶ
981 2092 1094 2153 Πρόδικος
1105 2092 1118 2139 ό

332 2162 402 2215 Κεῖος
420 2162 460 2208 καὶ
476 2161 575 2225 Γοργίας
590 2164 604 2209 ό
625 2164 747 2217 Λεοντῖνος
760 2162 802 2211 καί
818 2162 899 2217 Πῶλος
915 2163 929 2209 d
943 2165 1117 2222 Ἀκραγαντῖνος

333 2231 374 2276 καὶ
390 2229 456 2277 ἄλλοι
469 2230 568 2289 πολλοί,
581 2233 603 2279 οἳ
615 2232 678 2279 οὕτω
694 2232 761 2293 σοφοί
774 2234 849 2292 εἰσιν,
862 2232 923 2279 ὥστε
934 2232 967 2287 τίς
980 2232 1021 2285 τὰς
1040 2230 1117 2285 πόλεις

332 2298 405 2355 ίόντες
418 2300 525 2348 πείθουσι
545 2305 592 2348 τῶν
607 2302 665 2349 νέων
679 2302 732 2357 τοὺς
750 2302 923 2361 γενναιοτάτους
941 2316 967 2348 τε
983 2302 1024 2347 καί
1043 2301 1117 2347 πλου-

333 2368 478 2427 σιωτάτους,
492 2370 528 2426 οῖς
541 2371 615 2425 ἔξεστι
626 2376 673 2419 τῶν
685 2374 787 2420 πολιτῶν
805 2372 826 2434 ᾧ
841 2374 870 2420 ἂν
887 2372 1017 2434 βούλωνται
1032 2376 1119 2431 προῖκα

334 2444 454 2501 συνεῖναι,
467 2439 563 2497 τούτους
572 2442 692 2490 πείθουσιν
700 2441 869 2497 ἀπολείποντας
880 2442 921 2497 τὰς
933 2441 1027 2489 ίκείνων
1036 2456 1117 2489 συνου-

335 2510 387 2566 σίας
399 2512 477 2565 αὐτοῖς
490 2514 607 2568 συνεῖναι,
622 2514 848 2572 προσκατατιθέντας
863 2513 970 2575 ἀργύριον
985 2511 1046 2559 πάνυ
1058 2513 1117 2560 πολὺ

335 2581 426 2643 μισθόν,
436 2583 476 2629 καί
486 2581 553 2643 χάριν
562 2582 618 2643 πρὸς
630 2583 719 2637 τούτοις
728 2584 821 2631 εἰδέναι.
832 2582 869 2633 ld.
880 2581 948 2643 apol.
958 2586 1026 2631 Socr.
1039 2596 1061 2642 μ.
1072 2587 1099 2631 19
1108 2602 1114 2631 ι

332 2654 383 2701 ίπεί
401 2654 441 2700 καὶ
460 2652 531 2701 τοῦτό
545 2651 567 2713 γ’
579 2653 630 2715 ἐμοὶ
643 2654 708 2702 δοκεῖ
719 2655 791 2702 καλὸν
811 2654 887 2713 εἶναι,
905 2653 926 2701 τί
940 2669 973 2708 τις
985 2651 1034 2707 οῖός
1048 2651 1067 2700 τ’
1078 2654 1115 2711 εῖη

331 2722 449 2771 παιδεύειν
459 2723 594 2785 ἀνθρώπους
607 2725 688 2785 ῶσπερ
700 2724 797 2785 Γοργίας
809 2740 834 2772 τε
845 2725 859 2772 ό
873 2727 994 2779 Λεοντῖνος
1006 2724 1046 2771 καί
1058 2724 1117 2785 Πρό·

331 2793 394 2847 δικος
406 2790 499 2848 όΚεῖος
509 2794 549 2841 καί
560 2794 654 2849 Ἱππίας
667 2794 692 2842 δε
702 2795 715 2841 ό
726 2792 825 2849 Ἡλεῖος.
842 2794 937 2842 Τούτων
951 2794 996 2855 γὰρ
1008 2794 1115 2853 ἕκαστος,

332 2864 353 2911 ab
372 2864 465 2926 ἄνδρες,
482 2864 530 2919 οἷός
551 2861 572 2912 τ’
585 2864 648 2912 ἐστίν
671 2865 713 2911 ἰὼν
734 2866 766 2919 είς
780 2864 882 2921 ἑκάστην
893 2869 940 2912 τῶν
953 2864 1045 2913 πόλεων
1064 2866 1117 2921 τοὺς

331 2936 412 2995 νίους,
425 2934 459 2990 οῖς
471 2934 546 2990 ἔξεστι
557 2938 605 2982 τῶν
619 2936 709 2984 ἑαυτῶν
723 2937 824 2984 πολιτῶν
834 2940 919 2998 προῖκα
934 2937 1031 2992 ξυνεῖναι
1049 2935 1069 2998 ᾧ
1087 2938 1116 2985 ἂν

332 3005 478 3067 βούλωνται,
496 3006 590 3059 τούτους
602 3005 710 3054 πείθουσι
723 3007 764 3062 τάς
781 3007 876 3055 ἐκείνων
897 3007 1018 3062 ξυνουσίας
1036 3008 1116 3056 ἀπόλι·
1136 3000 1142 3022 '

333 3075 421 3131 πάντας
434 3075 500 3134 σφίσι
512 3075 611 3130 ξυνεῖναι
628 3076 736 3137 χρήματα
747 3077 851 3132 διδόντας
860 3078 900 3124 καί
913 3076 980 3139 χάριν
995 3079 1114 3139 προσειδί-

331 3161 378 3192 ναι.
393 3143 555 3204 Ρεευιλορλιιεο
576 3145 678 3193 Αιίοοίι.
693 3159 720 3206 ρ.
736 3150 802 3194 bot:
819 3147 859 3194 καὶ
880 3151 955 3194 ταῦτα
973 3147 998 3194 δὲ
1018 3146 1034 3194 ἀ
1055 3149 1116 3208 λέγω

332 3217 451 3279 Προδίκου
464 3214 514 3263 ἐστὶ
526 3219 568 3264 τοῦ
577 3221 651 3276 σοφοῦ
661 3217 820 3280 άπηχήματα,
830 3218 860 3264 τά
869 3217 911 3279 μέν
923 3216 1028 3280 διμοίρου
1041 3218 1116 3274 ἐωνη·

332 3289 407 3349 μένα,
421 3287 452 3334 τά
469 3286 494 3334 δὲ
510 3286 573 3335 δυεῖν
587 3287 718 3350 δραχμαῖν,
735 3289 766 3338 τὰ
779 3290 803 3338 δὲ
821 3289 1005 3352 τετραδράχμου.
1024 3293 1116 3352 Προῖκα

331 3361 376 3423 γὰρ
390 3359 449 3422 ἀνὴρ
463 3357 531 3414 οίπος
546 3360 629 3408 οὐδένα
649 3359 767 3422 διδάσκει,
780 3361 819 3410 διὰ
833 3362 920 3416 παντὸς
941 3362 966 3410 δέ
987 3362 1037 3417 ἔθος
1053 3361 1115 3410 ἐστίν

331 3430 396 3493 αὐτῷ
409 3434 495 3492 φωνεῖν
514 3425 547 3478 ’τό
565 3431 777 3494 ’Σπιχάρμειον,ά
794 3432 820 3480 δὲ
836 3433 887 3493 χείρ
900 3432 943 3480 τάν
962 3437 1031 3493 χεῖρα
1045 3432 1114 3488 νίζον

331 3501 369 3556 δός
381 3519 419 3562 τι,
436 3501 476 3548 καί
491 3499 547 3548 λάόε
560 3516 591 3548 τι.
609 3501 676 3549 Plalo
694 3503 784 3563 Gralyl.
799 3516 824 3563 ρ.
835 3505 880 3550 384
896 3516 902 3549 :
917 3503 938 3550 εί
952 3503 993 3562 μὲν
1008 3499 1048 3549 ούν
1068 3503 1116 3560 ἐγὼ

330 3571 376 3629 ἢδη
386 3571 496 3630 ἠκηκόειν
509 3571 573 3632 παρὰ
586 3570 704 3632 Προδίκου
717 3572 759 3629 τήν
769 3572 1017 3634 πεντηκοντάδραχμον
1030 3571 1115 3620 ἐπίδει-

331 3642 381 3703 ξιν,
401 3644 430 3700 ἢν
445 3642 574 3691 ἀκούσαντι
594 3641 695 3703 ύπάρχει
711 3643 764 3704 περὶ
788 3647 858 3691 τοῦτο
878 3643 1060 3701 πεπαιδεῦσθαι,
1084 3644 1116 3698 ὣς

331 3729 400 3773 φησιν
414 3713 516 3771 ἐκεῖνος,
530 3711 596 3760 οὐδέν
611 3712 639 3758 άν
652 3713 740 3760 ἐκώλυέ
758 3729 786 3761 σε
800 3713 886 3761 αὐτίκα
901 3712 964 3774 μάλα
978 3715 1062 3762 εῖδέναι
1075 3716 1115 3773 τήν

332 3783 439 3835 ἀλήθειαν
448 3781 499 3844 περὶ
517 3780 637 3841 ὀνομάτων
651 3781 789 3843 ὀρθότητος·
800 3787 840 3830 νῦν
852 3783 877 3831 δὲ
889 3783 933 3831 οὐκ
944 3783 1046 3844 ἀκήκοα,
1057 3784 1116 3832 ἀλλά

333 3854 376 3909 τὴν
391 3852 547 3913 δραχμιαίαν·
564 3852 648 3900 ούκουν
664 3853 718 3901 οἶδα
735 3859 769 3914 πῇ
781 3870 838 3902 ποτε
854 3855 881 3902 τό
895 3853 977 3911 ἀληθὲς
995 3853 1043 3916 ἔχει
1064 3857 1115 3918 περὶ

331 3925 378 3980 τῶν
392 3921 513 3968 τοιούτων.
524 3920 663 3970 Aristoteles
675 3923 744 3972 Rhet.
754 3925 798 3981 tn,
814 3927 852 3982 τί,
864 3938 887 3985 ρ.
902 3927 960 3973 ttts
974 3923 1036 3972 bed.
1053 3925 1115 3974 ltel-

331 3991 385 4040 lter.
398 4003 404 4033 =
415 3994 485 4039 raino
495 3993 515 4038 δ’
527 3991 603 4050 ἐστίν,
616 3993 695 4054 ὥσπερ
704 3995 747 4054 ἔφη
759 3995 889 4056 Πρόδικος,
899 3995 938 4043 dre
951 3993 1083 4052 νυστάζοιεν
1093 3999 1116 4046 ol

965 404 1016 463 Illi
1039 404 1209 465 Puontco
1231 403 1305 464 CEO

1164 534 1219 594 bus
1236 533 1376 593 tractabat
1400 535 1501 611 colligi
1526 548 1651 613 oportet.
1697 537 1766 597 llam
1788 534 1826 594 de
1850 554 1927 612 gram·

1167 625 1272 683 matica
1288 622 1346 703 (rt.)
1363 624 1404 681 ita
1416 623 1562 683 subtiliter
1579 623 1761 703 disputabat,
1774 638 1809 683 ut
1822 626 1930 685 vocabu-

1163 838 1203 885 καὶ
1218 838 1276 900 βαρὺ
1294 838 1489 901 φθεγγόμενος·
1500 837 1549 900 (13)
1563 835 1619 886 vid.
1631 838 1713 887 annot.
1725 844 1764 887 λθ.
1776 837 1867 899 -(1t)
1878 841 1929 888 Plato

1165 907 1271 969 llulltyd.
1282 920 1304 968 μ,
1319 912 1363 958 277
1375 911 1411 959 E:
1422 914 1515 972 πρῶτον
1524 908 1578 971 γάρ,
1589 909 1621 965 ῶς
1633 907 1885 973 φησι,11ρόδικος,περ“ι
1894 910 1929 957 διο

1164 977 1244 1039 μάτων
1257 977 1379 1039 ὀρθότητος
1395 982 1476 1041 μαθεῖν
1490 980 1533 1027 δεῖ.
1546 978 1582 1027 ld.
1597 979 1671 1028 bault.
1692 992 1714 1039 μ.
1737 982 1813 1028 1971)
1828 998 1834 1027 ε
1849 980 1899 1039 μηδέ
1910 998 1928 1040 γε

1164 1051 1247 1114 εῖπης,
1261 1052 1281 1101 ὦ
1297 1052 1396 1115 Λάχης,
1410 1054 1451 1101 καί
1463 1052 1508 1116 γάρ
1522 1068 1561 1112 μοι
1577 1053 1653 1107 δοκεῖς
1668 1051 1721 1100 otti
1736 1052 1768 1113 μὴ
1781 1052 1893 1113 ᾐσθῆσθαι
1903 1056 1927 1101 ia.

1165 1122 1203 1169 θδε
1217 1123 1303 1179 ταύτην
1319 1124 1363 1180 τήν
1375 1123 1459 1185 σοφίαν
1470 1122 1533 1184 παρὰ
1546 1123 1660 1183 Δάμωνος
1674 1126 1716 1170 τοῖν
1730 1122 1848 1185 ἡμετέρου
1858 1124 1928 1185 ἑταίραν

1163 1195 1319 1255 παρείληφεν,
1332 1196 1345 1243 ό
1363 1194 1388 1243 δὲ
1402 1194 1490 1256 Δάμων
1502 1199 1536 1257 τῷ
1552 1194 1662 1257 Προδίκῳ
1677 1192 1752 1241 πολλὰ
1768 1194 1899 1251 πλησιάζει,
1911 1198 1928 1249 δ;

1164 1264 1192 1321 δὴ
1207 1264 1272 1311 δοκεῖ
1287 1268 1334 1313 τῶν
1348 1269 1467 1326 σοφιστῶν
1482 1262 1595 1312 κάλλιστα
1614 1265 1642 1312 τά
1660 1267 1757 1312 τοιαῦτα
1769 1262 1875 1324 ὀνόματα
1884 1266 1926 1311 dru-

1163 1339 1219 1393 ρεῖν.
1242 1333 1278 1382 ld.
1296 1336 1392 1395 Prolag.
1412 1347 1435 1394 p.
1455 1336 1536 1383 ³40ss
1560 1346 1634 1395 sem:
1657 1333 1783 1381 κινδυνεύει
1801 1334 1929 1395 raptanda

1166 1402 1326 1467 Ιῖρωταγόρα,
1342 1406 1358 1460 ἡ
1376 1402 1493 1466 Προδίκου
1506 1404 1577 1463 σοφία
1593 1402 1644 1451 θεία
1656 1418 1691 1457 τις
1710 1402 1769 1451 εῖναι
1789 1403 1877 1462 πάλαι,
1891 1406 1928 1460 iro.

1163 1473 1210 1523 ἀπὸ
1223 1475 1353 1535 Σιμωνίδου
1371 1474 1501 1535 ἀρξαμένη,
1520 1475 1588 1531 ἣκαί
1602 1475 1635 1521 in
1647 1474 1799 1537 παλαιοτέρα.
1819 1476 1884 1523 Σὺδὲ
1900 1480 1928 1522 αλ-

1163 1542 1209 1591 λων
1221 1545 1313 1591 πολλῶν
1330 1544 1437 1607 ἔμπειρος
1457 1544 1491 1591 ῶν
1502 1544 1587 1599 ταύτης
1603 1544 1698 1606 ἀπειρος
1714 1544 1772 1591 εἶναι
1793 1545 1884 1606 φαίνει,
1898 1548 1928 1605 νίν

1164 1614 1244 1675 ὥσπερ
1258 1614 1304 1675 ἐγὼ
1322 1612 1430 1675 ἔμπειρος
1441 1614 1480 1660 διὰ
1490 1613 1517 1661 τό
1528 1614 1631 1672 μαθητής
1642 1614 1700 1662 εἶναι
1714 1615 1837 1677 Προδίκου
1847 1633 1928 1665 τουτον..

1165 1682 1209 1729 Καί
1222 1686 1263 1729 νῦν
1281 1699 1320 1745 μοι
1334 1683 1409 1738 δοκεῖς
1422 1682 1450 1731 οὐ
1469 1684 1591 1745 μανθάνειν
1609 1684 1645 1731 δτι
1658 1684 1698 1732 καί
1711 1684 1740 1732 τὸ
1754 1686 1861 1745 χαλεπόν
1876 1692 1928 1736 τούτο

1162 1752 1220 1806 ἰσως
1232 1754 1277 1814 οὐχ
1291 1752 1353 1801 οὕτω
1364 1753 1495 1813 Σιμωνίδης
1509 1753 1622 1801 θτιελαδεν
1634 1754 1714 1816 ὥσπερ
1723 1754 1753 1802 σὺ
1765 1757 1929 1816 ὑπολαμόάνεις,

1163 1820 1212 1869 ἀλλ’
1221 1822 1301 1885 ῶσπερ
1309 1823 1361 1883 περὶ
1373 1828 1415 1869 τού
1431 1822 1506 1871 δεινοῦ
1517 1822 1631 1885 Πρόδικύς
1642 1840 1671 1887 με
1683 1826 1763 1872 οθτοσί
1783 1828 1885 1874 νουθετεῖ
1892 1828 1929 1875 iai·

1163 1907 1246 1951 στοτε,
1261 1892 1317 1940 ὅταν
1327 1893 1429 1940 ἐπαινῶν
1440 1894 1487 1953 ἐγὼ
1502 1895 1516 1951 ἢ
1527 1896 1554 1942 σὲ
1566 1894 1659 1951 θάλλον
1670 1894 1721 1943 τινὰ
1732 1896 1794 1956 λέγω
1803 1896 1841 1943 ὃτι
1855 1900 1930 1958 Προτι-

1162 1961 1233 2023 γόρας
1246 1963 1316 2021 σοφὸς
1330 1964 1372 2010 καί
1385 1963 1458 2018 δεινός
1473 1964 1535 2011 ἐστιν
1548 1964 1614 2027 ἀνίρ,
1628 1965 1703 2027 ἐρωτᾷ
1715 1966 1735 2013 εί
1747 1966 1792 2013 οὺκ
1805 1967 1930 2028 αἰσχύνομοΙ

1165 2032 1256 2091 τάγαθὰ
1274 2033 1337 2081 δεινὰ
1358 2034 1444 2082 καλῶν.
1460 2036 1494 2082 Τὸ
1516 2034 1561 2096 γὰρ
1582 2034 1671 2093 δεινόν,
1688 2034 1759 2097 ρησί,
1778 2038 1855 2085 κακόν
1872 2040 1929 2085 ἐστιν·

1162 2104 1237 2159 οὐδεὶς
1253 2110 1309 2164 γοῦν
1322 2105 1384 2165 λέγει
1402 2104 1514 2153 ἑκάστοτε
1525 2104 1601 2153 δεινοῦ
1616 2106 1717 2154 πλούτου
1730 2106 1784 2154 οὐδὲ
1795 2108 1870 2165 δεινῆς
1882 2111 1929 2169 elsi,-

1162 2190 1201 2230 νης
1212 2175 1265 2223 οὐδὲ
1280 2176 1356 2232 δεινῆς
1370 2176 1473 2237 θγιείας,
1486 2175 1545 2224 ἀλλὰ
1556 2178 1631 2235 δεινῆς
1646 2176 1717 2225 νόσον
1730 2178 1770 2225 καί
1787 2178 1865 2227 δεινοθ
1876 2182 1929 2227 πολέ-

1163 2260 1208 2303 μου
1227 2246 1266 2292 καὶ
1292 2246 1367 2303 δεινῆς
1380 2245 1475 2307 πενίας,
1493 2248 1526 2301 ὡς
1548 2251 1590 2295 τοῦ
1606 2247 1683 2296 δεινοῦ
1699 2252 1775 2295 κακοῦ
1789 2248 1865 2305 ὄντος.
1877 2252 1930 2305 'laur

1163 2314 1257 2365 οὖνκαὶ
1271 2318 1298 2365 τό
1317 2317 1420 2379 χαλεπόν
1439 2314 1505 2365 οὖσί
1526 2318 1592 2365 Κεῖοι
1609 2318 1649 2365 καί
1666 2318 1679 2365 ό
1694 2317 1825 2379 Σιμωνίδης
1846 2322 1930 2377 bazah

1161 2388 1393 2447 ύπολαμόάνουσινῆ
1408 2388 1465 2437 ἄλλο
1476 2404 1498 2435 τι
1513 2388 1567 2436 tab
1583 2386 1611 2437 οὐ
1627 2388 1758 2447 μανθάνεις.
1773 2388 1891 2453 Ἐρεύμεθα
1902 2392 1929 2439 νύν

1163 2457 1291 2518 λῖρόδικονΙ
1303 2458 1394 2506 δίκαιον
1408 2458 1452 2520 γάρ
1468 2458 1510 2515 τήν
1525 2458 1656 2517 Σιμωνίδου
1667 2460 1744 2520 ρωνην
1757 2465 1842 2509 τοῦτον
1851 2462 1929 2523 ἐρωτᾷν.

1161 2527 1190 2575 Τί
1214 2527 1307 2586 ἔλεγεν,
1328 2528 1348 2575 ὦ
1370 2527 1486 2589 Πρόδτκε,
1506 2528 1534 2575 τὸ
1557 2528 1662 2589 χαλεπὸν
1682 2530 1828 2591 Σιμωνίδηςς
1853 2535 1929 2589 tara,
1953 2544 1954 2549 ’

1162 2598 1274 2660 ἔφηδιὰ
1290 2598 1358 2646 ταῦτ’
1373 2599 1418 2661 οῖρα
1433 2598 1473 2646 καὶ
1489 2599 1617 2659 μέμφεται,
1633 2598 1661 2658 ἠν
1675 2599 1696 2647 δ’
1711 2601 1774 2662 ἐγώ,
1791 2602 1812 2649 ὦ
1833 2604 1930 2665 Πρόδικε,

1161 2670 1201 2721 τὸν
1213 2670 1331 2719 Πιττακόν
1344 2671 1442 2729 λέγοντα
1453 2670 1555 2731 χαλεπόν
1569 2669 1651 2718 ἐσθλὸν
1664 2670 1778 2731 ἔμμεναι,
1793 2673 1874 2733 ὥσπερ
1888 2674 1930 2719 ἀντί

1161 2741 1246 2797 ἤκουεν
1258 2740 1329 2788 αὐτοῦ
1343 2742 1449 2799 λέγοντος
1464 2740 1499 2787 δτι
1513 2738 1563 2787 ἐστί
1579 2740 1653 2789 κακὸν
1670 2740 1751 2788 ἐσθλὸν
1761 2741 1869 2802 έμμεναι.
1883 2744 1930 2791 'tila'

1160 2810 1183 2859 τί
1193 2812 1254 2869 olet,
1269 2812 1325 2872 ἔφη,
1341 2810 1430 2870 λέγειν,
1447 2810 1467 2857 d
1483 2810 1620 2872 Σώκρατες,
1632 2810 1762 2873 Σιμωνίδην
1774 2813 1833 2861 ἀλλο
1844 2816 1930 2871 iterim,

1161 2883 1200 2929 καὶ
1217 2881 1334 2937 ὀνειδίζειν
1346 2884 1381 2942 τῷ
1390 2882 1504 2943 Πιττακῷ
1516 2880 1552 2929 ὅτι
1562 2881 1593 2928 τά
1602 2880 1706 2942 ὀνόματα
1720 2882 1764 2931 οὐκ
1779 2884 1893 2941 ἠπίστατο
1904 2886 1931 2947 dp·

1162 2953 1207 3007 θῶς
1219 2952 1320 3013 διαιρεῖν
1337 2952 1377 3000 ἅτε
1390 2951 1489 3007 Λέοόιος
1502 2953 1534 3000 ῶν
1550 2952 1591 2999 καί
1604 2950 1627 3000 ίν
1643 2958 1708 3016 φωνῇ
1722 2953 1835 3016 βαρόάρῳ
1850 2958 1931 3016 τεθρτμ-
1954 2967 1955 3002 t

1161 3024 1241 3084 μένοςς
1265 3023 1366 3078 Ἀκούεις
1385 3022 1429 3083 δή,
1447 3022 1501 3083 ἔφην
1521 3021 1585 3082 ἐγώ,
1608 3023 1806 3088 ὦΠρωταγόρα.
1831 3029 1930 3089 Haedum
1954 3043 1955 3088 ζ

1160 3095 1236 3142 τοῖνδε.
1256 3093 1336 3154 Ἔχεις
1354 3110 1375 3140 τι
1399 3093 1455 3155 πρὸς
1471 3097 1546 3140 ταῦτα
1563 3093 1654 3155 λέγεινς
1678 3095 1724 3142 Kal
1739 3097 1753 3144 ό
1771 3097 1930 3158 Πρωταγόρας,

1161 3165 1253 3212 Πολλοῦ
1268 3179 1296 3222 γε
1310 3163 1360 3220 δεῖ,
1377 3162 1436 3222 ἔφη,
1449 3162 1522 3217 οὕτως
1533 3161 1606 3223 ἔχειν,
1627 3162 1647 3209 δι
1663 3164 1775 3226 Πρόδικε’
1789 3165 1841 3213 ἀλλΙ
1855 3169 1897 3226 ἐγὼ
1912 3167 1931 3214 εί

1160 3233 1204 3283 οἶδ’
1225 3235 1260 3283 ὅτι
1277 3234 1318 3282 καὶ
1335 3232 1468 3294 Σιμωνίδης
1490 3233 1516 3280 τδ
1536 3234 1639 3294 χαλεπόν
1658 3235 1734 3292 ἔλεγεν
1758 3235 1815 3297 ὅπερ
1838 3241 1899 3298 ἡμεῖς
1915 3239 1931 3284 ol

1161 3306 1239 3365 ἄλλοι,
1253 3303 1321 3353 οὐτὸ
1333 3302 1420 3363 κακόν,
1434 3302 1482 3350 ἀλλ’
1494 3303 1508 3350 δ
1522 3303 1550 3351 ἂν
1562 3304 1595 3364 μὴ
1606 3303 1710 3366 ράδιονῇ
1728 3305 1786 3353 ἀλλά
1797 3307 1839 3355 διὰ
1855 3310 1931 3354 πολλῶν

1159 3376 1304 3439 πραγμάτων
1323 3373 1438 3436 γίγνηται.
1453 3374 1521 3422 ’ἀλλὰ
1535 3375 1575 3422 καί
1592 3375 1640 3436 ἐγὼ
1654 3375 1735 3432 οἶμαι,
1748 3377 1821 3437 ἐφη-ν,
1841 3379 1860 3424 rb
1879 3381 1931 3438 Πρω

1160 3449 1262 3510 ταγόρει,
1277 3449 1347 3495 τοῦτο
1359 3446 1434 3504 λέγειν
1451 3445 1600 3506 Σιμωνίδην,
1612 3447 1652 3494 καὶ
1670 3447 1786 3508 Πρόδικὸν
1796 3464 1825 3506 γε
1840 3449 1901 3496 τόνδε
1911 3451 1932 3495 εἰ·

1160 3519 1240 3576 δίναι,
1253 3517 1312 3564 ἀλλὰ
1328 3515 1418 3572 παίζειν
1431 3516 1471 3562 καὶ
1490 3519 1535 3564 σοῦ
1552 3516 1630 3564 δοκεῖν
1650 3517 1840 3578 ἀποπειρᾶσθαι,
1860 3521 1879 3566 εί
1896 3519 1932 3570 aii:

1160 3587 1183 3634 r’
1193 3587 1242 3636 ἔστι
1257 3590 1293 3648 τῷ
1307 3589 1396 3634 σαυτοῦ
1410 3584 1475 3648 λόγῳ
1493 3587 1599 3646 βοηθεῖν,
1613 3586 1663 3634 ἐπεί
1676 3585 1710 3633 ότι
1728 3601 1755 3646 γε
1773 3589 1900 3646 Σιμωνίδης
1912 3589 1932 3634 τί

1160 3659 1221 3717 λέγει
1241 3656 1268 3705 τὸ
1291 3655 1394 3718 χαλεπόν
1421 3655 1511 3716 κακόν,
1530 3657 1590 3716 μέγα
1610 3655 1735 3718 τεκμήριόν
1754 3655 1819 3705 έστιν
1838 3659 1899 3710 εθθίς
1913 3663 1933 3708 τί

1161 3729 1219 3790 μετὰ
1232 3731 1303 3775 τοῦτο
1322 3725 1401 3788 ῥῆμα·
1415 3727 1476 3785 λέγει
1497 3725 1542 3788 γὰρ
1562 3725 1598 3774 ὅτι
1615 3726 1664 3780 θεὸς
1680 3727 1708 3774 ἀν
1724 3725 1792 3787 μόνος
1810 3733 1879 3777 τοῦτο
1894 3729 1932 3788 έχοι

1159 3799 1236 3861 γέρας.
1259 3796 1296 3845 Οὐ
1311 3796 1387 3854 δήπου
1404 3795 1474 3843 τοῦτό
1491 3811 1518 3856 γε
1533 3796 1621 3857 λέγων,
1639 3797 1713 3844 κακὸν
1734 3796 1817 3845 έσθλδν
1836 3800 1932 3858 ἔμμεναι,

1161 3867 1214 3918 εἶτα
1235 3869 1275 3916 τόν
1294 3866 1345 3914 θεὸν
1359 3882 1416 3927 φησι
1434 3865 1503 3924 μόνον
1518 3867 1580 3913 τοῦτ’
1594 3867 1622 3914 ἂν
1637 3867 1700 3930 ἔχειν
1715 3868 1801 3928 καὶτῷ
1819 3872 1867 3930 θεῷ
1878 3873 1933 3916 τοῦτο

1159 3940 1227 4000 γέρας
1247 3937 1356 3997 ἀπένειμε
1374 3933 1452 3998 μόνῳ·
1465 3935 1596 3984 ἀκόλαστον
1612 3935 1657 3997 γάρ
1675 3937 1702 3984 τίν
1717 3951 1771 3983 τινα
1787 3938 1852 3996 λέγει
1868 3941 1933 3986 Σιιια·

1159 4010 1223 4066 νίδην
1243 4007 1385 4070 όΠρόδικος
1405 4006 1445 4052 καὶ
1466 4004 1575 4067 οὐδαμῶς
1600 4008 1676 4054 Κεῖον.
1691 4005 1748 4054 ’ἀλλ’
1772 4007 1788 4054 ά
1814 4025 1855 4068 μοι
1882 4011 1934 4056 δοκεῖ

331 4061 461 4124 &Muli
487 4062 657 4122 παθὶθόἆδδῑῑν
678 4069 718 4121 τῆς
743 4066 998 4129 πῑιῖθθθνῒαῧίάλθθυ
1027 4067 1114 4123 αὺτοῖς·
1160 4081 1303 4129 διανοεῖσθαι
1327 4076 1459 4136 Σιμωνίδης
1480 4075 1504 4124 ἐν
1525 4075 1602 4138 τούτῳ
1621 4081 1657 4138 τῷ
1682 4075 1795 4139 ᾄσματι,
1815 4080 1886 4126 ἐθέλω
1904 4095 1934 4124 σοι

331 4132 488 4183 Philostratus
499 4134 541 4179 vit.
553 4132 656 4192 Sopbisl.
666 4137 770 4184 Prooem.
786 4148 841 4196 μορ.
851 4139 897 4184 ἀνθ
907 4136 945 4185 ed.
960 4138 1041 4186 Olear.
1056 4157 1062 4185 :
1075 4139 1115 4187 καὶ
1160 4152 1247 4210 ,μεῖν’
1266 4151 1286 4198 21
1304 4147 1382 4211 βούλει
1399 4147 1480 4194 γαμεῖν
1499 4162 1545 4207 μου
1563 4152 1646 4210 πεῖρα,
1665 4147 1729 4202 ὅπως
1747 4147 1816 4210 γχω,
1835 4150 1849 4196 ὃ
1864 4153 1891 4197 ab
1905 4151 1933 4195 χ..

330 4204 358 4252 τὸ
373 4202 412 4250 ἐπὶ
426 4205 504 4262 πᾶσι,
524 4205 566 4249 τοῦ
584 4202 655 4262 λόγου
667 4203 706 4252 διὰ
719 4204 833 4252 πλειόνων
849 4205 990 4261 ξνντεθέντος
1003 4205 1115 4268 ἔμμισθον
1159 4237 1207 4279 tut
1218 4223 1303 4277 τοῦτο,
1322 4217 1374 4278 περὶ
1391 4216 1453 4263 ἐρῶν
1464 4228 1468 4239 ·
1480 4215 1520 4263 γὰρ
1539 4215 1564 4264 δὲ
1585 4215 1670 4278 βούλῃ,
1681 4220 1725 4264 σοῦ
1741 4215 1879 4280 &nmmum
1893 4220 1933 4265 ις),

332 4273 440 4329 ῖπίδειίιν
466 4272 569 4320 ἐποιεῖτο
599 4273 721 4334 Πρόδικος.
744 4275 827 4323 Schol.
851 4275 880 4324 ad
901 4275 1023 4336 Aristoph.
1053 4277 1115 4326 Nub.
1161 4288 1453 4348 cf,p10tag,p,3a7t,
1475 4285 1633 4348 emmim.
1650 4287 1818 4347 τρίμηνος)
1836 4303 1861 4350 p,
1874 4292 1933 4338 755,

331 4356 358 4391 V·
371 4346 418 4391 3⁶⁰
432 4344 562 4426 ²2⁰t²⁶fl<
576 4343 601 4390 δὲ
610 4343 638 4402 ἢν
652 4345 665 4392 ὁ
677 4346 791 4427 Πρόδικος
800 4348 856 4402 Χῖος
870 4345 931 4408 Πθθ·
942 4345 1028 4407 Κεῖος)
1038 4347 1065 4394 τὸ
1075 4348 1115 4406 λε’·
1162 4363 1193 4409 Ut
1207 4361 1288 4408 autem
1300 4357 1418 4406 Prodicus
1431 4355 1530 4418 putidus
1546 4359 1674 4406 rerbomm
1694 4355 1815 4419 interpres
1826 4371 1857 4408 ac
1873 4361 1933 4422 sylla-

336 4428 388 4469 νοτ·
403 4415 498 4496 ἤκμασε
510 4414 535 4461 δε
547 4430 608 4460 κατα
623 4414 676 4469 τοὺς
694 4431 789 4478 aanor<
810 4414 956 4479 Σωκράτους.
976 4419 1072 4478 Πρῶτοι
1089 4417 1115 4465 δὲ
1163 4433 1247 4480 λίμνην
1269 4441 1358 4489 auceps
1374 4431 1427 4477 arat
1445 4445 1452 4474 ι
1472 4428 1505 4476 ια
1520 4428 1593 4476 etiam
1608 4427 1715 4486 agatho,
1727 4427 1781 4489 ejus
1795 4429 1933 4492 disciputus,

331 4483 398 4539 οὓτνὶ
412 4500 459 4565 την,
471 4485 719 4567 πῑνῖθθῗνῖᾰθνθλμθν
735 4485 842 4542 ἐπίδειξιν
856 4486 995 4542 ἐποιήσατο·
1015 4488 1113 4547 blmuo-
1159 4501 1184 4550 in
1200 4499 1308 4550 Platonis
1323 4496 1453 4546 convivio.
1471 4500 1505 4547 Ειι
1520 4497 1573 4559 eius
1584 4497 1648 4546 enlm
1660 4498 1769 4546 oratioue
1785 4496 1851 4548 duos
1864 4502 1900 4548 tur
1910 4502 1934 4547 1ο

330 4554 391 4640 γεύει
402 4553 422 4602 δ’
433 4559 506 4639 αυτοῖρ
516 4555 615 4602 Ιῖλατων
625 4554 648 4602 ἐν
658 4559 692 4616 τῷ
703 4555 850 4637 Πρωταγόρᾳ
861 4558 902 4604 καί
912 4557 1023 4637 ’Ξενοφῶν
1034 4557 1056 4605 ir
1066 4562 1115 4614 τοῖς
1159 4584 1201 4620 ω,
1216 4570 1345 4620 afferemus
1355 4567 1454 4616 molesta
1465 4568 1489 4616 in
1500 4567 1600 4630 singulis
1612 4565 1691 4618 verbis
1702 4566 1827 4628 diligentia
1837 4575 1863 4618 er
1873 4583 1934 4631 ⁰99*

331 4630 585 4708 Αποθνθῖξοθθμαθν-
600 4651 634 4709 ᾗ
645 4625 695 4687 (¹²)
713 4629 831 4688 D¹⁰d²¹¹²⁸
843 4630 1003 4688 ΗθῐθθθῙΧν
1014 4634 1043 4676 ⁵⁰
1054 4645 1060 4675 ²
1073 4628 1114 4676 *αἱ
1158 4643 1259 4692 sitomm
1280 4637 1433 4690 multitudine
1450 4637 1563 4700 insignes.
1577 4639 1644 4688 Alter
1656 4641 1693 4686 ert
1706 4651 1729 4699 ρ.
1744 4641 1789 4686 196
1804 4641 1842 4689 tt:
1859 4643 1885 4688 τὸ
1903 4641 1934 4698 ab

332 4695 508 4757 ΠΜΝΜῊῷ
521 4698 667 4769 Πίίθῖαῖθθθ
678 4696 1114 4760 θθῦίνβῑθῦῖωθθθῑῖνθῖῖὸθίίθόδῑ·
1160 4714 1281 4775 μέγιστον,
1308 4709 1344 4758 ὅτι
1363 4707 1438 4769 Ἔρως
1461 4709 1511 4758 οὔτ’
1530 4709 1607 4758 ἀδικεῖ
1627 4707 1677 4758 οὔτ’
1696 4708 1814 4756 ἀδικεῖται
1832 4711 1882 4758 οὐδ’
1898 4711 1935 4757 bri

330 4781 381 4814 κον.
397 4766 465 4815 Plato
476 4767 571 4828 Prolag.
582 4780 605 4827 ρ.
620 4772 666 4817 315
680 4769 749 4830 ιπερὶ
761 4769 786 4816 δέ
797 4769 830 4816 ῶν
838 4769 966 4828 διελέγοντο
976 4770 1021 4818 οὐκ
1032 4770 1113 4820 ἀδυνά·
1159 4786 1212 4832 θεοῦ
1224 4783 1277 4832 οὔτε
1289 4781 1353 4841 naso,
1366 4780 1415 4828 οὔθ’
1428 4780 1468 4828 uae
1478 4781 1602 4842 ἀνθρώπου
1612 4780 1667 4829 οὗτε
1680 4779 1813 4840 unanimo,
1828 4783 1891 4830 οῡῃ
1901 4779 1936 4839 γὰρ

248 4853 253 4865 .
331 4851 377 4899 μην
389 4836 465 4898 ἔγωγε
480 4838 560 4895 μαθεῖν
570 4835 765 4900 ἔξωθεν,ιιαίπερ
780 4841 883 4901 λιπαρῶς
897 4840 959 4901 έχων
970 4839 1063 4890 ἀκούειν
1072 4847 1114 4891 τοῦ
1158 4853 1227 4909 αὐτὸς
1240 4853 1281 4914 βίᾳ
1297 4848 1433 4912 πάσχει,εί
1445 4865 1467 4896 τι
1480 4849 1636 4913 πάσχιι·βία
1646 4849 1691 4910 γάρ
1707 4848 1936 4912 Ἔρωτοςούχάπττ·

332 4904 464 4966 Προδίκου·
476 4908 595 4970 πάνσοφος
614 4909 658 4971 γάρ
676 4925 716 4971 μοι
733 4909 799 4960 δοκεῖ
816 4911 874 4972 ἀνὴρ
893 4911 953 4958 εἶναι
973 4913 1014 4960 καὶ
1033 4914 1109 4967 θεῖος·
1158 4938 1195 4971 ται
1206 4935 1212 4948 ·
1223 4921 1276 4970 odra
1293 4925 1367 4970 ποιῶν
1380 4922 1446 4967 ποιεῖ
1461 4920 1511 4969 κτλ,
1526 4920 1591 4968 atter
1604 4933 1626 4980 ρ.
1646 4918 1721 4968 1971)
1737 4936 1743 4965 :
1759 4918 1827 4975 ούτοτ
1845 4921 1871 4968 δὲ
1885 4922 1935 4980 lt&

331 4975 390 5026 ἀλλὰ
398 4975 437 5024 διά
453 4977 495 5034 τὴν
509 4979 627 5041 βαρύτητα
638 4984 679 5038 τῆς
691 4985 766 5040 φωνῆς
782 4980 869 5043 βόμδος
879 4998 912 5037 τις
923 4981 948 5030 ἐν
959 4987 994 5043 τῷ
1003 4983 1114 5046 οἰκήματι
1159 4992 1335 5056 ἀλλοτριότητος
1351 4991 1392 5053 μὶν
1406 4995 1485 5050 κενοῖ,
1500 4992 1641 5046 οἰκειότητος
1653 4989 1678 5038 δὲ
1687 4991 1785 5051 πληροῖ,
1796 4991 1838 5046 τὰς
1849 4989 1936 5040 τοιάσδε

330 5047 465 5109 γιγνόμενος
477 5048 556 5108 ἀσαφῆ
568 5050 641 5099 ἐποίει
655 5051 685 5099 τά
698 5051 819 5114 λεγόμενα.
832 5051 991 5110 Philostratus
1004 5054 1048 5103 vll.
1072 5055 1113 5104 So·
1158 5061 1264 5118 ξυνόδους
1279 5062 1328 5122 μετ’
1342 5061 1447 5116 ἀλλήλοιν
1459 5059 1537 5117 πάσας
1550 5062 1619 5117 τιθείς
1633 5061 1747 5119 ξυνιέναι,
1763 5059 1786 5107 ἐν
1803 5061 1935 5122 ἐορταῑς,ίι

249 5148 253 5153 ·
331 5116 404 5179 putat
415 5131 440 5180 μ.
452 5121 913 5186 ίθθτπρεσόεύωνδίπαράἎθηναίοις,
921 5125 1042 5188 παρελθὼν
1056 5125 1078 5180 ίς
1086 5125 1114 5174 τδ
1159 5136 1256 5195 χοροῖς,
1274 5133 1298 5180 ἐν
1311 5131 1401 5185 θυσίαις
1414 5129 1549 5192 γιγνόμενος
1564 5131 1676 5193 ἡγεμών·
1692 5129 1816 5192 πραότητα
1840 5132 1884 5192 μἐν
1900 5145 1936 5177 m·

331 5187 494 5252 βομλεντίριον
504 5190 648 5247 ἱκανώτατος
658 5191 734 5248 ῖδοξτν
749 5193 892 5257 ἀνθρώπων,
906 5194 983 5243 καίτοι
997 5195 1113 5253 δυσήνοον
1158 5203 1241 5266 μίζων,
1258 5203 1383 5265 ἀγριότητα
1397 5201 1418 5251 δ’
1432 5203 1550 5266 ὶξορίζων·
1563 5203 1690 5267 φιλόδωρος
1706 5201 1839 5264 εὐμενείας,
1856 5204 1936 5264 diurn
