3959 5925
251 415 311 483 nbi
792 412 987 474 unsnclml
1010 411 1323 476 COMMENTARIUS

249 550 415 618 manasserii.
449 550 496 598 liat
514 553 557 597 aab
577 548 619 609 piu
632 545 700 595 πάντ’
717 546 789 608 ἄνδρα
804 546 909 609 μετέχειν
930 545 1030 606 pisino,
1076 556 1152 606 sero,
1169 544 1212 608 qui
1232 557 1289 595 rere
1310 532 1432 609 opinetur,
1450 530 1484 604 ¹u't
1497 548 1538 611 qui
1560 548 1612 599 sula
1634 549 1722 600 mentis
1741 551 1857 614 deganm

247 647 290 692 νοῦ
302 641 328 690 at
343 639 425 699 θεούς,
436 636 564 700 ἀνθρώπων
578 636 603 685 ii
616 636 681 696 γένος
694 634 769 697 βραχύ
780 651 812 683 τι.
1075 632 1174 695 nitatur,
1188 632 1239 683 sins
1252 633 1362 696 ratione,
1382 647 1411 684 ae
1424 634 1565 698 disciplina,
1578 649 1657 700 neque
1669 638 1799 700 rabonem,
1813 653 1858 691 eur

277 732 306 779 Si
320 727 471 778 intellectus
486 727 602 788 itemque
622 735 685 773 uera
700 725 786 785 opinio
802 721 860 772 dua·
881 733 923 770 res
945 723 1030 770 runi.-
1075 719 1109 768 ita
1121 719 1241 783 opinetur,
1253 723 1370 784 prestare
1382 723 1478 784 potest,
1489 724 1513 772 et
1530 723 1595 773 talaia
1614 722 1742 788 aliquando
1756 739 1855 789 persus·

247 827 346 868 necasse
360 816 399 863 est
420 812 475 862 basa
489 815 547 874 ipsa
564 824 612 874 per
628 813 709 861 semet
725 823 779 860 esse
794 809 929 860 intellectu
940 811 1030 871 potius
1074 809 1184 860 sionibus
1196 813 1281 874 asptus
1297 813 1377 861 mutet
1391 812 1551 874 sententiam,
1563 815 1665 875 rannus,
1677 819 1702 865 et
1715 815 1856 880 ambigam,

246 900 455 968 quamsenribus
468 898 641 962 assequenda.
674 901 721 949 sin
737 909 811 959 uara,
826 899 858 948 ut
870 895 1029 961 quibusdam
1074 901 1102 947 nt
1116 912 1190 961 quern
1207 899 1274 948 nulia
1288 899 1380 950 stabilis
1390 900 1452 949 ratio
1466 904 1593 952 srrsimtet.
1627 903 1792 966 ltaquePlata
1805 907 1856 968 spl-

245 990 358 1051 aidstur,
370 1000 432 1039 aera
440 990 528 1052 opinio
537 987 571 1037 ab
580 986 718 1037 intellectu
727 985 797 1036 nibil
807 983 899 1047 dissert
910 1000 919 1035 .·
929 985 1028 1044 amnia,
1074 986 1189 1047 logisticee
1195 987 1295 1038 rationis
1301 988 1429 1038 turmulam
1438 1002 1466 1039 ex
1472 989 1551 1052 primii
1560 989 1641 1040 talem.
1656 1005 1658 1008 ·
1674 991 1700 1042 si
1711 990 1856 1056 intellectus,

245 1091 304 1142 quas
317 1089 422 1140 empore
432 1077 576 1135 sentimus,
589 1077 661 1125 aeria
672 1073 793 1125 babendo
801 1077 872 1124 sunt.
906 1072 957 1122 sed
973 1075 1027 1135 opi·
1074 1074 1167 1152 eivers
1185 1075 1283 1139 opinio,
1303 1089 1352 1125 uns
1372 1089 1411 1126 res
1422 1079 1472 1139 est;
1488 1079 1582 1139 omnia,
1598 1090 1653 1140 quse
1669 1082 1857 1141 sorporesenii·

245 1163 576 1223 norduoessediaendum,
586 1161 1028 1227 proptereaquadutroqaemaqna
1073 1175 1130 1212 mus
1137 1198 1145 1225 ,
1161 1167 1226 1213 serta
1238 1169 1314 1213 sunt:
1330 1164 1423 1227 eritque
1433 1178 1517 1214 eanum
1527 1164 1691 1215 indubitabilis
1702 1164 1799 1218 ueritas.
1831 1170 1856 1218 Si

244 1253 400 1313 differentia
412 1252 528 1306 aurens,-
541 1253 638 1316 quippe
652 1263 767 1315 quorum
780 1251 894 1301 atterum
905 1249 1028 1300 doctrina
1073 1251 1154 1300 autem
1173 1263 1231 1300 uera
1247 1251 1329 1314 opinio
1346 1251 1428 1302 minus
1448 1253 1536 1316 babet,
1551 1255 1623 1316 atque
1640 1253 1791 1316 intellectus,
1808 1271 1855 1306 nan

246 1342 320 1392 nobis
333 1343 465 1402 insinuet,
478 1341 598 1391 alterum
613 1343 790 1404 persuasionis
805 1342 959 1403 assumptio.
995 1342 1027 1389 nr
1072 1339 1215 1401 uniatque
1239 1338 1323 1390 eadem
1341 1353 1382 1390 res
1397 1343 1449 1401 est,
1471 1341 1514 1391 sed
1532 1340 1588 1390 dne
1610 1342 1683 1404 atque
1698 1342 1814 1404 dirersm3
1830 1348 1856 1393 et

246 1430 362 1480 alterum
373 1429 480 1493 quidem
494 1441 594 1492 semper
606 1432 850 1479 cumratianeuera
863 1430 1027 1491 :porrosine
1072 1432 1141 1478 erunt
1154 1429 1270 1492 alis-quse
1282 1429 1433 1493 sentiuntur;
1452 1435 1477 1481 et
1494 1431 1607 1494 aliaqme
1625 1431 1797 1494 intelliguntur.
1826 1435 1854 1486 si

244 1518 304 1568 ulla
324 1518 430 1567 ratione
452 1517 577 1567 atterum.
611 1520 678 1568 liena
703 1516 820 1567 alterum
836 1528 928 1567 ennam
948 1515 1026 1565 auita
1071 1515 1167 1564 diversa
1175 1521 1313 1578 suut,qun
1325 1517 1448 1578 sentiunt,
1461 1520 1487 1568 et
1497 1531 1554 1581 quos
1566 1519 1712 1582 intelligunt,
1722 1519 1773 1568 sint
1783 1521 1854 1570 intel-

243 1595 412 1668 persuasione
420 1603 610 1654 transdueibile
623 1602 762 1654 ‚autumn
777 1604 1026 1653 nutansinaertum·
1071 1603 1172 1666 ligibiles
1188 1603 1387 1666 speeiesueresse
1401 1608 1455 1668 est,
1470 1606 1599 1668 quatiere
1612 1608 1789 1668 nuncupantur.
1821 1612 1853 1658 ni

243 1691 599 1756 quesempareidenuabite.
632 1690 701 1748 Quid
708 1691 801 1754 tquod
812 1694 888 1741 reete
898 1693 1026 1754 opinionis
1071 1691 1136 1740 enim
1152 1692 1314 1755 nonomaia,
1329 1705 1384 1755 quse
1403 1705 1503 1756 corpore
1523 1693 1656 1756 sentimus,
1673 1705 1729 1744 rora
1748 1699 1772 1744 et
1787 1699 1853 1746 aeria

244 1784 328 1831 amnis
345 1780 420 1830 boma
430 1783 563 1842 particeps
579 1794 587 1827 :
602 1779 753 1829 intellectus
766 1791 826 1829 uero
839 1781 889 1829 Dei
900 1781 1025 1842 proprius
1071 1782 1137 1828 sunt.
1170 1781 1232 1828 Sunt
1246 1780 1404 1841 igiturlden.

243 1873 270 1920 et
279 1881 424 1934 pausarum
437 1866 579 1918 admodum
591 1867 718 1917 tectorum
728 1869 853 1916 atrorum.
1101 1866 1212 1916 ccclii..
1230 1865 1294 1927 sed,
1314 1866 1408 1929 opinor,
1428 1867 1549 1932 esplmari
1575 1867 1717 1932 dilatarique
1743 1873 1851 1934 oportet,

275 1954 451 2014 Quadriiariam
465 1952 552 2003 dividit
564 1953 700 2004 intellectus
721 1953 891 2016 opinionisque
910 1951 1024 2002 diiierau·
1069 1965 1124 2015 qne
1149 1955 1274 2002 eontracta
1302 1957 1359 2002 suni
1380 1953 1496 2015 angustiis
1520 1954 1660 2016 syllogismi.
1693 1958 1848 2008 intellectum

228 2041 317 2104 iiam,
331 2055 387 2091 eum
399 2042 471 2092 docet
483 2041 586 2091 alterum
597 2053 697 2101 eorum,
710 2039 736 2089 id
750 2042 787 2090 est
798 2039 956 2102 intellectum,
971 2051 1025 2102 pro·
1070 2039 1174 2102 appellat
1196 2039 1242 2089 boa
1263 2040 1289 2089 in
1307 2040 1374 2100 loeo,
1393 2043 1487 2090 molum
1504 2041 1579 2090 ammi
1599 2043 1851 2104 comprehendentem.

244 2130 325 2180 renire
339 2143 369 2179 ex
385 2129 527 2192 disciplina,
545 2129 647 2178 alterum
664 2127 715 2177 sola
737 2128 900 2191 persuasione
931 2126 1024 2176 Deinde
1071 2127 1135 2176 liuio
1154 2129 1278 2190 comparat
1297 2127 1434 2191 opinionem
1453 2141 1509 2178 aum
1524 2129 1548 2177 in
1569 2127 1689 2191 plerisque
1704 2129 1757 2180 aliis
1773 2129 1851 2192 libris,

241 2229 297 2266 sum
316 2216 416 2278 asserit,
438 2216 542 2265 alierum
562 2227 619 2265 oum
635 2216 807 2276 nationesne,
831 2227 903 2277 porro
920 2214 1024 2263 alterum
1070 2209 1121 2264 turn
1134 2215 1256 2266 evidenter
1270 2215 1294 2264 in
1308 2215 1401 2266 Politia.
1434 2219 1502 2267 seam
1514 2216 1578 2266 enirn
1593 2216 1737 2276 intellectum
1750 2219 1850 2281 quidem

171 2360 175 2378 .
240 2303 403 2354 sinemtionis
420 2303 538 2353 examine.
571 2301 710 2361 Quidnam
731 2301 926 2361 dieii,alterum
940 2315 1023 2351 eorum
1069 2303 1095 2352 in
1118 2300 1168 2351 duo
1192 2301 1262 2365 lrsee,
1281 2303 1405 2353 seientiam
1423 2311 1448 2354 οι
1472 2304 1668 2354 recordationem.
1699 2307 1852 2368 opinionem

240 2391 300 2442 nulli
318 2389 465 2454 persuasioni
481 2390 627 2453 desirabile;
643 2391 668 2440 ei
689 2389 719 2439 ad
742 2379 904 2452 postremam,
914 2389 1023 2440 'alierum
1069 2402 1127 2440 sero
1138 2390 1163 2438 in
1175 2390 1221 2440 alia
1232 2388 1347 2453 totidem,
1363 2390 1424 2450 irae,
1436 2390 1601 2442 eredulitatem
1613 2393 1638 2442 et
1651 2393 1848 2445 estimationem.

240 2493 341 2539 uorum,
362 2479 387 2530 id
407 2478 551 2542 crispinio,
571 2478 597 2528 in
612 2478 724 2541 initulis
738 2477 861 2527 hominem
876 2476 947 2527 cidit
962 2490 969 2526 τ
984 2477 1022 2525 in·
1073 2481 1222 2544 Singulaque
1236 2482 1289 2532 hmo
1297 2484 1400 2544 quatuor
1411 2481 1606 2532 marenientibus
1617 2481 1662 2532 sibi
1675 2483 1749 2533 rebus
1758 2496 1850 2534 socom·

201 2575 206 2582 ·
240 2568 349 2620 telleatas
361 2579 420 2615 aero
431 2567 475 2616 Del
486 2565 575 2625 solius,
588 2570 613 2616 et
630 2578 762 2627 pantorum
777 2563 909 2614 admodum
920 2564 954 2614 sit
966 2577 1022 2614 exa·
1068 2559 1170 2618 modat'
1191 2571 1332 2620 scientiam
1348 2568 1445 2632 quidem
1459 2569 1528 2628 altis,
1541 2571 1565 2619 et
1578 2559 1693 2632 sapientis
1704 2570 1756 2620 sola
1771 2573 1847 2634 perai-

239 2655 386 2705 minaturum
408 2653 532 2728 virorum?
555 2652 647 2710 Quodsi
667 2653 752 2702 borum
768 2656 835 2701 tanta
854 2651 1022 2701 mediocrem
1067 2655 1180 2717 pibilibus
1192 2655 1281 2718 rebus,
1295 2656 1429 2718 eujusmodi
1446 2657 1502 2705 sunt
1513 2658 1593 2716 Deus,
1609 2660 1634 2707 ei
1643 2655 1777 2708 intellectus
1786 2659 1847 2720 ejas,

241 2742 285 2802 ¹1³.
300 2756 386 2792 0⁰¹¹¹¹¹¹
400 2742 487 2802 essim·
511 2753 566 2804 (llloe
589 2739 735 2790 &mittitur
757 2739 887 2801 diuitum,
910 2751 1021 2800 misnam
1067 2756 1128 2808 quas
1141 2744 1213 2794 ideas
1225 2756 1348 2794 sonamus.
1381 2743 1594 2794 lieaardaiionem
1602 2757 1659 2795 rere
1672 2744 1743 2794 rebus
1755 2745 1848 2796 delibe-

238 2843 336 2880 neumae
351 2831 388 2878 est
401 2841 453 2879 esse
468 2828 615 2878 distantiam.
646 2829 709 2878 Sunt
722 2827 858 2888 parronae
877 2825 1021 2888 intelligibile
1066 2829 1220 2892 ratiris,boo
1229 2831 1283 2889 est,
1296 2831 1405 2892 tis,qure
1418 2829 1544 2892 preceptis
1554 2827 1732 2889 artificialibus,
1748 2832 1772 2880 et
1781 2829 1847 2880 tlreo·

238 2929 326 2977 genus,
339 2919 364 2965 ei
376 2915 434 2965 item
447 2913 575 2977 opinabile.
607 2912 676 2963 Unde
687 2916 752 2964 reete
766 2911 919 2976 pronuntiat,
1066 2915 1213 2978 romatibus,
1223 2915 1394 2981 percipiuntur.
1429 2915 1621 2968 credulitatem
1630 2929 1701 2979 parra
1711 2916 1845 2980 sensilibus,

269 3004 364 3053 Τούτων
385 3003 410 3051 ii
424 3002 498 3057 οὕτως
518 3002 620 3065 ἐχόντων
642 3002 797 3065 ὁμολογητέον
817 3002 841 3050 ἓν
856 3002 897 3064 μὲν
916 3000 1019 3050 εἶναιτὸ
1065 3002 1156 3053 sailioal
1178 3016 1235 3067 qun
1255 3005 1346 3064 oeulis,
1367 3004 1480 3064 auribus,
1497 3005 1638 3067 ceterisque
1657 3005 1768 3055 sensibus
1781 3018 1846 3053 eom·

238 3092 301 3139 sard
315 3090 390 3139 mira
401 3091 461 3145 siba<
473 3090 542 3152 ἔχον,
555 3090 693 3150 ἀγέννητον,
710 3090 749 3138 καὶ
763 3090 905 3153 ἀνώλεθρον,
918 3091 971 3139 οὔτε
984 3090 1018 3144 ele
1065 3090 1253 3155 prehenduntur.
1284 3094 1496 3143 AEstimotianem
1510 3092 1647 3155 tigmentis,
1665 3091 1847 3142 mmmentitiis-

238 3178 309 3258 tami
332 3176 494 3239 εἰσδεχόμενον
518 3177 576 3247 diis
597 3177 692 3226 ἄλλοθεν
712 3178 765 3227 οὔτε
785 3178 843 3227 αὐτὸ
857 3179 889 3233 εἰς
906 3177 963 3226 ἄλλο
978 3194 1019 3227 ποι
1064 3191 1111 3241 que
1124 3182 1149 3227 ei
1160 3178 1305 3241 imaginariis
1320 3179 1408 3240 rebus,
1425 3192 1481 3240 quas
1492 3179 1563 3241 juxta
1576 3192 1647 3229 veros
1665 3179 1777 3230 simulata
1792 3180 1846 3227 rul-

238 3263 288 3322 tiu‚
305 3263 403 3325 dipersi
423 3263 448 3311 ii
463 3264 503 3311 uui
518 3264 593 3319 ἄλλως
611 3262 763 3324 ἀναίσθητον,
784 3268 852 3313 τοῦτο
868 3264 924 3323 ὃδὴ
940 3264 1018 3322 νόησις
1064 3267 1119 3327 tus,
1138 3278 1238 3329 corpora
1261 3270 1342 3315 tamen
1361 3267 1479 3329 perlecta,
1494 3269 1519 3315 ei
1536 3267 1604 3327 riva,
1624 3280 1672 3315 non
1688 3270 1753 3317 sunt.
1786 3268 1848 3323 Quae

238 3352 330 3416 εῖληχεν
343 3351 489 3401 ἐπισκοπεῖν.
1063 3356 1151 3403 cuneta
1161 3350 1220 3402 dloit
1236 3364 1280 3414 per
1294 3355 1369 3403 seruet
1380 3365 1432 3401 esse
1449 3350 1571 3401 intellecta
1585 3354 1665 3415 potius
1679 3366 1752 3415 quarn
1768 3356 1848 3403 sensi-

272 3442 356 3489 b'nana
369 3451 423 3489 essa
432 3440 542 3501 speeiem
554 3440 793 3502 persemetipsum,
809 3439 865 3487 sine
876 3441 1018 3499 artu,sine
1063 3440 1108 3492 bus
1128 3439 1286 3503 assequenda,
1304 3440 1362 3501 quie
1391 3438 1449 3489 nibil
1469 3450 1499 3489 ea
1516 3439 1554 3489 bis
1571 3442 1673 3501 quatuor
1694 3439 1739 3488 sub
1759 3452 1849 3491 sensus

237 3524 347 3589 measa,
359 3538 441 3591 neque
451 3525 516 3589 quid
526 3529 554 3576 in
565 3540 593 3575 se
604 3529 780 3589 recipientem,
793 3538 839 3575 nse
847 3526 1017 3591 propredien·
1063 3534 1157 3578 nastros
1171 3528 1253 3589 venit,
1271 3526 1314 3579 sed
1328 3528 1379 3577 tam
1400 3526 1541 3590 seientiam,
1555 3538 1629 3590 quam
1645 3525 1801 3589 opinionem,
1823 3532 1848 3579 ot

238 3618 289 3665 tem
302 3616 420 3678 uspiam,
435 3614 594 3664 invisibilem
608 3614 817 3679 insensilemque.
1062 3615 1266 3675 interamnensi
1277 3612 1446 3663 disseminas.

268 3701 1015 3767 lmeitectusestspeeies‚qnae1deadiaitur.nstigituruium-
1092 3704 1122 3751 lit
1141 3702 1183 3762 ii,
1197 3702 1228 3758 ὥς
1248 3718 1295 3750 τισι
1317 3701 1435 3763 φαίνεται,
1459 3698 1515 3757 δόξα
1537 3700 1623 3759 ἀληθὴς
1640 3704 1681 3749 νοῦ
1698 3700 1797 3763 διαφέρει
1817 3700 1845 3749 τὸ

237 3791 312 3855 pium.
344 3792 394 3841 ileu
414 3804 487 3853 sero,
501 3792 530 3841 ui
546 3790 571 3841 iu
593 3791 759 3855 superioribus
776 3794 888 3855 dubitem
905 3805 936 3844 ne
956 3796 1017 3845 loris
1063 3790 1141 3852 μηδέν·

236 3879 327 3929 trustra
341 3882 471 3941 prmsumat
485 3892 540 3929 esse
554 3878 726 3943 intelligibilem
742 3880 844 3942 speciem
856 3878 930 3941 bans,
946 3880 1017 3941 euius
1093 3878 1219 3928 cccxii.
1237 3879 1283 3927 sin
1306 3888 1380 3937 uera,
1398 3879 1431 3925 ut
1445 3874 1602 3939 quibusdam
1615 3874 1728 3935 uidetur,
1749 3874 1842 3938 inquil,

234 3966 286 4017 sint
305 3966 419 4029 imagines
441 3966 553 4028 sensiles,
575 3979 675 4030 eamque
699 3966 759 4016 nilrit
777 3967 841 4016 aliud
867 3981 920 4017 asse
941 3980 1017 4031 qnam
1061 3962 1266 4025 aaaopinnab
1279 3963 1417 4013 intellectu
1430 3962 1500 4012 nibil
1511 3962 1615 4023 dissert.

234 4054 317 4105 sorba
1091 4054 1186 4105 Merita.
1219 4052 1400 4117 muimquipps
1409 4054 1549 4103 seetmsunt
1562 4051 1843 4115 plrilasapborum,quas

265 4144 442 4194 cccxxxix.
458 4141 487 4192 ld
505 4146 584 4192 tamen
596 4142 677 4206 ipsum
690 4142 843 4204 syllogisticis
859 4156 956 4207 quaque
974 4156 1015 4193 ra-
1060 4149 1152 4194 eerlum
1164 4144 1202 4192 est
1217 4141 1286 4191 initia
1300 4155 1380 4192 rerum
1397 4142 1494 4204 putasse
1507 4136 1616 4204 corpora.
1649 4140 1759 4201 cumque
1771 4138 1841 4187 intel·

234 4229 340 4281 tionibus
354 4230 482 4293 explanare
500 4242 549 4279 non
564 4230 671 4291 dubitat,
692 4230 781 4292 quippe
800 4243 904 4293 sarens,
924 4244 955 4281 ne
976 4233 1015 4281 rel
1059 4230 1147 4293 ligibile
1158 4227 1283 4291 genus,id
1294 4230 1340 4284 est,
1352 4224 1842 4290 ideas‚paonesuboeulosconstituisset,

233 4317 422 4367 menaminaiam
440 4316 571 4379 quidquam
590 4316 722 4379 relinquat,
735 4318 773 4367 uel
790 4315 821 4365 ad
837 4318 957 4380 prolixum
969 4332 1013 4368 na-
1058 4318 1154 4379 dicens,
1431 4382 1432 4385 ρ

234 4406 289 4457 iiiia
310 4418 356 4456 sita
377 4408 523 4465 instalum,
544 4404 644 4454 minima
665 4404 787 4469 pertinens
802 4404 833 4453 ad
856 4408 1014 4468 questionem
1091 4408 1124 4456 Tb
1144 4404 1206 4454 uaris
1225 4403 1298 4459 ruinis
1322 4402 1381 4459 sisa<
1401 4402 1469 4467 ἔχον,
1490 4402 1615 4463 ἀγέννητον
1638 4402 1678 4450 usi
1697 4400 1842 4463 ἀνώλεθρον,
1880 4440 1883 4446 .

233 4491 363 4543 verborum
379 4504 465 4553 agmen
478 4491 568 4552 addat,
583 4503 682 4541 omnem
694 4490 869 4541 dubitationem
885 4491 1012 4555 syllogisii-
1059 4494 1113 4542 οὔτε
1125 4494 1156 4549 εἰς
1172 4492 1242 4541 ἑαυτὸ
1253 4490 1417 4553 εἱσδεχὸμτνον
1429 4489 1486 4539 ἄλλο
1501 4489 1596 4538 ineis-r
1610 4488 1662 4542 οὔτε
1672 4490 1730 4538 αὐτὸ
1742 4488 1841 4545 sterilia

232 4579 268 4631 tis
289 4579 437 4644 competidiia
455 4579 546 4630 dirimit
565 4578 641 4629 ductu
658 4580 684 4628 iti
703 4578 740 4628 via
756 4591 859 4642 pergens
872 4583 903 4629 ad
916 4581 1014 4644 syllogi-
1058 4599 1099 4631 ποι
1113 4581 1163 4640 tir,
1180 4579 1278 4645 ἀόρατον
1293 4578 1318 4627 δὲ
1332 4578 1373 4627 uui
1387 4578 1462 4633 iiius
1472 4577 1626 4638 ἀναίσθητον,
1637 4577 1732 4626 τοῦτοὸ
1748 4576 1777 4633 δὴ
1786 4575 1842 4633 vir,-

233 4680 323 4719 sinntn.
357 4668 452 4719 Etenim
459 4669 522 4719 inier
529 4667 700 4729 intelligentem
708 4669 734 4716 ei
742 4666 800 4717 item
810 4681 866 4719 lete
874 4669 1015 4732 opinantem
1059 4686 1094 4725 σις
1112 4670 1204 4731 εἴληχεν
1219 4668 1371 4716 ἐπισκοπεῖν·
1391 4666 1418 4715 τὸ
1435 4664 1460 4714 ii
1477 4664 1602 4727 ὁμώνυμον
1615 4664 1695 4727 ὅμοιόν
1714 4680 1739 4712 τε
1759 4662 1841 4725 ἐκείνῳ

232 4757 279 4807 ilos
290 4758 403 4820 inteream
415 4756 480 4820 qnod
492 4755 629 4818 intelligens
645 4754 718 4805 idem
730 4768 810 4805 rernm
823 4756 904 4818 hailei,
915 4758 1015 4808 rationis
1059 4758 1181 4820 δεύτερον,
1195 4753 1320 4814 αἰσθητὸν,
1332 4752 1453 4815 γεννητόν,
1468 4750 1625 4818 πεφορημένον
1638 4752 1692 4813 ἀεί,
1704 4750 1841 4815 γιγνόμενόν

232 4844 344 4909 indagine
361 4846 571 4908 dompreilsnsatn.
604 4843 752 4895 confirmata
770 4858 840 4908 porro
856 4847 917 4895 ratio
934 4844 961 4893 fii
976 4844 1014 4893 in·
1050 4848 1085 4891 'as
1098 4842 1122 4891 ἒν
1140 4858 1185 4891 τινι
1201 4839 1267 4903 τόπῳ
1282 4840 1322 4887 καὶ
1339 4838 1408 4888 πάλιν
1423 4840 1511 4889 ἐκεῖθεν
1526 4839 1701 4902 ἀπολλύμενον,
1718 4838 1772 4901 δόξῃ
1790 4836 1841 4901 μετ’

232 4931 341 4984 ieieetns
350 4971 358 4997 ,
368 4932 437 4994 auius
450 4934 552 4984 seientia
562 4936 614 4995 eat,
627 4934 759 4996 eademque
772 4933 898 4995 sapientia.
930 4934 1015 4996 ltaque
1060 4920 1189 4988 αἰσθήσεως
1197 4926 1347 4993 περιληπτὸν.

233 5020 379 5085 intelligens,
393 5024 420 5071 nt
431 5022 473 5085 qui
487 5024 553 5072 reete
563 5021 623 5072 seiat
634 5021 699 5084 quod
708 5020 831 5083 iutelligit,
841 5032 920 5083 naqne
930 5018 1015 5069 rerisi·
1090 5018 1285 5083 intelligibilem
1296 5020 1405 5081 speciem
1413 5020 1536 5068 semotam
1548 5030 1566 5067 a
1576 5017 1693 5067 sensibus
1704 5019 1732 5065 in
1744 5028 1771 5066 se
1781 5017 1840 5079 ipsa

233 5104 331 5155 milibus
353 5107 548 5171 persuasionibus
569 5106 683 5157 lnduatns
702 5108 782 5156 mutat
803 5106 963 5167 sententiam
989 5107 1015 5155 ei
1059 5108 1174 5159 locatam
1186 5109 1243 5157 sine
1259 5107 1582 5170 artu,sineoceasu,quae
1593 5106 1758 5168 aeerecipiat
1770 5106 1798 5152 in
1810 5113 1839 5152 se

233 5192 320 5257 putat,
333 5195 363 5245 ut
377 5194 453 5257 auius,
467 5198 582 5259 pressare
595 5194 712 5246 radanem
721 5194 756 5245 rei
770 5194 958 5257 eomprebeosae.
981 5198 1012 5245 at
1059 5194 1206 5260 quidquam
1220 5192 1344 5254 aliunde,
1357 5204 1402 5243 nea
1418 5194 1473 5255 ipsa
1487 5192 1611 5255 praaedm
1624 5191 1659 5241 od
1675 5190 1752 5241 atiud
1762 5188 1838 5254 qaid·
