3959 5925
721 348 880 410 ettontct
899 348 1154 410 FRAGMENTA.
1678 362 1732 413 tat

125 487 247 555 κτῆσδαι.
288 481 366 544 Οὕτω
378 506 433 549 πως
443 480 532 541 διώκει
543 482 672 562 Πρόδικος
683 480 731 552 τὴν
744 484 789 540 ὑπ’
802 482 907 563 Ἀρετῆς
931 488 943 559 ἰΓ
952 504 1018 543 cum
1030 481 1156 559 Cobe103
1170 484 1258 543 codd.
1271 482 1348 542 τίνων
1357 476 1568 564 ὀσφραινόμενος.
1577 484 1638 531 -l
1652 483 1736 556 ἡδέως

124 571 286 651 Ἡρακλέους
300 571 447 629 παίδευσιν.
477 569 628 647 Ἐκόσμησε
644 569 732 647 μέντοι
744 570 790 639 τὰς
802 570 908 651 γνώμας
951 571 1064 647 πέῃςεκ
1078 571 1210 645 Stobae03
1227 571 1309 642 ἡδέως
1324 573 1398 650 πίνῃς
1419 572 1492 632 Xen.
1506 572 1626 633 -¹cob
1648 573 1736 655 δέρους

124 659 162 717 ἔτι
177 654 383 736 μεγαλειοτέροις
400 656 515 737 ῥήμασιν
528 656 546 727 ἢ
561 655 613 733 ἐγὼ
628 662 681 715 νῦν.
951 661 1028 740 χιόνα
1041 659 1195 739 περιθέουσα
1204 664 1304 735 ζητεῖς,
1319 661 1355 719 ad
1368 662 1469 718 vinum
1480 662 1586 721 aestatis
1603 675 1736 741 ternpore

166 744 338 823 (Xenophon
349 743 509 803 lllemorab.
520 744 572 804 lib.
583 744 609 801 ll
621 764 685 821 cap.
700 744 860 820 1f§ar-3lr‚
872 763 908 801 ex
952 762 980 807 et
992 748 1163 807 diluendum
1176 762 1205 806 et
1224 749 1469 824 refrigerandum.
1487 749 1555 810 Vid.
1574 750 1680 812 Athen.
1692 750 1735 807 lll

124 832 245 891 Prodici
260 831 337 890 libro
351 832 403 909 qui
417 820 500 910 Ὧραι
512 831 728 890 inscribebatur
739 844 767 889 et
776 830 908 891 Stobaeus
951 856 983 914 p.
1012 844 1077 909 rat,
1093 835 1197 912 ibique
1220 834 1346 894 Casaub.
1370 856 1400 913 p.
1424 838 1495 895 236.
1517 835 1635 895 Veteres
1656 838 1734 895 enim

124 921 227 980 Floril.
242 920 267 992 l,
280 940 346 977 ror.
357 919 462 978 Suidas
476 920 508 977 in
516 920 645 998 Πρόδικος
653 933 681 978 et
689 909 780 997 Ὧραι·
791 918 908 999 Φέρεται
931 936 934 991 t
952 924 1051 981 nivem
1074 935 1103 981 et
1124 922 1244 998 glaciem
1260 924 1292 981 in
1312 922 1511 983 subterraneis
1529 924 1685 983 scrobibus
1700 926 1736 983 ad

125 1009 171 1068 και
180 1008 279 1087 petitae
289 1008 421 1087 Προδίκου
429 999 728 1088 έπιγραρόμενονὯραι,
736 1010 761 1065 ἐν
772 998 908 1087 ᾧέποίησε
932 994 934 1019 ¹
951 1010 1030 1068 hunc
1042 1030 1126 1069 usum
1141 1010 1347 1070 recondebant.
1361 1013 1460 1089 ltaque
1471 1012 1587 1071 Plinius
1602 1011 1655 1070 lib.
1669 1012 1736 1071 xlx

124 1098 168 1155 τὸν
177 1096 315 1178 Ἡρακλέα
326 1101 366 1174 τῇ
373 1096 465 1177 Ἀρετῇ
478 1094 524 1155 καὶ
538 1102 571 1177 τῇ
583 1096 672 1177 Κακιᾳ
685 1096 904 1175 συντυγχάνοντα.
931 1075 934 1133 l
952 1120 978 1159 c.
994 1108 1010 1163 ι
1029 1100 1065 1156 (ιε
1083 1100 1155 1157 luxu
1171 1099 1368 1158 llomanorum
1392 1101 1516 1177 loquens
1541 1125 1548 1159 ε
1573 1102 1610 1159 ιιι
1634 1102 1734 1172 nives,

125 1185 243 1245 Veteres
257 1186 416 1262 scriptores
438 1186 489 1262 qui
505 1186 579 1243 hanc
591 1186 627 1243 de
643 1186 766 1244 Hercule
781 1183 907 1243 tabulam
931 1216 933 1265 ῃ
952 1188 1066 1265 inquit,
1084 1189 1129 1245 illi
1145 1190 1265 1264 glaciem
1283 1203 1400 1266 potant,
1414 1210 1575 1267 poenasque
1591 1190 1735 1248 montium

124 1273 170 1331 vel
199 1285 426 1330 commemorant
440 1272 487 1330 vel
510 1272 662 1330 imitantur
683 1293 772 1351 supra
786 1290 908 1332 enume-
952 1277 984 1334 in
1011 1277 1190 1355 voluptatem
1222 1278 1297 1353 gnlae
1333 1291 1460 1339 vertunt.
1490 1278 1629 1337 Servatur
1655 1278 1737 1354 algor

126 1364 202 1421 ravi.
217 1360 381 1419 Verborum
397 1374 562 1419 contextum
580 1363 720 1421 consultis
740 1363 909 1422 recentiori·
952 1364 1089 1436 testibus,
1123 1366 1364 1441 excogitaturque
1397 1380 1430 1424 ut
1460 1368 1564 1445 alienis
1587 1367 1736 1426 mensibus

124 1448 181 1507 bus
203 1447 383 1507 editionibus
409 1450 557 1520 recensui,
573 1450 614 1507 ita
633 1462 729 1507 tamen
748 1462 782 1507 nt
804 1450 908 1509 multas
952 1453 1005 1509 nix
1026 1454 1130 1528 algeat.
1146 1454 1189 1510 Cf.
1204 1453 1282 1513 Geli.
1297 1454 1380 1511 Noct.
1399 1456 1456 1513 Att.
1479 1453 1560 1531 xix,
1585 1456 1602 1511 5
1625 1468 1653 1513 et
1674 1454 1736 1513 lla-

124 1537 257 1594 virorum
289 1536 439 1593 doctorum
476 1538 672 1610 conjecturas,
697 1556 761 1614 quae
788 1538 909 1597 minime
931 1563 933 1608 ι
953 1540 1036 1599 crob.
1048 1540 1106 1598 Sat.
1117 1540 1465 1618 Vll,1a.-¹¹ar,soprie
1476 1542 1599 1617 μαλακάς
1609 1544 1738 1602 illustrat

125 1625 295 1683 necessariae
318 1624 503 1697 videbantur,
527 1626 715 1701 negligerem.
741 1627 784 1684 lle
807 1630 908 1704 paucis
931 1630 934 1715 l
953 1628 1144 1688 llubnlxenins
1158 1630 1245 1688 allato
1258 1630 1400 1688 Varronis
1414 1631 1479 1687 loco
1493 1630 1530 1688 de
1543 1630 1665 1689 Hercule
1680 1634 1736 1691 So·

125 1725 235 1770 tantum
251 1712 324 1770 locis
349 1730 441 1787 agam.
455 1712 546 1771 Posui
562 1732 570 1771 ι
586 1718 598 1747 ⁸
617 1712 735 1793 προϊέναι
760 1734 825 1772 cum
847 1732 905 1775 vet.
930 1720 934 1781 Ῑ
952 1715 1061 1775 cretico
1074 1718 1152 1795 apud
1161 1718 1238 1777 Non.
1249 1717 1379 1775 blarcell.
1392 1737 1423 1795 p.
1440 1718 1498 1793 539
1514 1721 1586 1775 :ain
1599 1718 1737 1777 omnibus

125 1799 199 1873 edd.;
210 1800 301 1876 vulgo
315 1800 465 1880 προσιέναι,
480 1800 559 1878 quod
574 1814 619 1860 est
632 1803 663 1859 in
676 1803 743 1860 cod.
757 1802 854 1863 Paris.
865 1836 906 1851 -·
931 1782 934 1937 ἰ
952 1804 1041 1863 rebus
1058 1804 1147 1864 bonis
1163 1806 1319 1864 cotidianis
1337 1828 1344 1862 z
1366 1805 1443 1863 cubo
1464 1806 1495 1862 in
1519 1804 1672 1865 Sardianis
1696 1820 1736 1864 ta·

125 1886 400 1966 Ι>κιιιιαριότῃτιοιιιῐι
412 1886 620 1962 Valckenari03
633 1890 722 1967 vulgo
736 1890 906 1969 καθαρότητι.
931 1942 933 2011 ,
953 1892 1069 1970 petibus
1084 1915 1091 1950 ι
1108 1894 1276 1970 chlamydas
1290 1906 1319 1951 et
1332 1912 1480 1971 purpurea
1495 1893 1633 1964 amicula,
1653 1920 1665 1945 ι
1683 1893 1736 1952 ubi

125 2010 164 2023 —
174 1982 211 2047 ⁰25
226 1976 288 2057 ὥρα,
297 1998 333 2037 ex
353 1978 489 2051 Stobae03
502 1978 558 2059 ὥρα
572 1979 646 2039 Xen.
657 1978 720 2026 —d
732 1979 908 2059 ποιησάμενος
931 2012 933 2021 ·
955 1982 1090 2055 corrigit:
1103 1980 1137 2038 ln
1148 1981 1285 2040 omnibus
1296 1980 1383 2039 rebus
1392 1980 1480 2039 bonis
1490 1981 1662 2058 quotidiano
1671 1982 1699 2054 ti.
1708 2002 1735 2044 e.

126 2086 190 2125 cum
208 2080 278 2125 vett.
291 2066 356 2125 edd.
370 2067 408 2126 cf.
423 2067 550 2139 Matthiae
575 2068 704 2127 Gramm.
721 2071 738 2145 S
755 2069 822 2125 556.
839 2068 906 2127 adn.
952 2067 1096 2145 quotidie)
1110 2068 1186 2128 cubo
1198 2071 1230 2127 in
1238 2069 1387 2127 Sardianis
1397 2068 1542 2146 tapetibus
1552 2095 1580 2140 ι,
1592 2072 1738 2127 Sardiano

126 2176 156 2228 ος
178 2155 267 2231 uulgo
284 2151 397 2231 ποιήσῃς
424 2175 521 2233 quam,
534 2156 649 2214 xldinae
672 2156 810 2215 editionis
835 2156 908 2215 scri·
953 2163 1059 2233 tapetia
1074 2157 1241 2232 intelligens
1256 2177 1320 2233 quae
1334 2156 1478 2215 Sardibus
1492 2177 1625 2235 purpura
1644 2158 1738 2234 tinge·

126 2259 239 2321 pturam
257 2243 427 2302 Dindorfius
451 2257 529 2303 recte
547 2246 672 2304 mutavit
687 2246 718 2303 in
745 2246 855 2319 ποιήσῃ.
868 2278 907 2291 -
931 2272 934 2337 ῃ
953 2244 1072 2303 bantur.
1084 2242 1429 2323 —¹brr0‘6a0panonsunt
1444 2245 1616 2304 lectulorum
1633 2245 1737 2322 fulcra,

124 2338 136 2367 θ
149 2330 222 2411 διέσῃ
238 2352 302 2390 cum
315 2332 399 2391 codd.
412 2346 440 2391 et
452 2335 582 2410 antiquis
593 2334 728 2406 testibus3
745 2333 828 2411 cujus
842 2335 908 2393 loco
932 2340 934 2392 :
954 2354 1019 2412 quae
1030 2334 1112 2400 πόδας
1122 2345 1239 2405 vocant,
1249 2334 1299 2391 sed
1312 2335 1420 2408 tapetia
1433 2334 1479 2391 vel
1491 2335 1620 2409 stragula
1629 2333 1738 2411 quibus

125 2423 177 2480 alii
190 2420 306 2492 διοίσεις,
319 2421 369 2479 alii
387 2420 480 2488 διάξεις
494 2422 550 2497 legi
555 2424 715 2500 jusserunt.
726 2454 765 2467 —
774 2420 810 2493 ’ἢ
825 2420 907 2481 ἀκού·
931 2403 934 2491 l
954 2422 1089 2481 homines
1103 2422 1221 2479 delicati
1235 2420 1370 2479 solebant
1383 2422 1561 2499 spondarum
1577 2421 1666 2499 pedes
1680 2424 1737 2479 im-

125 2534 187 2582 σας;
198 2514 286 2585 vulgo
296 2508 313 2578 ἢ
324 2507 351 2565 τί
365 2508 490 2575 ἀκούσας,
504 2544 544 2554 -
554 2518 567 2555 ⁸
577 2510 654 2567 τίνων
667 2508 698 2567 διν
707 2509 908 2590 ὀσφραινόμενος
929 2498 936 2589 ,l
954 2530 1080 2588 ponere,
1095 2522 1129 2567 ut
1141 2510 1259 2567 mollius
1275 2508 1428 2568 cubat-ent.
1440 2510 1504 2566 lluc
1519 2510 1645 2587 pertinet
1657 2510 1738 2569 locus

127 2717 198 2765 quam
213 2704 308 2766 longam
323 2702 387 2751 viam
406 2714 435 2750 ac
455 2701 575 2751 difficilem
596 2702 626 2751 ad
641 2703 777 2765 voluptates
797 2703 849 2753 lraec
863 2703 907 2753 tibi
952 2704 1035 2754 labore
1044 2703 1146 2765 squalidi
1156 2705 1305 2753 senectutem
1322 2704 1476 2765 transigunt:
1494 2706 1673 2754 anteactorum
1696 2718 1738 2755 eos

125 2790 211 2840 mulier
223 2790 387 2839 demonstret?
397 2801 441 2851 ego
454 2801 510 2838 vero
525 2789 587 2837 sacili
600 2788 714 2851 brevique
730 2790 768 2838 ιιιι
782 2789 813 2838 ad
830 2788 907 2839 beati·
952 2791 1043 2854 pudet;
1057 2791 1204 2853 agendorum
1222 2804 1286 2839 onus
1297 2804 1360 2853 tegre
1372 2791 1452 2841 terunt
1467 2809 1474 2840 ι
1491 2791 1605 2852 iucundis
1619 2792 1644 2841 in
1654 2792 1737 2842 adole·

126 2878 234 2927 tudinem
253 2881 278 2927 te
296 2874 391 2925 ducam.
425 2879 487 2925 Tum
509 2876 604 2940 Virtus,
623 2878 712 2927 Misera
731 2891 788 2928 vero
804 2880 844 2940 tn,
860 2878 906 2943 ait,
953 2880 1045 2929 scentia
1056 2880 1122 2928 velut
1133 2862 1222 2928 cursim
1238 2880 1342 2939 gustatis
1358 2879 1458 2928 molesta
1477 2881 1594 2928 senectuti
1610 2882 1736 2941 seponunt.

125 2967 182 3029 quid
205 2966 261 3015 boni
276 2965 366 3016 trabes?
377 2968 419 3016 aut
436 2979 509 3028 quam
531 2965 715 3016 delectationem
737 2967 815 3028 nosti,
832 2981 907 3029 quum
953 2972 1003 3031 Ego
1022 2981 1082 3018 vero
1103 2969 1150 3018 diis
1171 2968 1319 3019 familiariter
1330 2972 1419 3018 uteret
1433 2981 1488 3017 cnm
1501 2969 1583 3031 probis
1599 2969 1738 3018 bominibus

125 3056 185 3105 nibil
207 3056 293 3104 borum
316 3068 388 3104 cansa
413 3056 490 3104 tacere
511 3055 586 3105 ralis?
607 3068 662 3116 quae
678 3055 839 3118 jucundorum
865 3069 907 3119 ap·
953 3057 1012 3106 mibi
1027 3056 1303 3106 consuetudoestrnec
1317 3056 1394 3104 ullum
1408 3056 1551 3120 praeclarum
1569 3056 1675 3116 lacinus.
1689 3057 1739 3107 sire

125 3143 228 3204 petitum
249 3157 280 3192 nc
303 3148 429 3204 exspectas
447 3142 614 3206 quidem,sed
635 3146 774 3206 priusquam
791 3150 907 3207 appetas,
953 3145 1063 3194 divinum
1093 3144 1145 3194 sive
1173 3145 1323 3206 humanum,
1347 3144 1400 3194 sine
1429 3159 1468 3194 me
1488 3145 1601 3195 efficitur.
1633 3146 1740 3196 Maxime

126 3231 237 3281 omnibus
260 3234 285 3281 te
308 3231 412 3294 comples
433 3249 440 3281 ι
468 3231 610 3294 priusquam
635 3233 742 3294 esurias,
768 3233 876 3281 comedis
900 3248 906 3281 :
953 3234 1064 3282 omnium
1081 3245 1139 3282 vero
1156 3246 1170 3282 a
1186 3232 1419 3282 diisetbominibus
1439 3233 1535 3295 probis,
1551 3245 1566 3282 a
1580 3233 1669 3296 quibus
1686 3233 1737 3284 lau·

126 3319 264 3381 priusquam
287 3319 369 3381 sitias,
389 3319 453 3369 bibis
478 3338 485 3368 ι
509 3321 581 3382 atque
603 3327 630 3368 ut
650 3320 756 3370 suaviter
780 3320 907 3382 comedas,
953 3321 1006 3370 dari
1018 3321 1144 3380 convenit,
1157 3321 1317 3382 cotronestor;
1329 3321 1462 3370 artificibus
1475 3334 1530 3371 cara
1542 3335 1645 3383 operum
1654 3322 1736 3384 socia,

126 3407 262 3457 conditores
282 3408 485 3468 instructoresque
502 3407 607 3456 convivii
627 3408 749 3468 excogitas
773 3428 779 3457 :
803 3411 831 3458 ut
851 3422 907 3458 sua·
954 3408 1002 3458 lida
1016 3408 1145 3458 domorum
1159 3413 1241 3458 custos
1259 3409 1336 3467 lteris,
1351 3408 1457 3470 adjutrix
1474 3409 1575 3471 benigna
1598 3409 1689 3471 serris,
1702 3411 1738 3458 ta-

127 3486 188 3534 viter
212 3487 297 3546 bibas,
319 3499 406 3547 magno
430 3487 505 3548 pretio
529 3487 585 3536 rina
607 3487 649 3536 tibi
672 3501 813 3550 comparas,
835 3492 909 3550 atque
954 3496 1040 3545 borum
1063 3510 1121 3557 praee
1144 3497 1354 3558 suscipiendorum
1368 3496 1455 3545 tautrix
1475 3496 1737 3559 egregia,mnstansin

125 3577 212 3624 testate
226 3575 288 3624 nixis
305 3573 440 3636 quaerendae
453 3589 524 3624 causa
543 3576 717 3626 circumcurses
733 3592 739 3625 :
753 3579 781 3625 nt
803 3579 909 3627 suaviter
956 3584 1057 3645 negotiis
1069 3584 1161 3635 bellicis
1173 3584 1319 3645 auxiliatrix,
1334 3584 1447 3632 arnicitire
1459 3596 1557 3632 consors
1570 3582 1669 3644 optima.
1696 3584 1739 3632 Est

128 3662 250 3722 domins,
262 3673 311 3710 11⁰⁰
326 3663 431 3724 stragula
444 3664 536 3713 [tulum
555 3664 649 3725 mollia,
663 3663 705 3713 sed
720 3663 792 3714 ellam
808 3665 908 3715 lectulos
954 3674 1027 3721 etiam
1041 3672 1125 3722 amicis
1139 3671 1199 3721 meis
1216 3672 1325 3720 ciborum
1339 3671 1514 3732 potionumque
1530 3683 1587 3718 ttsus
1600 3670 1683 3719 suavis
1694 3684 1737 3733 pa·

128 3749 270 3812 lectulisque
290 3750 414 3812 supposita
436 3753 524 3814 tapetia
545 3751 627 3801 mollia
650 3765 729 3816 paras.
769 3756 823 3802 Non
843 3754 908 3802 enim
955 3757 1014 3807 riter
1023 3770 1052 3805 ac
1067 3770 1116 3806 non
1131 3769 1219 3818 magno
1241 3756 1353 3817 parabilis
1375 3775 1380 3804 ι
1401 3757 1541 3818 exspectant
1564 3754 1644 3816 enirn,
1660 3755 1739 3806 donec

128 3840 227 3900 propter
239 3837 332 3887 labores
348 3851 433 3887 somno
450 3844 473 3888 te
484 3837 541 3888 dare
562 3839 697 3898 desideras,
717 3840 758 3890 sed
779 3842 836 3902 quia
850 3841 908 3890 nibil
954 3852 1077 3911 appetant,
1095 3848 1174 3899 Iidem
1186 3859 1298 3896 somnum
1311 3845 1408 3907 capiunt
1420 3846 1555 3895 suaviorem
1568 3859 1642 3908 qaam
1652 3847 1736 3908 otiosi;

127 3926 201 3974 babes
212 3926 278 3988 quod
297 3939 362 3986 agas.
405 3929 522 3976 Venerem
537 3941 594 3977 sero
606 3931 733 3990 antequem
754 3943 782 3977 ea
802 3929 909 3992 indigeas
953 3947 982 3984 ac
994 3934 1381 3998 nequeexperreatossemoteste
1392 3934 1655 3996 terrant,nequesomni
1665 3947 1737 3985 causa

126 4013 242 4062 omnibns
261 4014 377 4064 machinis
397 4014 490 4074 irrites,
513 4015 570 4077 ipsis
594 4016 651 4064 uiris
677 4020 790 4077 tanquam
812 4017 908 4066 seminis
953 4023 1030 4072 orricii
1044 4022 1239 4072 suadete-eatam.
1273 4026 1307 4070 xc
1317 4022 1420 4082 juvenes
1429 4020 1527 4082 quidem
1544 4021 1662 4070 laudibus
1681 4034 1738 4084 gau.

129 4105 207 4150 utens.
241 4104 277 4150 lta
290 4102 354 4151 enim
366 4101 456 4151 amicos
469 4105 525 4151 tuos
537 4101 656 4161 instituis,
670 4107 696 4151 ut
710 4107 783 4152 noctu
798 4117 840 4152 eos
852 4109 906 4153 stu-
953 4111 1024 4172 dent,
1037 4110 1127 4174 quibus
1140 4124 1154 4159 a
1165 4109 1264 4159 renibus
1281 4109 1425 4167 atteruntur,
1443 4121 1511 4157 senes
1529 4121 1588 4158 xero
1607 4108 1739 4157 bonoribus

125 4188 178 4248 pris
189 4188 282 4250 polluas
295 4194 320 4238 et
329 4189 457 4239 utilissime
467 4190 513 4240 diei
527 4195 593 4251 parte
606 4203 692 4239 somno
707 4191 834 4252 opprimas.
852 4194 908 4242 cta·
954 4199 1124 4260 quosjmenes
1135 4199 1193 4261 ipsis
1208 4198 1318 4247 tribuunt
1330 4196 1488 4266 delectaqtur.
1521 4196 1597 4247 tidem
1606 4195 1738 4257 jucundam

128 4281 206 4326 terum
222 4277 332 4339 quamvis
341 4277 376 4327 sis
386 4278 536 4338 immortalis,
547 4279 626 4328 taraen
637 4277 707 4327 simul
720 4293 733 4327 a
745 4279 792 4328 diis
803 4280 909 4341 projecta
955 4300 1036 4336 rerum
1053 4287 1112 4336 olim
1134 4289 1257 4349 gestarum
1272 4283 1460 4334 recordationem
1479 4284 1581 4347 babent,
1595 4295 1641 4333 nec
1651 4282 1738 4331 mtaort

124 4376 167 4426 ss,
186 4365 257 4414 simul
277 4365 308 4415 ab
328 4365 436 4416 honestis
457 4367 596 4415 bominibus
615 4367 765 4417 contumeliis
787 4369 907 4418 laceraris.
954 4387 1010 4423 cunr
1020 4374 1145 4438 voluptate
1158 4375 1182 4422 in
1195 4373 1307 4435 praesenti
1318 4384 1374 4434 quae
1384 4371 1475 4432 agenda
1486 4373 1543 4420 sunt
1555 4372 1646 4444 agnpt,
1659 4382 1737 4433 quum

128 4453 185 4500 Jam
207 4453 270 4514 quod
294 4453 404 4502 omnium
428 4452 511 4502 auditu
538 4454 741 4516 jucundissimum
766 4460 817 4517 cst,
842 4461 909 4505 tuam
954 4472 1007 4508 mea
1021 4473 1094 4508 causa
1108 4459 1154 4508 diis
1171 4459 1264 4520 accepti
1277 4458 1333 4519 sint,
1345 4456 1428 4507 amicis
1441 4457 1602 4518 cari,lronesti
1614 4458 1737 4520 lupatria.
1822 4504 1829 4516 ,

127 4540 203 4602 ipsius
219 4541 315 4591 taudem
334 4542 425 4591 nullam
437 4543 524 4593 audis:
539 4557 591 4606 nec,
605 4545 669 4606 quod
686 4545 850 4606 spectaculum
867 4547 906 4608 jn·
955 4547 1065 4609 benique
1080 4560 1157 4610 quum
1171 4546 1250 4596 fatalis
1261 4546 1317 4594 rito
1326 4546 1406 4594 exitus
1419 4544 1495 4605 adest,
1506 4557 1554 4593 non
1569 4543 1704 4592 inhonorati
1714 4545 1738 4592 in

127 4627 302 4678 surdissimum
315 4632 365 4691 est,
380 4635 487 4692 spectare
498 4634 574 4696 potes.
592 4633 686 4696 Quippe
701 4633 791 4682 nultum
802 4648 907 4702 unquam
954 4635 1074 4684 oblivione
1092 4635 1184 4695 iacent,
1201 4635 1244 4684 sed
1264 4635 1409 4696 sempiterna
1429 4634 1553 4682 bominum
1568 4633 1682 4682 memoria
1698 4647 1738 4682 ce·

129 4714 269 4776 preclarum
282 4717 373 4765 lacinus
389 4720 459 4766 tuum
476 4719 567 4768 vidisti.
600 4721 668 4778 Quis·
680 4731 738 4770 raro
759 4721 801 4770 tibi
820 4721 907 4784 aliquid
954 4723 1037 4772 lebrati
1053 4723 1147 4772 liorent.
1165 4704 1265 4774 Talibus
1277 4722 1401 4772 laboribus
1412 4722 1553 4782 exantlatis,
1567 4723 1601 4770 mi
1612 4722 1737 4781 Hercules,

125 4799 216 4852 dicenti
230 4804 301 4854 sidem
314 4805 416 4855 habeat?
427 4806 487 4863 Quis
498 4807 532 4856 rei
544 4807 644 4870 alicuius
652 4808 764 4871 indigenti
777 4809 907 4872 quidquam
939 4819 942 4824 ·
955 4810 1053 4860 sortium
1065 4812 1191 4871 parentum
1204 4809 1342 4872 progenies,
1355 4809 1412 4858 licet
1423 4809 1465 4858 tibi
1478 4821 1506 4858 ca
1517 4809 1629 4858 felicitate
1638 4809 1673 4858 uti
1682 4823 1738 4871 quta

128 4891 279 4952 suppeditet?
300 4893 361 4948 Quis
381 4893 468 4944 mentis
488 4909 587 4958 compos
607 4909 635 4946 ex
658 4899 700 4946 tuo
725 4897 835 4946 sodalitio
858 4911 910 4948 esse
953 4900 984 4948 ab
997 4899 1109 4948 omnibus
1126 4898 1231 4948 maxime
1251 4897 1403 4961 praedicatur.
1438 4899 1473 4945 tta
1486 4896 1536 4946 tere
1551 4882 1667 4946 Prodicus
1683 4911 1739 4960 per·

127 4977 232 5028 audeat?
244 4991 318 5041 quum
328 4979 378 5040 tui,
391 4980 412 5029 si
423 4981 524 5043 juvenes
534 4983 591 5043 rint,
604 4982 743 5045 corporibus
752 4983 799 5032 sint
809 4983 909 5046 debiles,
954 4986 1066 5048 sequitur
1086 4990 1205 5049 praecepta
1220 4990 1245 5035 et
1266 4985 1390 5048 instituta,
1409 4984 1497 5046 quibus
1511 4985 1595 5034 Virtus
1609 4987 1737 5035 Herculem

126 5067 146 5115 si
163 5069 234 5117 oetate
252 5069 416 5130 processerint,
428 5069 547 5132 desipiant
560 5083 589 5120 ac
605 5075 686 5120 mente
700 5071 763 5133 cepti
786 5069 848 5130 sint;
859 5071 909 5121 sine
954 5072 1102 5122 informarit.
1115 5070 1162 5122 Sed
1175 5072 1215 5121 ille
1233 5071 1313 5121 verbis
1333 5071 1593 5138 magnificentioribus,
1605 5087 1679 5135 quarn
1693 5087 1738 5137 ego

124 5154 210 5206 labore
227 5155 295 5206 nitidi
317 5155 499 5208 adolescentiam
512 5159 536 5208 in
554 5158 670 5218 consitiis
689 5161 834 5220 conterunt,
851 5171 907 5210 oum
954 5173 1019 5208 ntrnc
1034 5159 1094 5222 ieci,
1107 5159 1238 5209 sententias
1251 5159 1353 5223 ornarit
