3959 5925
722 412 958 530 uniondum
978 430 1112 489 νιιιιι.
1674 447 1709 497 ιο

126 552 190 629 περὶ
208 558 291 612 ταῦτα
311 553 356 612 καί
374 551 417 611 δεδι
435 553 495 612 τοό
486 578 532 613 ων
553 554 730 617 συνίστασθαι
772 559 897 635 Λέγωμεν
942 563 1065 636 λογικῶς·
1080 560 1285 639 περιπέφρασται
1302 562 1327 621 δέ
1349 563 1394 621 καλ
1417 566 1491 622 έν
1456 588 1493 643 τῳ
1515 566 1630 645 τετάρτῳ
1653 569 1712 645 περὶ

126 630 172 695 οθν
186 662 247 718 περι
265 644 318 697 τῶν
331 640 441 719 πρῶτων
462 641 533 709 εὐθὺς
548 646 630 701 ὁποῖοι
651 635 717 714 ἦσαν
731 648 756 702 οἱ
774 646 881 703 dard*
847 670 898 703 των
944 648 1078 721 Νόμωνῑ
1055 647 1078 689 ⁴¹
1095 648 1186 705 tori*
1153 671 1199 717 της
1210 646 1349 707 άκολουθ
1305 655 1360 717 θιας
1373 673 1417 707 του
1401 628 1490 710 “3203
1504 656 1590 731 σαφῶς
1601 651 1656 725 ἅμα
1669 655 1713 711 καὶ

126 728 246 831 ψυχικῶν
263 725 447 804 ἀναγόμενοι·
468 724 604 806 Ὅμηρος,
618 729 729 789 δεδόσθαι
742 733 836 809 γὰρ
805 754 837 806 τη
852 735 898 810 ιἰρ·
944 734 1083 799 πλουσίως.
1126 733 1203 792 Τὸδί
1216 757 1245 811 γε
1257 735 1407 814 πολυφωνον
1418 760 1462 795 του
1446 712 1652 803 ”Πλάίωνος’
1627 762 1655 795 ον
1666 761 1714 797 πο-

128 811 249 889 χαιόιητι
262 814 407 891 προνομία,
421 814 560 893 ψυχικον’
546 816 696 894 απεφήνατο
709 816 739 874 τδ
750 822 796 888 τῆς
812 818 897 875 εθδαι·
942 820 1095 887 λόδοξονθθ.
1137 820 1248 898 Εἴρηται
1263 821 1289 878 δέ
1306 821 1392 880 καλ
1366 846 1399 879 τα
1412 825 1471 901 περι
1485 846 1529 881 του
1512 823 1671 889 ”τέλους’
1642 829 1713 882 αυτῶ

129 898 218 969 μανίας
236 899 325 972 τέλος,
345 899 391 957 καὶ
420 908 503 959 ταῦτα
532 901 574 960 διὰ
601 908 645 961 τοῦ
671 902 892 983 παρεισαγομένου
943 908 1090 985 πολλαχῶς.
1133 907 1186 966 list
1198 907 1291 977 τὴν
1263 907 1451 983 μενποικιλίαν
1466 914 1512 980 τῆς
1528 910 1646 988 φράσεως
1659 911 1714 989 ἔχει

128 985 267 1063 προσώπω
289 986 438 1067 σοφωτάτου
460 991 523 1067 παρ’
549 990 630 1069 αυτῷ.
685 991 832 1061 Πεπυέηται
848 993 898 1097 γὰρ
944 992 1029 1051 tut-d
1052 992 1136 1069 λόγιον
1152 992 1197 1050 καὶ
1221 992 1418 1072 μεγαλήγορον,
1433 997 1467 1060 εἰς
1481 994 1509 1053 δέ
1526 996 1605 1054 ταῦτδ
1625 993 1650 1037 ‘¹³
1669 1020 1713 1056 και

128 1072 272 1181 Ὀδυρσελις
285 1072 334 1109 ³⁶
320 1096 503 1218 αναφωνων
518 1098 547 1133 ου
535 1078 609 1154 γὰρ
622 1076 738 1153 έγωγέ
712 1100 739 1135 τι
750 1100 817 1157 φημι
827 1099 900 1144 τεκος
944 1080 1079 1191 σύμφωνον
1094 1084 1137 1139 τοῦ
1152 1077 1278 1156 δόγματος
1293 1082 1419 1139 συντελεῖ.
1462 1082 1593 1142 Τοθτυδ
1610 1082 1707 1139 ἐστὶ
1683 1105 1714 1140 το

128 1162 329 1240 χαριέστερουε
317 1152 427 1234 εἷναι,ἢ
450 1162 558 1221 όταν’
534 1167 679 1245 ευφροσύνη
695 1164 742 1240 μὲν
760 1164 808 1242 ἔχῃ
832 1164 899 1222 κατὰ
943 1189 994 1224 κατ
994 1164 1106 1244 ’νάρετλ
1121 1169 1178 1236 ζῆν.
1221 1167 1382 1225 ΤοῦτοδΗ
1353 1156 1385 1225 αὖ
1399 1166 1656 1246 κτησιςάμακαὶχρ
1657 1172 1714 1238 ἥσις

129 1252 214 1324 δημον
238 1250 384 1309 ἅπαντα.»
424 1249 501 1309 itt’
523 1253 664 1330 εὐφροσύνη
678 1244 776 1358 ψυχικῆ
789 1251 828 1319 τίς
844 1255 900 1310 ten
943 1257 989 1323 τῆς
1008 1252 1107 1319 τελείας
1129 1255 1231 1329 ἀρετῆς.
1273 1251 1337 1313 Ὀτι
1358 1253 1385 1311 δέ
1400 1254 1471 1320 τέλος
1493 1256 1572 1325 αὐτὴν
1593 1256 1713 1361 ἡγεῖται,

130 1340 257 1406 διάθεσις,
269 1336 300 1407 ἣν
312 1337 342 1395 όν
360 1336 567 1415 τιςέηγησαιτο
579 1340 662 1410 καλὴν
673 1362 811 1418 φρονησιν
824 1345 900 1397 τοῦτο
942 1341 1051 1418 τέταχεν
1073 1341 1099 1398 έν
1123 1339 1229 1417 Τιμαίῳ
1248 1338 1273 1381 ⁴⁴
1295 1338 1362 1397 κατὰ
1381 1338 1493 1415 τοῦνομα
1507 1337 1544 1381 3⁵·
1568 1341 1660 1419 φράσω
1686 1343 1712 1399 δέ

129 1424 199 1481 δαν
211 1424 380 1491 ἐκδεςαιτο
354 1447 400 1493 την
413 1424 512 1482 ἐπὶ
472 1447 524 1490 τοις
534 1427 622 1492 καλοις
632 1448 766 1507 φρονησιν.
789 1426 899 1537 Ὁμήρῳ
943 1426 1032 1485 καλ
1008 1449 1038 1484 το
1055 1425 1300 1505 ἀκροτελεότιον
1268 1450 1313 1498 της
1334 1449 1367 1484 πε
1371 1448 1473 1507 ριοχης·
1495 1426 1594 1505 έχειδ
1616 1427 1711 1494 οὕτως·

128 1512 178 1587 μὲν
194 1511 299 1591 ἀρκέσει
318 1510 493 1621 προμετρηθέν
508 1513 537 1569 τδ
556 1517 602 1583 τῆς
624 1518 701 1586 τιμῆς
724 1513 767 1571 διὰ
782 1514 865 1583 τὴν’
850 1536 900 1591 orp-
944 1513 1114 1625 θμριόισαντα
1123 1513 1151 1572 δέ
1165 1513 1236 1579 τέλος
1251 1513 1319 1591 ἔχειν
1334 1537 1378 1571 του
1362 1514 1557 1591 προτεθέντος
1572 1515 1714 1592 ἀνθρώποις

127 1597 277 1677 χαιότητα,
288 1596 331 1655 est
349 1597 427 1655 δὲ’*
389 1622 448 1663 τους
461 1598 627 1705 φιλοσόφους
628 1600 702 1657 ἰτέον.
944 1600 994 1658 ὑπὸ
1014 1601 1114 1659 θεῶν’
1099 1600 1205 1677 αρίστου
1226 1600 1281 1679 βίου
1296 1598 1359 1678 πρός
1372 1621 1400 1657 τε
1419 1599 1461 1657 τὸν
1478 1600 1594 1679 παρόντα
1612 1624 1657 1660 και
1671 1600 1713 1659 τδυ

168 1685 326 1763 Σωκράτης,
343 1685 472 1755 Πλάτων,
491 1684 627 1742 rodda*
591 1709 629 1765 τῳ
650 1686 806 1766 Πυθαγόρα,
829 1684 900 1751 τέλος
944 1688 1071 1765 μέλλοντα
1085 1686 1227 1766 χρόνον.
1192 1684 1227 1745 ⁴⁶.

126 1771 250 1845 ὁμοίωσιν
266 1776 334 1829 θεοῦ.
377 1771 513 1851 Σαφέστερ
514 1773 578 1829 ουδ’
593 1770 655 1830 αὐτὸ
671 1773 760 1851 διήρθρ
761 1795 812 1830 ωσε
824 1773 900 1831 Πλα
982 1772 1160 1851 Αιστοτέλης
1171 1772 1216 1820 ⁴⁷
1210 1776 1303 1851 χρῆσιν
1319 1774 1411 1850 αρετης
1424 1771 1522 1840 τελείας
1536 1776 1562 1831 έν
1579 1797 1710 1853 προηγου-

126 1881 181 1916 των
191 1857 369 1937 ,προσθεὶς
346 1880 376 1915 το
389 1859 456 1915 κατα
470 1859 500 1917 τδ
521 1858 644 1930 δυνατόν,
667 1861 716 1939 (φρ
717 1850 884 1928 ονησειδ
867 1882 899 1929 ην
944 1858 1040 1934 μένοις.
1082 1856 1163 1917 ἹΓ
1134 1881 1180 1934 μεν
1199 1881 1242 1915 ουν
1261 1881 1295 1937 χρ
1282 1858 1354 1934 ρησίς
1368 1860 1422 1917 ἔστι
1436 1859 1559 1918 πλεοιι
1526 1884 1572 1931 της
1585 1884 1713 1931 κττσεως

127 1946 214 2053 μόνως
236 1942 342 2003 δυνατόν
349 1945 470 2021 ,)τοῦτο
489 1946 511 2001 δ’
525 1936 604 2017 ἦν
580 1967 610 2002 το
628 1949 687 2004 κατ’
708 1948 811 2025 ἀρετήν.
852 1944 900 2004 Ἐν
945 1943 1120 2025 ἐνέργειαν
1092 1968 1170 2022 γαρε
1159 1936 1223 2002 εἶναι
1244 1944 1364 2022 βουλεται
1377 1945 1424 2015 τὴν
1446 1946 1607 2030 εὐδαιμονίαν
1628 1947 1672 2005 και
1685 1970 1715 2006 τυ

128 2032 243 2111 μὲνγὰρ
257 2030 352 2109 θεῶτο
369 2052 527 2107 κοσμοποιον
546 2031 857 2104 καλκοσμοδιοικητικόν·
873 2035 899 2090 ἐν
943 2030 1161 2109 τελοτήμίτερον.
1204 2030 1274 2090 ‘H3'
1286 2032 1366 2111 ἀρετὴ
1378 2030 1458 2101 έξιςή
1476 2033 1599 2111 βελτίστη
1614 2035 1714 2112 ψυχῆς·

127 2120 156 2177 δὲ
171 2123 210 2197 τῷ
225 2123 296 2199 σοφῷ
309 2118 366 2196 βίου
383 2116 542 2184 κατάστασις
555 2118 599 2177 καὶ
614 2123 682 2189 ζωῆς
697 2120 824 2198 διαγωγή·
836 2120 899 2198 ὅπερ
943 2118 1030 2177 τελεία
1045 2116 1073 2175 δέ
1085 2120 1197 2196 τριχῶς,
1213 2118 1259 2175 καὶ
1275 2117 1326 2194 γὰρ
1342 2116 1457 2183 σύνθετος
1475 2124 1505 2177 ἐκ
1520 2123 1571 2177 τῶν
1591 2124 1716 2197 θεωρητι·

127 2206 276 2274 αἰνίξασθαι
297 2205 345 2283 μὲν
364 2203 487 2284 Ὅμηρον
510 2202 534 2252 ³7
559 2207 684 2281 εἰπόντα,
713 2235 724 2258 ι
746 2210 804 2283 μετ’
827 2208 898 2286 ἴχνια
943 2205 996 2260 κῶν
1011 2202 1056 2261 καὶ
1075 2206 1225 2283 πρακτικῶν
1247 2204 1290 2262 καὶ
1304 2206 1460 2283 ἠθικῶν·τρ
1464 2204 1489 2263 ία
1504 2206 1553 2285 γάρ
1568 2206 1715 2264 ὑποτίθεται

129 2298 204 2370 βαῖνε
224 2298 300 2351 θεοῖο.
328 2316 340 2342 ι
380 2292 535 2369 Πυθαγόραν
556 2292 583 2351 δέ
608 2293 651 2353 ἐπ’
664 2296 742 2352 αὐτοῦ
757 2292 781 2329 ³⁸
804 2296 899 2351 sinsin·
945 2289 1055 2401 γένιγ,ἃ
1076 2290 1106 2349 διν
1121 2290 1205 2357 εἴποις
1215 2294 1307 2371 ἀρετῆς
1320 2293 1390 2351 κατὰ
1403 2292 1539 2369 σύνθεσιν,
1556 2294 1600 2351 καλ
1615 2296 1698 2353 έκ”
1663 2318 1715 2351 των

125 2378 291 2459 Ἕταιθεῷ·
311 2380 424 2449 δῆλον
410 2404 445 2445 ως
464 2382 513 2459 οὐχ
534 2384 619 2461 ὁρατῷ
634 2380 679 2438 καὶ
695 2382 900 2484 προηγουμένῳ,
943 2377 1043 2436 οἰκείων
1058 2378 1192 2453 δυνάμεων
1207 2379 1531 2457 συμπεπληρωμέυης,’
1500 2404 1599 2461 φυσεως
1614 2380 1715 2457 θ’,λό-

127 2490 214 2547 υοητω
193 2466 250 2524 δὲ
265 2466 355 2525 καλ
322 2490 369 2537 της
381 2489 507 2543 κοσμικνς
525 2466 665 2535 ευταξιας
653 2491 783 2547 αρμονικω
764 2465 836 2525 ³⁹.
853 2468 899 2528 Εἷ-
942 2487 1006 2541 γου,
1019 2464 1099 2531 ἔθους.
1141 2466 1198 2525 Γ
1168 2489 1233 2544 αυτη
1248 2465 1305 2524 κατ’
1320 2466 1426 2543 ἀριθμὸν
1439 2468 1492 2545 ἐρει
1499 2490 1551 2541 τις,
1565 2465 1581 2537 ἢ
1594 2466 1637 2525 καλ
1648 2467 1715 2525 κατδι

127 2575 207 2631 ρηται
223 2551 251 2610 δ
239 2551 338 2630 «παρά
354 2551 496 2619 Πλάτωνος
511 2551 538 2593 3⁰
554 2551 661 2609 κατδι
638 2576 667 2610 το
686 2557 732 2622 τῆς
751 2554 899 2633 φιλοσοφίας
944 2551 1109 2665 συμφωνίαν
1107 2574 1153 2609 του
1136 2553 1272 2627 λογικοῦ
1295 2552 1343 2629 μέρ
1344 2574 1386 2657 pur
1404 2552 1467 2631 πρὸς
1485 2554 1640 2632 τάλογον
1608 2578 1653 2623 της
1667 2557 1716 2633 ψυ·
1723 2608 1726 2613 ,

126 2638 305 2719 τριμερές,έν
321 2638 427 2718 Τιμαίῳ
441 2640 494 2715 μὲν
505 2643 632 2720 φυσικῶς,
646 2640 787 2719 προσθήσω
807 2640 834 2698 δέ
854 2640 897 2698 καὶ
944 2660 1067 2717 χης,
1018 2660 1067 2717 πε
1071 2629 1125 2697 ιων
1138 2637 1317 2717 ineditae
1320 2639 1405 2717 ρώσω.
1428 2642 1615 2748 Πολλαχῶςδ
1618 2639 1715 2708 ’ἔξεστι

125 2728 512 2807 Πυθαγορικως,σηιιαίνοντος
523 2726 637 2807 αφθονως
649 2727 697 2796 riu
710 2726 807 2785 ἐκεινου
820 2750 898 2807 προε·
944 2725 991 2796 τὴν
1007 2725 1168 2801 εὐδαιμονίαν
1181 2724 1311 2803 θρζεσθαι
1332 2726 1390 2784 κατ’
1408 2726 1500 2797 αὐτόν,
1515 2730 1567 2784 οἱον
1586 2725 1714 2833 ἐνέργειαν

125 2815 240 2874 πίνοιαν·
256 2816 282 2872 έν
297 2814 324 2872 δὲ
337 2814 623 2894 τῇΠολιτείαῆθικιῖις·
636 2814 900 2893 ἐνδέτιγιθεαιτήτιγι
944 2810 1002 2869 κατ’
1026 2810 1119 2891 δρετὴν
1141 2812 1258 2889 τελείαν,
1281 2816 1306 2871 ἐν
1329 2812 1377 2892 βίῳ
1394 2812 1488 2891 τελείῳ
1503 2812 1714 2891 προηγουμένη·

125 3039 439 3104 ipsaiuterseooueiuunt.
472 3041 555 3096 Quom
574 3038 638 3086 enim
652 3038 767 3087 homoex
782 3039 862 3088 animo
875 3045 900 3090 et
943 3042 968 3085 et
980 3036 1229 3098 Pythagortee,oujns
1240 3035 1325 3098 pinsito
1341 3034 1431 3098 ubique
1441 3034 1588 3084 abundanter
1598 3035 1715 3097 significa·

125 3142 226 3190 corpore
236 3129 343 3186 mustei,
358 3128 382 3176 in
398 3127 436 3175 his
453 3128 478 3176 et
492 3125 557 3175 circa
569 3126 621 3175 neo
638 3128 773 3174 necessario
791 3127 900 3187 ponenda
943 3124 994 3183 rit;
1005 3123 1030 3170 iu
1045 3121 1175 3184 Republica
1190 3125 1271 3171 autem
1288 3121 1376 3180 ethice,
1388 3123 1413 3170 in
1430 3122 1552 3170 Thereteto
1567 3135 1623 3170 nero
1641 3122 1716 3182 logice

124 3220 164 3266 est
185 3217 238 3277 eius
262 3215 396 3265 beatitudo.
428 3217 509 3272 Quare
526 3213 556 3262 de
579 3213 661 3274 primis
676 3213 756 3262 statim
777 3212 898 3273 dicamus,
942 3209 1052 3258 dictum:
1066 3207 1200 3271 expositum
1212 3211 1283 3258 etnam
1304 3208 1361 3257 est
1355 3220 1380 3256 ιο
1393 3210 1477 3269 quarto
1495 3208 1526 3258 de
1539 3208 1640 3268 Legibus
1655 3207 1714 3256 libro

124 3303 211 3368 quates
234 3303 339 3362 tuerint,
358 3302 399 3364 qui
417 3301 448 3351 ab
467 3301 547 3350 auimo
569 3301 638 3349 troc'
630 3314 656 3348 m
671 3313 697 3349 re
717 3302 773 3350 sunt
791 3301 897 3362 protecti.
942 3297 1012 3345 simui
1029 3308 1151 3358 perspicue
1162 3298 1188 3344 et
1200 3308 1294 3358 copiose
1305 3294 1335 3344 de
1346 3295 1389 3344 Der
1407 3294 1545 3343 imitatione.
1578 3295 1714 3354 caeteroqni

124 3395 261 3453 Homerus,
273 3393 301 3440 ut
310 3389 448 3452 antiquitati
462 3401 550 3451 prunas
561 3387 728 3448 deteramus,
721 3401 746 3436 m
754 3388 835 3437 aninro
846 3388 899 3436 bea
943 3393 1053 3443 quemvis
1065 3381 1152 3431 Plato
1145 3393 1170 3429 m
1187 3381 1264 3430 rerbrs
1276 3381 1364 3440 narret
1377 3393 1424 3428 uon
1434 3382 1513 3428 tamen
1525 3379 1595 3427 ideo
1588 3393 1613 3426 ιο
1624 3379 1716 3427 senten

124 3479 253 3531 titudinem
273 3479 368 3541 posuit;
386 3477 458 3538 idque
479 3476 524 3524 sub
548 3487 650 3537 ρετουιιο
669 3487 742 3535 quam
765 3474 899 3523 introduxit
943 3467 981 3516 tiis
997 3466 1079 3516 rarius
1098 3471 1135 3516 est
1154 3470 1227 3528 atque
1247 3467 1395 3516 inconstans.
1411 3469 1447 3515 De
1461 3465 1507 3514 tioe
1525 3477 1620 3526 quoque
1634 3465 1715 3513 mrdtis

122 3564 306 3627 sapientissima.
338 3563 430 3612 Etenim
442 3561 465 3609 in
477 3561 540 3609 inune
551 3560 650 3610 modum
662 3560 753 3610 Ulixem
763 3560 898 3610 recitemu-
942 3555 1000 3603 iocis
1015 3555 1076 3616 agn.
1103 3558 1137 3603 Ac
1161 3554 1299 3602 varietatem
1316 3547 1413 3616 quidem
1433 3551 1544 3601 dictionis
1565 3549 1653 3598 trabunt
1671 3551 1715 3598 ista

123 3660 177 3701 rem
189 3651 263 3700 tacit:
275 3670 287 3692 ι
296 3653 349 3700 tion
360 3650 424 3698 enirn
435 3661 480 3710 ego
488 3648 562 3696 otiam
572 3650 630 3710 puto
642 3660 692 3696 rem
703 3647 828 3708 gratiorem
837 3660 898 3707 esse,
943 3644 1039 3703 propter
1056 3641 1188 3689 doctrinam
1207 3644 1232 3689 et
1248 3639 1487 3701 magniloquentiam,
1505 3637 1545 3685 sed
1568 3637 1598 3684 ad
1611 3637 1714 3684 eundern

123 3752 203 3801 quam
213 3751 286 3800 quum
298 3737 380 3787 taetitia
393 3736 491 3799 guidem
501 3735 591 3784 detinet
607 3735 719 3796 populum
731 3734 875 3783 universum.
885 3755 897 3777 ν
942 3741 1038 3776 sensum
1052 3728 1163 3789 idemque
1183 3723 1327 3788 preceptum
1344 3725 1425 3773 omnia
1440 3725 1491 3785 ejus
1513 3723 1585 3770 rerba
1604 3722 1714 3772 redeunt.

122 3829 189 3875 Nam
208 3824 289 3872 taetitia
308 3835 363 3884 qrrre
379 3823 418 3870 tuto
440 3821 527 3870 dicitur
549 3820 645 3869 trabitus
667 3826 703 3868 est
720 3820 807 3880 animi,
826 3831 898 3880 quem
942 3819 984 3865 Est
998 3814 1122 3862 neroiitud
1139 3826 1195 3862 euru
1208 3813 1295 3861 virtute
1313 3813 1410 3871 rivere3
1425 3811 1471 3858 troc
1485 3823 1541 3857 reru
1561 3822 1645 3858 rursus
1660 3821 1714 3870 per·

121 3912 196 3962 liceat
214 3910 393 3960 eonveuientom
413 3908 563 3958 attentionem
582 3906 633 3955 sire
648 3919 728 3956 rernm
746 3906 897 3955 tonantum
942 3900 1010 3947 iectcc
1031 3897 1126 3947 virtutis
1150 3895 1220 3945 simut
1250 3895 1424 3955 possessiouem
1448 3897 1472 3941 et
1499 3905 1569 3940 usum
1587 3891 1714 3954 significat.

121 3999 277 4061 prudentiam
290 3996 447 4059 interpretari.
478 3992 898 4056 Atqusiiorueroquidemtricpron
942 3985 1164 4035 Huncsanetinem
1180 3997 1206 4033 se
1221 3985 1342 4042 statuere,
1358 3980 1520 4030 nominatim'
1513 3993 1538 4027 m
1552 3981 1642 4028 Timaeo
1656 3991 1714 4027 con·

121 4088 177 4148 pter
187 4085 354 4146 unuqurtatem
366 4096 457 4145 pnmus
467 4082 565 4130 habitus
574 4082 650 4130 nouos
661 4080 777 4129 rusticiet·
770 4078 897 4142 ,deinceps
942 4075 1018 4123 tessus
1040 4073 1101 4122 est
1095 4085 1118 4120 m
1138 4071 1191 4120 loco
1210 4071 1278 4130 cujus
1293 4069 1376 4117 ultima
1393 4071 1488 4117 tantum
1509 4065 1581 4114 rerba
1600 4065 1711 4124 atteram

120 4177 206 4222 autem
223 4172 253 4220 ad
264 4167 428 4234 philosophos
445 4181 576 4231 pergemus.
941 4165 998 4208 sunt
1016 4162 1096 4208 autern
1116 4158 1189 4206 haec:
1210 4169 1252 4219 per
1267 4168 1340 4218 quaro
1352 4153 1530 4202 similitudinem
1543 4152 1598 4200 ritus
1617 4151 1715 4212 optimae

154 4261 279 4318 Socrates,
299 4259 379 4316 Plato,
393 4270 440 4305 uun
453 4256 616 4306 dissentientes
634 4270 649 4303 a
667 4257 812 4317 Pythagora,
824 4255 897 4304 tinem
942 4245 1023 4293 divino
1035 4257 1133 4293 munere
1149 4241 1286 4292 nominibus
1298 4240 1426 4303 propositae
1442 4238 1513 4287 tinem
1529 4241 1554 4286 et
1572 4237 1596 4284 iu
1609 4248 1715 4297 praesens

118 4345 238 4394 diseruut
250 4343 296 4393 Dei
311 4341 500 4392 similitudinem.
539 4343 627 4390 Verum
642 4341 666 4388 id
678 4336 771 4403 manius
791 4342 896 4402 exotica·
942 4336 967 4380 ei
979 4331 1004 4380 3¹¹
1016 4334 1137 4393 posterum
1149 4334 1244 4391 tempus
1257 4321 1440 4388 consequamur.
1621 4375 1623 4382 ⁴

118 4433 160 4480 vit
180 4431 265 4490 Plato,
290 4432 407 4490 quatenus
431 4428 481 4477 [ieri
498 4434 591 4490 posset,
613 4427 751 4488 adjiciens:
775 4427 899 4489 prudentia
972 4419 1110 4467 Aristoteles
1128 4430 1197 4465 usum
1217 4416 1314 4465 virtutis
1326 4415 1437 4476 periectae
1454 4413 1478 4460 in
1492 4410 1613 4473 productis
1628 4407 1713 4469 posuit.

64 4514 68 4518 ’
117 4519 207 4564 aulem
233 4515 285 4564 sire
306 4515 395 4563 virtute
418 4515 468 4563 sota
493 4513 517 4562 id
541 4513 591 4562 ieri
613 4515 698 4575 potest.
731 4515 765 4561 ut
790 4512 897 4560 enimin
942 4509 1020 4566 atque
1031 4517 1090 4553 usus
1107 4504 1203 4564 guidem
1218 4504 1271 4564 ptus
1291 4514 1364 4565 quam
1377 4501 1493 4562 possessio
1505 4497 1581 4554 salet,
1600 4493 1713 4557 quinium

117 4606 176 4652 Deo
197 4602 303 4651 cernitur
323 4601 407 4650 muudi
420 4602 508 4650 creatio
521 4603 546 4649 et
568 4598 756 4658 administratio,
770 4599 803 4647 ita
819 4598 845 4647 iu
858 4611 897 4646 sa·
943 4592 1087 4641 functionem
1102 4591 1153 4639 uult
1164 4604 1216 4639 esso
1232 4587 1402 4639 beatitudinem
1414 4586 1531 4646 finemque
1544 4582 1613 4631 uobis
1627 4594 1714 4644 propo-

116 4691 204 4752 pienta
221 4688 278 4737 ritce
300 4687 468 4737 institutione
496 4687 591 4736 vivendi
618 4686 694 4745 ratio;
713 4685 777 4746 qrrod
799 4685 896 4748 qudem
942 4681 1024 4728 situm.
1057 4679 1141 4728 Virtus
1163 4681 1245 4727 autem
1260 4677 1357 4724 habitus
1378 4679 1414 4723 est
1435 4673 1507 4720 animi
1525 4671 1643 4732 optimus;
1660 4681 1712 4730 per-

114 4781 245 4828 tromerus
261 4774 389 4835 iudicarit,
410 4787 486 4837 quum
503 4773 590 4823 dixit:
614 4791 627 4816 ι
648 4772 700 4821 στω
714 4772 813 4832 uestigia
833 4771 896 4821 inse-
943 4768 1003 4816 tecta
1025 4778 1079 4816 uero
1111 4765 1226 4814 trifariam
1246 4764 1370 4825 accipitur,
1393 4759 1483 4822 quiue
1507 4755 1712 4818 contemplativis,

112 4863 251 4923 queisatur.
268 4881 281 4906 ι
313 4861 360 4911 Sed
377 4862 522 4923 Pythagoras
532 4872 627 4922 quoque
638 4859 708 4908 deca
722 4858 819 4907 redixit
836 4878 842 4907 :
857 4860 898 4908 se·
942 4853 1063 4903 activiset
1084 4853 1214 4900 moraiibus
1237 4846 1487 4909 constat:siqutden1
1513 4845 1558 4894 tria
1578 4845 1715 4892 statuuntur

113 4961 199 5013 quere
210 4951 304 5011 Deum;
315 4948 426 4997 nimirum
445 4961 492 4996 non
503 4938 554 4996 t'am
567 4946 641 4996 ocutis
653 4945 783 4994 ridendum
797 4947 822 4993 et
835 4958 898 5007 prro-
942 4952 1029 5002 genera
1048 4939 1143 4986 uirtutis
1159 4940 1186 4985 ut
1198 4936 1335 4998 composita·
1358 4937 1429 4995 atque
1445 4945 1459 4980 e
1484 4931 1533 4980 suis
1549 4929 1715 4989 facultatibus,

112 5042 239 5096 euntem,
260 5048 333 5096 guam
355 5037 436 5084 ruente
461 5025 606 5084 cemeudum
625 5026 792 5095 music'umque
817 5045 896 5080 rerum
943 5031 1043 5087 natura,
1056 5026 1160 5082 ratione,
1179 5036 1246 5072 ιιιοτε
1260 5021 1376 5070 contiatos.
1410 5018 1532 5080 sicigitur
1549 5029 1592 5078 pro
1611 5017 1715 5077 partium

116 5120 237 5181 compagi
254 5121 417 5182 praepositum.
449 5124 528 5188 Atque
545 5119 591 5167 hoc
611 5131 626 5167 a
646 5118 744 5168 Platone
763 5118 834 5179 juxta
848 5121 896 5166 tres
943 5127 1041 5163 numero
1053 5112 1139 5175 uliquis
1151 5109 1227 5171 dicat,
1241 5115 1283 5158 aut
1296 5108 1407 5157 virtutem
1420 5105 1492 5156 etiam
1503 5103 1599 5153 desiniat
1611 5115 1713 5151 ronceu-

116 5207 287 5274 ptritosopirioe
299 5212 382 5274 'partes
399 5208 423 5257 iu
443 5207 535 5257 Timaeo
555 5205 651 5268 quidem
675 5203 787 5268 physice,
811 5195 897 5254 addim
943 5208 994 5252 tum
1008 5202 1096 5251 ratione
1116 5199 1222 5262 prucditoe
1236 5197 1309 5260 partis
1327 5193 1399 5244 animi
1418 5206 1472 5243 cum
1489 5191 1586 5242 rationis
1603 5192 1711 5252 experte.
