3959 5925
778 376 830 438 DE
851 378 1063 442 seruistis,

108 520 295 597 sempiterna
309 514 372 572 vita
387 512 558 591 praeditum,
573 515 678 591 partim
694 533 765 571 vero
780 526 899 592 propter
946 514 1021 573 facia
1039 516 1124 573 simul
1138 516 1259 574 honesta
1272 502 1360 573 simul
1376 517 1474 594 turpia
1493 516 1722 577 animadvertere

109 606 244 665 materiae
258 604 469 683 perennitatem
487 615 674 680 perpetuum,
687 621 703 659 a
716 602 797 661 vitiis
813 603 897 661 etiam
944 601 1106 673 videretur,
1118 603 1268 680 propositi
1288 603 1446 661 sceleribus
1465 606 1559 680 poena
1579 605 1724 662 nemiuem

108 694 269 753 hominum
294 692 387 748 instar
401 708 460 747 non
479 690 617 747 immune.
661 690 824 748 Heraclitus
844 692 898 749 etsi
945 691 1060 769 impure
1070 711 1102 748 ac
1118 692 1276 767 flagitiose,
1288 691 1339 749 sed
1350 692 1471 749 honeste
1482 712 1582 750 omnes
1591 693 1728 770 justeque

109 784 199 841 orbis
219 782 321 839 ducem
347 778 489 837 rationem
513 779 575 836 sire
600 791 728 844 ¹mentem
752 798 815 837 esse
836 779 900 835 vult
946 780 1077 837 victuros
1100 799 1171 839 esse.
1215 779 1287 836 Tale
1315 779 1385 855 quid
1413 777 1519 838 Critias
1538 780 1570 836 in
1586 781 1728 854 tragoedia

111 889 298 950 peromnem
315 888 412 926 rerum
435 880 567 925 naturam
579 868 717 925 intentam
730 880 759 925 et
776 886 899 940 comme·
945 866 1065 944 Sisyphi
1079 868 1198 925 nomine
1212 868 1355 944 inscripta
1373 868 1469 925 dicere
1491 887 1578 925 ausus
1598 880 1651 925 est.
1674 868 1727 923 Ve.

113 974 234 1031 antem,
253 974 338 1034 quam
354 957 440 1013 etiam
457 954 541 1014 lovis
560 958 676 1013 nomine
688 954 813 1033 appellat
832 954 870 1033 (8)
893 978 900 1012 ι
947 954 1084 1012 rum'alii
1110 974 1228 1031 quoque
1246 968 1339 1031 poetae
1358 968 1386 1011 et
1407 956 1572 1029 gravissimi
1589 954 1729 1012 historia-

115 1062 218 1105 tamen
230 1058 356 1103 veterum
369 1044 488 1119 deorum
501 1044 669 1119 dignitatem
681 1064 739 1102 non
749 1044 901 1121 impugna·
947 1061 1011 1100 rum
1025 1055 1165 1114 auctores,
1178 1062 1268 1119 quum
1280 1042 1475 1121 philosophie
1485 1041 1583 1100 studio
1596 1056 1728 1099 teneren-

114 1131 294 1207 vit,omnia
315 1132 477 1189 animarum
494 1150 527 1187 ac
549 1130 713 1188 ‹laeruonum
735 1131 820 1207 plena
840 1150 902 1189 esse
947 1142 1004 1201 tur,
1019 1132 1227 1207 superstitione
1239 1131 1324 1195 levati
1340 1131 1433 1187 devia
1443 1130 1585 1207 nrajorum
1597 1132 1728 1204 vestigiis
1756 1154 1761 1163 ·

116 1234 211 1285 ratus.
242 1219 349 1277 Contra
359 1220 544 1277 Democritus
559 1217 596 1295 (9(
611 1218 786 1277 immutabili
800 1234 902 1278 natura
948 1217 1016 1274 trita
1028 1218 1226 1283 declinarunt.
1268 1217 1364 1287 Quum
1385 1219 1462 1275 enim
1479 1238 1536 1275 una
1548 1236 1642 1293 neque
1654 1219 1728 1275 mul-

115 1308 191 1365 solis
212 1307 321 1373 atomis
350 1308 495 1382 assignata
522 1307 651 1365 funditus
676 1306 794 1366 sustulit
819 1309 899 1367 deos.
947 1316 1042 1363 torum
1055 1325 1197 1363 annorum
1209 1305 1406 1381 spatiodivisa
1417 1320 1485 1363 aetas
1497 1306 1666 1380 tragoediam
1678 1326 1730 1383 per

116 1395 190 1451 Nam
204 1395 360 1453 simulacra
376 1395 506 1472 quaedam
522 1396 715 1472 divina„quae
733 1395 902 1456 hominibus
947 1394 1042 1451 divini
1056 1395 1178 1473 spiritus
1189 1394 1270 1451 viros
1284 1392 1449 1469 AEscbylum
1463 1405 1491 1449 ct
1505 1392 1678 1469 Sophoclem
1693 1395 1728 1451 il-

116 1482 389 1562 appropinquarent
410 1502 443 1539 ae
464 1497 523 1541 tum
543 1481 675 1540 benefica
698 1496 757 1539 tum
773 1484 902 1543 m'alefrca
950 1483 1109 1554 lustrasset,
1124 1482 1174 1556 qui
1188 1481 1315 1558 plurima
1329 1481 1359 1537 in
1379 1480 1554 1538 fabulissuis
1569 1483 1730 1540 sanctitatis

91 1598 97 1609 ·
117 1583 225 1641 essent,
242 1571 364 1628 interire
378 1590 463 1648 posse
475 1570 681 1629 arbitrabatur.
705 1570 900 1639 Quamobrem
948 1584 975 1628 et
990 1571 1106 1647 pietatis
1117 1570 1290 1627 documenta
1303 1568 1441 1625 dederant
1452 1588 1459 1622 ι
1472 1568 1629 1645 Euripides
1639 1569 1729 1625 solam

116 1662 149 1718 iu
162 1658 335 1729 enarrandis
347 1658 527 1717 carminibus
539 1659 702 1717 llomericis
716 1659 757 1716 ita
770 1674 902 1720 versatus
948 1657 1163 1735 philosophiam
1177 1659 1246 1727 vitae
1260 1657 1395 1714 humanae
1407 1657 1499 1714 lucem
1509 1702 1518 1733 ,
1528 1676 1662 1715 errorum
1680 1676 1729 1714 ex·

119 1760 179 1819 est,
192 1760 224 1803 ut
239 1745 396 1821 allegorica
408 1745 650 1822 interpretatione
669 1765 715 1803 res
731 1745 848 1806 divinas
863 1750 901 1806 il-
948 1744 1122 1821 pultricem,
1138 1743 1328 1801 beatitudiuis
1346 1744 1514 1818 magistram
1529 1762 1589 1802 esse
1603 1742 1731 1802 arbitra-

119 1835 268 1891 lustraret.
312 1832 409 1901 Quum
432 1833 523 1907 igitur
537 1832 640 1889 lovem
664 1832 740 1890 Solis
761 1833 825 1890 loeo
844 1855 903 1894 esse
949 1844 994 1889 tus
1004 1832 1140 1907 dogmata
1149 1833 1340 1906 Anaxagorea
1350 1830 1385 1887 ad
1394 1831 1610 1908 componendas
1619 1831 1732 1893 fabulas

120 1921 326 1992 contenderet,
342 1920 518 1978 ambrosiam
539 1940 593 1997 pro
614 1918 773 1997 vaporibus
795 1921 903 1997 quibus
948 1919 1094 1979 adhibuit.
1137 1919 1189 1977 Est
1200 1932 1295 1976 autem
1309 1938 1404 1996 operae
1415 1920 1542 1995 pretium
1555 1918 1656 1995 paucis
1666 1920 1731 1996 ejus

120 2010 171 2067 Sol
194 2008 353 2066 nutriretur
370 2006 472 2064 haberi
491 2020 626 2085 oportere
640 2009 747 2066 statuit.
790 2009 904 2068 llliner-
950 2007 1092 2064 rationem
1103 2007 1256 2082 attingere.
1281 2006 1409 2064 Deorum
1423 2004 1493 2086 (16),
1511 2006 1610 2082 quales
1622 2026 1639 2062 a
1651 2005 1734 2064 Grae-

122 2118 189 2155 ram
206 2110 300 2155 aretem
318 2095 503 2173 prudentiam
519 2114 581 2153 esse
595 2096 790 2168 existimavit,
806 2099 902 2176 Τριτο-
949 2096 991 2153 cis
1006 2096 1097 2171 vulgo
1123 2096 1300 2166 colerentur,
1318 2108 1479 2153 contemtor
1499 2094 1654 2172 Euripides
1671 2098 1735 2154 uni·

122 2186 222 2261 γενείοις
237 2204 343 2242 nomen
358 2203 375 2241 a
390 2181 485 2240 tribus
502 2182 810 2258 mimerilrus,quibus
832 2205 902 2261 pru·
951 2205 1015 2242 cum
1054 2185 1212 2260 agnovisse
1239 2184 1325 2242 deum
1352 2184 1469 2241 videtur
1500 2196 1602 2261 suapte
1632 2197 1735 2261 sponte

123 2274 221 2331 dentia
243 2273 378 2330 homines
408 2283 525 2345 augeret
546 2269 665 2327 ductum
695 2272 901 2346 pronuntians.
949 2271 1223 2351 natumler’rropuql,
1237 2286 1360 2330 urentem
1370 2291 1472 2349 puram
1482 2268 1637 2342 ,aeternam
1649 2284 1735 2370 atque

1672 403 1724 444 bxt

121 2362 216 2419 Porro
236 2360 333 2419 nullos
362 2359 484 2416 omnino
514 2358 583 2415 deos
612 2377 674 2415 esse
699 2358 902 2433 crediderunt,

121 2452 173 2526 qui
193 2449 305 2506 idcirco
327 2445 403 2504 athei
426 2444 617 2517 vocabantur,
634 2446 732 2523 llippo
747 2446 903 2523 (10);1)ia·

121 2557 209 2612 goras
232 2536 335 2593 llelius
355 2532 412 2611 (ιι)
428 2534 537 2611 aliique
552 2554 568 2591 a
582 2532 730 2591 veteribus
749 2534 905 2611 impietatis

120 2624 282 2681 insimulati
300 2620 374 2700 (ια).
418 2621 547 2678 fuerunt
564 2621 653 2695 igitur
666 2622 734 2679 satis
747 2622 831 2679 multi
843 2621 903 2679 llo-

121 2714 299 2771 mericorum
317 2710 439 2769 deorum
461 2721 668 2768 contemtores.
712 2708 838 2768 Omnino
859 2724 905 2768 te-

121 2801 250 2859 nendum
286 2800 363 2857 circa
396 2797 467 2855 belli
503 2798 741 2875 Peloponnesiaci
776 2810 905 2875 tempora

120 2890 270 2946 neminem
287 2887 345 2944 fere
360 2885 447 2943 fuisse
463 2885 541 2962 apud
553 2883 672 2943 Graecos
682 2885 830 2942 hominem
845 2886 904 2963 phi-

120 2976 262 3054 losopbia
273 2989 302 3032 et
316 2975 420 3032 litteris
437 2975 630 3053 perpolitum,
651 2975 723 3051 quin
743 2974 904 3052 repudiatis

120 3077 279 3141 poetarum
301 3075 328 3120 et
351 3063 493 3140 pictorum
520 3061 664 3140 portentis
687 3060 831 3118 totam·de
849 3061 906 3121 dii's

121 3151 341 3210 immortalibus
351 3151 518 3228 opinionem
531 3149 629 3208 avitis
643 3147 825 3226 sapientibus
835 3150 904 3207 olim

120 3238 293 3317 reipublicae
306 3258 392 3296 causa
401 3239 495 3296 fictam
508 3250 642 3316 putaret,
657 3250 688 3293 ut
701 3237 752 3313 qui
767 3238 848 3294 nullo
859 3258 905 3295 ra·

120 3329 360 3402 tionistanquam
382 3326 463 3384 freno
478 3337 691 3395 coercerentur,
717 3343 766 3381 eos
787 3324 822 3382 ad
843 3326 876 3382 of
895 3359 907 3370 -

120 3417 199 3473 cium
210 3415 316 3489 religio
325 3413 454 3474 duceret.
479 3468 481 3472 ,
497 3414 551 3472 Sed
568 3416 657 3492 primi
670 3428 768 3492 aperte
782 3414 905 3474 deorum

119 3516 254 3560 naturam
267 3501 419 3560 sustulisse
434 3500 589 3559 traduntur
601 3501 754 3579 Sophistae.
799 3500 840 3558 Ex
859 3501 905 3559 his

121 3591 296 3665 Protagoras
309 3589 369 3666 (13)
383 3602 468 3664 negat
477 3608 507 3646 se
522 3588 613 3659 scire,
630 3589 726 3645 sintne
741 3589 782 3646 dii
798 3607 833 3644 au
847 3608 906 3645 non

121 3679 182 3736 sint
192 3680 328 3756 qualesve
341 3679 409 3747 sint,
420 3677 489 3753 quia
502 3689 558 3734 tam
571 3677 612 3734 rei
629 3677 807 3748 obscuritas,
820 3697 905 3754 quam

120 3769 189 3825 rita¹
212 3767 343 3824 humanae
357 3765 486 3824 brevitas
510 3785 564 3824 nos
586 3765 616 3824 id
638 3766 712 3824 scire
740 3765 901 3843 prohibeat.

118 3853 264 3912 Prodicus
276 3854 351 3912 Ceus
369 3852 425 3932 (rid
438 3872 472 3911 ea
485 3872 550 3930 quae
560 3854 731 3931 prodessent
754 3854 903 3912 hominum

119 3941 191 3997 vitae
203 3940 323 3999 deorum
336 3942 370 3999 in
385 3959 507 3998 numero
525 3939 623 3998 habita
638 3960 701 3999 esse
713 3941 798 3999 dixit.
842 3942 905 4002 Cri·

121 4029 178 4086 tias
193 4029 253 4106 (15)
269 4028 403 4107 oprimis
417 4048 514 4087 rerum
531 4028 715 4106 publicarum
732 4030 905 4103 rectoribus,

119 4135 183 4192 quo
197 4116 312 4174 facilius
326 4117 404 4192 leges
417 4118 542 4176 conditae
559 4116 797 4188 observarentur,
812 4119 905 4176 horni-

119 4223 191 4260 uum
215 4205 329 4262 anintos
348 4205 454 4282 pietate
476 4219 505 4263 et
529 4206 671 4280 religione
694 4205 822 4264 imbutos
845 4225 908 4264 esse

119 4292 173 4350 ait.
220 4292 317 4351 Fuisse
337 4295 414 4351 enim
431 4293 492 4350 illis
518 4312 705 4370 persuasum,
721 4295 745 4352 si
766 4295 907 4353 interesse

119 4378 210 4437 rebus
235 4379 371 4438 humanis
393 4383 508 4438 eoeleste
532 4383 638 4437 numen
674 4401 707 4438 ac
732 4383 897 4438 mortalium

144 4523 325 4536 -n———u—

122 4601 133 4647 l
152 4611 179 4660 p.
193 4601 269 4648 xvtt.
283 4625 313 4636 -
332 4601 364 4660 (8)
380 4601 441 4650 Phil.
461 4587 541 4652 Graec.
564 4604 657 4662 Fragor.
676 4602 725 4651 rol.
746 4607 793 4662 lp.
808 4609 860 4653 313.
875 4634 905 4646 -

122 4670 158 4729 (9)
180 4669 283 4730 copiose
294 4669 324 4718 de
344 4669 382 4718 iris
395 4671 466 4720 rebus
479 4671 601 4730 disputavi
617 4671 648 4718 ad
666 4673 798 4720 Democriti
819 4673 906 4734 fragm.

121 4754 148 4801 p.
163 4745 210 4789 loe
222 4753 290 4802 seqq.
304 4740 396 4803 -(1ο)
406 4741 533 4790 ridetur.
547 4745 624 4791 Graec.
638 4743 734 4802 Fragm.
749 4742 795 4792 rol.
809 4745 854 4805 lp.
866 4749 905 4792 ttt.

120 4837 153 4846 -
168 4811 218 4872 (11)
229 4811 284 4859 vid.
296 4811 390 4861 Fabrie.
403 4812 516 4862 Biblioth.
531 4815 607 4861 Graec.
629 4813 677 4862 vol.
692 4816 715 4862 ll
729 4825 783 4875 pag.
796 4817 840 4863 etl
851 4828 901 4875 seq.

119 4881 162 4931 ed.
175 4881 269 4930 Harles.
282 4881 350 4931 Adde
366 4883 433 4932 Baelii
449 4885 552 4932 Leainon
568 4883 624 4932 hist.
637 4885 725 4933 eterit.
741 4897 763 4932 ν.
782 4885 905 4944 Diagoras.

120 4978 155 4988 -
166 4952 217 5012 (tt)
226 4955 347 5002 Atomnes
355 4954 413 5002 istos
421 4955 531 5002 Clemens
540 4954 744 5003 Alexandrinusiu
758 4957 909 5016 Protreptico

120 5037 146 5084 p.
166 5029 195 5071 ts
212 5023 275 5071 hune
291 5023 316 5072 in
329 5023 429 5072 niodum
437 5024 543 5074 defendit
557 5038 563 5067 ²
575 5025 696 5086 θαυμάζειν
706 5025 781 5074 ἔπεισί
795 5043 843 5086 μοι,
859 5027 906 5087 ὅτῳ

118 5095 205 5157 τρόπῳ
213 5094 332 5159 Εὐήμερον
337 5097 377 5143 τὸν
382 5095 567 5160 Ἀκραγαντῖνον,
575 5098 615 5143 καὶ
624 5096 740 5158 Νικάνορα
747 5098 786 5144 τὸν
795 5099 906 5161 Κύπριον,

119 5165 164 5213 καὶ
179 5164 309 5227 Διαγόραν,
330 5167 371 5214 καὶ
384 5166 491 5214 Ἵππωνα
513 5167 554 5214 τὸν
573 5166 673 5226 Μήλιον,
687 5165 762 5214 τόντε
777 5169 907 5228 Κυρηναῖον

120 5235 167 5282 ἐπὶ
182 5234 273 5292 τούτοις
286 5235 384 5297 ἐκεῖνον,
397 5235 417 5296 ᾧ
430 5235 549 5300 θεὸὀωρος
563 5234 638 5296 ὄνομα
650 5237 722 5297 αὐτῷ,
742 5235 782 5282 καί
795 5251 857 5297 τινας
870 5237 912 5283 ἆλ-

950 2361 1022 2418 adeo
1047 2361 1194 2418 infinitam
1221 2362 1361 2438 nullaque
1389 2380 1421 2417 re
1449 2366 1592 2436 eg'entem.
1636 2359 1735 2437 Neque

950 2450 1046 2516 enim,
1061 2450 1140 2526 quod
1160 2450 1227 2507 aliis
1248 2447 1398 2525 placebat,
1421 2450 1508 2505 deum
1528 2461 1654 2507 mentem
1672 2467 1735 2506 esse
1758 2502 1764 2513 ,

951 2538 1080 2607 censuit,
1099 2558 1165 2615 quae
1189 2537 1316 2593 materiae
1336 2536 1418 2592 velut
1437 2536 1533 2593 infusa
1549 2556 1615 2593 cum
1644 2555 1735 2613 eaque

952 2640 1030 2684 arcte
1045 2626 1203 2703 conjuncta
1215 2625 1292 2681 hanc
1307 2624 1414 2681 molem
1432 2624 1556 2701 spiritus
1570 2624 1662 2682 instar
1681 2625 1737 2682 cie·
1827 2698 1831 2709 ι

951 2726 995 2771 ret
1006 2726 1092 2788 atque
1111 2713 1248 2787 agitaret,
1262 2711 1313 2769 sed
1327 2728 1431 2788 puram
1445 2724 1473 2767 et
1485 2730 1501 2767 a
1516 2710 1638 2767 materia
1649 2710 1735 2785 longe

951 2813 1107 2871 semotam,
1123 2804 1170 2857 cui
1183 2799 1311 2856 materiae
1331 2811 1436 2855 natura
1457 2817 1510 2857 sua
1528 2799 1689 2874 quiescenti
1708 2813 1737 2857 et
1810 2800 1813 2805 ’

951 2889 1079 2946 confusae
1094 2907 1175 2945 mens
1189 2888 1245 2945 ista
1258 2886 1378 2956 divina,
1395 2886 1462 2943 coeli
1475 2900 1504 2943 et
1517 2900 1604 2944 terrae
1614 2906 1734 2965 procre-

954 2979 1047 3052 atrix,
1064 2990 1175 3035 motum
1195 2989 1281 3051 atque
1292 2988 1425 3034 ornatum
1442 2976 1580 3033 attulerit.
1624 2975 1735 3033 Caelum

953 3067 1024 3124 vero
1039 3069 1103 3126 sive
1117 3063 1261 3123 AEthereni
1278 3077 1306 3121 et
1320 3063 1440 3122 'l'erram
1455 3067 1511 3142 pro
1527 3063 1643 3124 duobus
1656 3066 1738 3123 velut

952 3155 1105 3212 elementis
1121 3152 1239 3225 habuit,
1256 3151 1413 3227 exquibus
1430 3165 1534 3210 cuncta
1551 3153 1583 3209 in
1597 3151 1654 3210 hoc
1670 3154 1736 3211 uni·

952 3261 1040 3299 verso
1055 3253 1253 3310 nascerentur,
1266 3252 1295 3297 et
1309 3240 1340 3296 in
1353 3259 1417 3317 quae
1433 3253 1556 3314 cuncta,
1578 3259 1668 3315 quum
1690 3241 1736 3298 vi-

952 3329 1091 3388 derentur
1117 3330 1212 3401 mori,
1238 3331 1270 3386 in
1293 3347 1377 3385 suum
1407 3328 1563 3404 quodque,
1595 3328 1739 3386 dissoluta

951 3418 1124 3476 reciderent.
1167 3416 1223 3474 Sed
1253 3428 1286 3472 ut
1301 3415 1463 3473 carminum
1490 3417 1627 3473 suavitati
1651 3430 1737 3492 poeta

950 3507 1117 3564 consuleret
1148 3505 1318 3580 ingeniique
1349 3507 1517 3578 elegantiam
1553 3502 1735 3572 ostenderet,

954 3613 1037 3670 quasi
1063 3593 1181 3670 imperii
1208 3612 1267 3668 quo
1287 3609 1418 3649 summus
1448 3589 1520 3647 deus
1544 3590 1644 3647 onmia
1664 3593 1739 3666 regit

954 3694 1102 3740 consortes
1115 3679 1310 3759 (συνάρχοντας
1327 3681 1366 3756 τῷ
1381 3675 1496 3756 μεγίστῳ
1506 3675 1625 3755 δαίμονι(
1640 3695 1738 3737 rerum

951 3783 1089 3848 parentes
1111 3767 1257 3826 AEtherem
1277 3779 1307 3823 et
1321 3765 1442 3822 Terram
1460 3777 1598 3839 tanquam
1613 3765 1740 3826 humana

952 3860 1046 3916 forma
1063 3856 1181 3915 indutos
1196 3854 1344 3912 connubio
1364 3851 1465 3929 junxit
1487 3873 1614 3932 suasque
1634 3857 1739 3916 Amori

952 3959 1050 4024 partes
1065 3944 1234 4019 assignavit.
1277 3943 1322 4002 Ex
1342 3941 1398 3998 hoc
1420 3941 1562 4018 conjugio
1581 3945 1682 4002 omnia
1702 3943 1739 4002 ab

953 4037 1039 4093 initio
1059 4045 1211 4112 procreata
1229 4050 1292 4089 esse
1317 4029 1423 4088 cecinit
1451 4043 1538 4106 atque
1552 4029 1639 4087 etiam
1661 4050 1740 4088 nunc-

956 4143 1011 4200 per
1029 4130 1083 4180 hos
1100 4119 1239 4197 conjuges
1257 4137 1349 4176 verno
1372 4120 1532 4194 praesertim
1557 4130 1686 4192 tempore
1707 4118 1739 4174 in

957 4221 1072 4265 nautuos
1088 4219 1204 4265 ruentes
1227 4205 1377 4283 amplexus
1399 4224 1452 4262 suo
1474 4205 1605 4281 quidque
1624 4203 1690 4261 loco
1712 4217 1741 4261 et

956 4297 1062 4354 ordine
1078 4296 1236 4353 animatum
1254 4293 1396 4352 custodiri
1410 4292 1651 4368 conservarique.
1695 4295 1739 4348 De

959 4405 1073 4443 summo
1089 4383 1145 4441 deo
1161 4382 1332 4460 praeclarum
1347 4393 1441 4438 exstat
1457 4380 1648 4455 fragmentum
1662 4377 1739 4455 apud

956 4607 1008 4660 ὶους
1018 4606 1131 4668 συχνούς,
1145 4604 1268 4666 coepero:
1284 4602 1427 4666 βιὸιωιιὸτος
1438 4601 1484 4649 καὶ
1492 4600 1670 4664 καθεωρακότας
1688 4601 1738 4657 ὀξυ·

955 4675 1020 4737 τερον
1032 4692 1077 4724 που
1091 4681 1137 4724 τῶν
1150 4678 1237 4724 λοιπῶν
1247 4675 1374 4737 ἀνθρώπων
1383 4674 1426 4727 τήν
1438 4673 1497 4734 ἀμφὶ
1508 4672 1562 4727 τοὺς
1573 4671 1637 4727 θεοὺς
1643 4673 1739 4727 τούτους

955 4746 1044 4802 πλάνην
1056 4745 1137 4800 ἀθέους
1152 4746 1346 4803 ἐπιιιειιλήιιαοιν,
1357 4744 1377 4790 el
1394 4743 1434 4790 καλ
1447 4741 1610 4798 τὴνόἰλήθτιιιν
1622 4742 1694 4799 αὐτὴν
1705 4742 1738 4802 μὴ

952 4812 1104 4875 νενοηκότος,
1116 4815 1174 4863 ἀλλὰ
1185 4817 1226 4872 τὴν
1236 4814 1323 4869 πλάνην
1335 4829 1362 4870 γε
1370 4809 1564 4868 υποιπτευαότας,
1579 4811 1636 4873 ὅπερ
1647 4812 1676 4860 οὐ
1684 4826 1739 4872 opt·
1832 4862 1836 4870 ,

954 4885 1009 4948 ιιρὸν
1022 4890 1062 4942 τῆς
1073 4885 1179 4942 ἀληθείας
1190 4887 1320 4945 φρονήσεως
1337 4883 1441 4943 erimusne
1455 4881 1581 4944 &rapietur
1595 4883 1696 4944 σπέρμα.
1705 4907 1736 4916 -

954 4957 1003 5016 (13)
1016 4954 1073 5004 fid.
1083 4955 1167 5003 adnot.
1179 4955 1208 5002 ad
1219 4958 1355 5014 Protagorae
1367 4952 1454 5013 fragm.
1471 4958 1493 5001 t.
1509 4978 1538 4987 -
1549 4951 1598 5013 (tt)
1607 4951 1691 5001 cicero
1705 4955 1739 5000 De

956 5031 1005 5073 nat.
1019 5025 1086 5073 deor.
1102 5025 1143 5074 lib.
1157 5027 1169 5073 l
1181 5037 1233 5086 cap.
1244 5027 1283 5072 ta.
1297 5053 1328 5064 -
1340 5024 1389 5083 (11)
1403 5022 1473 5082 Apud
1487 5024 1553 5071 Sevi.
1570 5021 1661 5083 Empir.
1681 5022 1737 5070 adv.

957 5097 1029 5155 Phys.
1052 5110 1075 5156 p.
1097 5100 1142 5142 1111
1163 5093 1202 5143 ed.
1225 5093 1296 5144 Febr.
1318 5094 1355 5142 ct.
1378 5096 1445 5142 Poet.
1463 5095 1524 5154 trag.
1548 5094 1738 5155 Graee.1·'mgm.

957 5181 980 5228 p.
992 5173 1023 5214 96
1036 5166 1079 5214 ed.
1097 5166 1212 5224 stagnat.

992 5237 1043 5298 (16)
1058 5233 1115 5285 vid.
1128 5236 1276 5285 Valckenarii
1290 5235 1497 5285 vindemitor.
1517 5234 1603 5296 fragm
1620 5244 1643 5296 p.
1656 5236 1696 5283 30.
