3959 5925
687 327 881 389 antistitii
898 329 1149 394 FRAGMENTA.
1236 374 1241 385 ·
1663 354 1730 406 sts.

114 464 173 525 κατ’
183 466 320 540 plump,
335 455 365 527 ἧς
379 458 447 527 ἄξιός
461 461 532 535 εἰμι,
548 456 585 535 μὴ
601 459 717 517 ἀκλιπεῖν
732 482 766 536 με
779 458 813 518 el
826 462 896 520 κακά
941 467 1071 542 χρῆσθαι,
1089 438 1158 524 ἀλλὰ
1178 464 1229 532 τῶς
1254 468 1438 545 ἀλφιτοπώλας
1456 470 1502 528 καί
1523 470 1574 539 τῶς
1595 473 1723 545 καπήλως

1 565 2 593 l
111 557 215 611 ταῦτα·
230 548 270 607 ότι
284 571 313 606 τε
332 546 385 625 ἐγὼ
398 546 511 625 γεγονὼς
525 545 571 617 ἔτη
586 550 719 621 τοσαῦτα,
733 546 778 606 καὶ
794 558 895 628 φρονεῖν
942 553 1097 623 ἀναζητεῖν,
1120 551 1211 620 οἵτινες
1231 553 1338 622 δικαίως
1359 557 1394 613 ch
1415 556 1513 637 ἀλφιτα
1532 559 1577 617 καί
1593 560 1637 620 τθν
1653 553 1722 623 οἶνον

114 639 222 707 δοκίων,
237 641 329 708 πεινῆν
343 636 390 695 καὶ
413 638 500 715 ῥιγοῦν
520 634 566 693 καί
587 633 687 703 ἀδοξεῖν
702 636 749 694 οὐκ
759 637 895 710 ἠθελησα,
942 642 1075 700 πωλοῦσιν
1088 642 1115 699 ἀν
1130 640 1267 715 Ἀθήναις,
1280 642 1326 701 καῖ
1340 642 1387 710 τάς
1400 642 1529 721 ἀξωμίδας
1540 652 1659 721 μισθοῦσι
1675 649 1723 717 τὰς

114 727 173 786 οὐδὲ
184 726 299 801 πώγωνα
309 722 413 804 τρέφειν
422 724 517 801 με’γαν.
527 721 633 804 Πάμφω
642 722 671 781 δέ
682 746 722 783 σοι
732 727 784 781 τῶν
793 724 896 801 θέρμων
941 728 1068 808 παχείας,
1082 728 1178 789 ὁπόταν
1191 732 1214 789 οῖ
1225 730 1347 807 σκίρωνος
1361 732 1486 805 πνίοιντι,
1499 732 1545 792 καί
1556 733 1599 793 τδν
1612 735 1723 813 Σίμωνα

114 810 301 891 τῶςγεεγάλως
314 834 343 870 τε
362 810 407 869 καί
418 809 532 883 λευκῶς,
543 809 577 867 ίν’
590 812 653 889 ἔχῃς
670 810 738 887 μετθι
752 810 782 870 τὸ
797 811 896 871 ἔπιδεί-
942 817 1105 895 θεραπεύειν.
1121 821 1207 878 Τοῦτο
1219 818 1270 899 γδρ
1285 820 1332 878 οὐκ
1346 818 1402 879 ἔστι
1416 829 1523 900 χρᾶμα.

114 904 208 971 ξασθαι
220 902 264 961 τὸν
280 900 416 979 Ἡρακλέα
429 906 483 966 τοῖς
504 898 586 970 νέοις,
599 899 769 978 θποτρώγτιν·
784 902 895 982 αἰσχρὸν
982 904 1214 985 (Socraticorum
1227 920 1256 965 ct
1272 906 1522 983 Pythagoreorum
1535 908 1628 987 Epist.
1642 930 1671 987 p.
1688 932 1722 983 17

1 1009 4 1019 ·
113 993 165 1069 γὰρ
179 991 209 1050 ού
224 988 303 1071 φαντί
315 1010 356 1047 σοι
367 986 428 1066 περί
443 985 567 1046 τοιούτων
578 986 630 1057 ἤδη
644 987 730 1067 λέγειν
745 986 762 1056 ἢ
777 988 896 1069 γράφειν.
942 1012 1001 1069 seq.
1017 994 1062 1051 ed.
1081 993 1194 1069 Orell.)

114 1076 245 1157 Διονυσίῳ
258 1074 310 1153 γθρ
325 1075 371 1133 ἀάν
393 1096 433 1140 τις
454 1072 519 1154 λέγῃ
534 1075 596 1152 περὶ
618 1073 729 1153 θέρμων,
743 1076 852 1155 αἰσχρόν
867 1101 896 1156 γε
983 1079 1076 1156 Σίμων
1090 1080 1262 1160 Ἀριστίππῳ.

114 1157 190 1243 οἶμαι
202 1162 306 1231 διὰτθις
316 1166 369 1222 τῶν
379 1163 512 1243 τυράννων
523 1163 620 1239 νόμως.
634 1164 677 1223 'll
688 1162 770 1221 λοιπθι
782 1162 809 1223 δὲ
823 1165 896 1243 παρθι
940 1230 943 1235 ,
983 1188 1019 1228 71.
1035 1166 1135 1227 Ἀκούω
1162 1191 1191 1227 σε
1214 1168 1338 1236 τωθάζειν
1366 1174 1438 1245 ἡμᾶς
1461 1172 1508 1239 τῆς
1532 1168 1623 1249 σοφίας
1648 1169 1722 1247 παρθι

115 1254 228 1331 Σίμωνα
255 1252 300 1312 τὸν
329 1252 492 1328 σκυτοτόμον
524 1251 615 1330 βάδιζε
643 1252 840 1329 διαλεγόμενος,
868 1245 897 1314 οῦ
945 1254 1085 1336 Διονυσίῳ.
1102 1254 1175 1333 Ἐγὼ
1189 1255 1216 1313 δὲ
1232 1259 1351 1337 ὁμολογῶ
1369 1248 1435 1317 εἶναι
1444 1258 1604 1333 σκυτοτόμος
1618 1257 1663 1315 καί
1678 1258 1723 1335 ἐρ-

114 1344 202 1419 μεῖζόν
227 1362 267 1400 σοι
292 1341 319 1397 ἐν
341 1338 421 1420 σοφίφ
443 1337 516 1397 οὐδὲν
536 1337 629 1412 ἔσται,
649 1340 704 1397 οὐδ’
729 1338 760 1398 ἀν
784 1340 895 1417 γίνοιτο.
942 1343 1066 1420 γάζεσθαι
1088 1350 1213 1416 τοιαῦτα,
1235 1345 1281 1404 καί
1303 1345 1417 1425 ὁμοίως,
1439 1346 1462 1405 εί
1487 1342 1557 1418 δέοι,
1580 1344 1663 1417 σκύτη
1678 1345 1724 1403 τέ-

113 1431 194 1508 'Epol
209 1428 256 1507 pls
274 1427 326 1508 γθρ
341 1426 521 1508 ἀπηγόρευται
540 1429 594 1495 τοῖς
615 1427 795 1508 χειροτέχναις
809 1452 894 1509 προσ·
944 1454 1017 1506 μνειν
1032 1422 1065 1490 αά
1079 1430 1156 1489 πάλιν
1177 1433 1213 1498 είς
1226 1432 1360 1491 νουθεσίαν
1373 1431 1516 1511 ἀνθρώπων
1531 1432 1661 1511 ἀφρόνων,
1677 1434 1723 1491 καὶ

114 1519 193 1593 ιέναι,
209 1516 300 1588 ἀπειδὴ
312 1514 357 1597 ὑφ’
371 1514 468 1595 tripes
485 1513 588 1597 ἕξουσίᾳ
600 1516 666 1594 sipi.
943 1518 1011 1578 οὕτω
1026 1516 1094 1595 μετὰ
1109 1522 1207 1591 πολλῆς
1217 1520 1310 1599 χλιδῆς
1322 1519 1445 1595 οἰομένων
1456 1521 1502 1591 ζῆν
1516 1520 1589 1597 παρὰ
1630 1543 1650 1590 ,ν
1663 1522 1724 1580 Σω-

154 1606 390 1685 (Socrttticorutn
404 1617 435 1661 et
443 1604 693 1681 Pythagoreorum
704 1603 798 1683 Epist.
816 1624 846 1683 p.
861 1608 897 1663 16
944 1608 1055 1687 κράτους
1071 1607 1178 1687 βουλήν.
1191 1604 1290 1669 Ἔσται
1308 1609 1335 1668 δὲ
1355 1612 1369 1667 ὁ
1383 1605 1562 1689 σωφρονιστὴς
1575 1610 1627 1666 τῶν
1643 1608 1723 1687 ἀφρό·

113 1716 174 1774 seq.
189 1695 234 1754 ed.
247 1693 337 1752 0rell.
349 1694 370 1769 )
840 1719 844 1725 ·
943 1719 994 1752 νων
1020 1698 1092 1771 ὑμῶν
1122 1696 1232 1754 παιδιῶν
1255 1694 1425 1768 Ἀντισθένης·
1445 1695 1553 1775 γράφεις
1576 1694 1627 1774 γθρ
1653 1699 1724 1769 αὐτῷ

152 1781 280 1861 Αἰσχίνης
294 1778 467 1861 Ἀριστίππῳ.
944 1784 1079 1863 κωμῳδῶν
1093 1786 1169 1859 ἡμῶν
1184 1780 1231 1851 τθς
1254 1782 1398 1863 θιατριύάς.
1414 1781 1494 1843 ’tiit
1511 1782 1609 1843 τούτων
1626 1783 1690 1860 μέν,
1702 1768 1737 1844 ἀν’

153 1893 191 1933 nt.
209 1869 336 1949 Ἔγραψα
360 1867 407 1945 μέν
422 1866 467 1925 καὶ
486 1866 612 1926 Πλούτωνι
634 1869 813 1946 παρακαλῶν,
827 1867 898 1935 ὅπως
943 1871 999 1930 θεία
1014 1870 1098 1951 φρήν,
1116 1870 1171 1937 άλις
1185 1870 1230 1930 καὶ
1244 1870 1386 1950 πεπαίχθω
1400 1869 1465 1953 πρδς
1479 1872 1509 1931 σε’
1525 1894 1579 1949 μοι.
1592 1872 1725 1947 Μέμνησο

115 1957 292 2040 θιαπράξησθε
315 1961 434 2028 σωθῆναι
447 1954 506 2023 τοὺς
531 1954 652 2036 Λοκρούς
670 1955 837 2028 νεανίσκους,
852 1956 897 2016 καὶ
947 1958 1036 2035 μέντοι
1047 1962 1125 2035 λιμοῦ
1141 1958 1185 2017 καὶ
1200 1958 1285 2039 δίψης·
1298 1966 1382 2020 ταῦτα
1396 1960 1447 2039 γθιρ
1463 1960 1573 2020 δύναται
1595 1959 1663 2037 μέγα
1672 1968 1725 2029 τοῖς
1812 1998 1815 2005 -

112 2049 153 2106 σοὶ
177 2046 203 2105 δὲ
220 2045 254 2104 τὲ
275 2044 343 2104 αιίτθι
369 2044 531 2104 ἐπιστέλλων
558 2045 608 2124 οὐχ
629 2042 791 2123 ἁμαρτάνειν
811 2035 895 2121 οἶμαι·
946 2046 1115 2125 σωφροσύνην
1131 2046 1279 2106 διώκουσιν.

112 2133 229 2203 ποιήσεις
240 2130 292 2212 γὰρ
306 2130 428 2206 ἄσμενος.
450 2122 538 2191 Οἶσθα
555 2129 583 2188 δὲ
597 2128 644 2201 τὴν
664 2130 728 2209 πρὸς
742 2132 836 2200 αὐτούς
849 2156 894 2209 μοι
984 2133 1216 2211 (Socraticorum
1230 2150 1260 2195 et
1273 2136 1521 2214 Pythagoreorum
1535 2135 1627 2213 Epist.
1641 2156 1672 2215 p.
1690 2137 1724 2194 18

37 2264 53 2289 .
113 2221 249 2298 ἑταιρίαν,
263 2219 310 2278 καί
325 2219 365 2277 ὅτι
377 2218 512 2285 Διονύσιος
527 2217 706 2290 ἐξηπάτηται,
721 2221 757 2285 ῶς
772 2217 895 2279 ἀδικούν-
943 2218 1125 2302 ed.'0rell.)
1167 2272 1173 2291 .

112 2334 164 2366 των
180 2312 266 2366 αὐτῶν
293 2307 361 2384 ἔχων
380 2306 466 2374 δόξαν.
489 2305 562 2377 Ἤδη
586 2309 669 2385 πειρῶ
691 2311 768 2365 τοῦτο
786 2311 896 2378 ποιῆσαι
983 2313 1151 2392 Ἀρίστιππος
1165 2312 1280 2388 Σίμωνι.

113 2404 216 2455 θᾶττον.
233 2392 369 2475 ‘Eibeos
985 2420 1023 2460 τι.
1042 2402 1104 2461 Οὐκ.
1121 2400 1173 2476 ἐγώ
1194 2422 1223 2458 σε
1237 2400 1377 2478 κωμῳδῶ,
1398 2398 1467 2457 ἀλλὰ
1491 2401 1617 2474 Φαίδων,
1641 2402 1724 2477 λέγων

85 2490 90 2495 “
178 2484 408 2561 (Socraticorum
451 2495 480 2540 et
511 2481 764 2558 Pythagoreorum
804 2482 895 2559 Epist.
943 2486 1077 2566 γεγονέναι
1092 2510 1121 2545 σε
1146 2485 1285 2564 κρείσσονα
1306 2485 1352 2541 καὶ
1369 2483 1518 2563 σοφώτερον
1543 2488 1667 2567 Προθίκω
1688 2490 1725 2545 τῶ

112 2592 179 2649 pag.
200 2594 233 2645 ιφ
262 2572 309 2629 ed.
326 2569 436 2648 Orcll.)
944 2565 1016 2633 Κείω
1030 2578 1051 2645 ⁸,
1066 2571 1093 2637 θς
1107 2571 1157 2650 ἔφα
1179 2569 1319 2647 ἀπελίγξαι
1338 2594 1367 2630 σε
1383 2569 1461 2629 αὐτὸν
1475 2572 1536 2650 περί
1548 2572 1578 2633 τθ
1591 2572 1721 2651 ἐγκώμιον

150 2659 319 2737 Ἀρίστιππος
333 2657 457 2735 Αἰσχίνη.
942 2657 973 2717 τθ
985 2661 1021 2725 είς
1031 2658 1075 2716 τὸν
1090 2656 1228 2737 Ἡρακλέα
1239 2659 1375 2735 γενόμενον
1390 2660 1472 2737 αὐτῷ.
1484 2660 1621 2737 Θαυμάζω
1637 2660 1725 2736 μέντοι

152 2768 188 2807 70.
205 2748 371 2819 Αυθήσονται
385 2754 432 2810 cii:
450 2748 568 2826 φυλακᾶς
580 2747 603 2805 οῖ
619 2745 767 2817 νεανίσκοι,
786 2744 847 2823 περὶ
859 2736 895 2802 ῶν
943 2766 974 2803 σε
985 2744 1031 2804 καί
1041 2746 1148 2817 ἐπαινῶ,
1158 2746 1180 2803 εί
1194 2745 1314 2812 σκυτικὸς
1328 2744 1363 2805 ῶν
1373 2746 1464 2825 σοφίας
1474 2746 1663 2821 ἐμπλησθείςθ,
1672 2747 1726 2805 πά-

113 2859 159 2911 μοι
170 2835 290 2915 γράφεις,
301 2835 325 2892 oi
340 2834 452 2913 Λοκροί,
466 2833 512 2892 καί
524 2836 554 2891 ού
568 2832 742 2900 τιθνάξονται·
757 2831 815 2890 οὐδὲ
828 2835 894 2891 ἀπο·
943 2834 989 2890 λαι
1002 2830 1049 2911 μὲν
1071 2830 1217 2912 Σωκράταν
1238 2832 1338 2899 ἔπειθες
1346 2878 1354 2905 ,
1376 2834 1422 2891 καῖ
1441 2830 1493 2900 τὼς
1516 2833 1664 2902 καλλίστοις
1675 2833 1726 2901 τῶς

112 2924 199 2984 λοῦνιί
213 2946 239 2982 τι
253 2926 305 2982 τῶν
327 2920 492 3002 χρημάτων,
518 2919 626 2992 ἥκοντίς
646 2943 676 2999 γε
701 2920 827 3000 παραυτά
848 2927 894 2980 τοῦ
942 2917 1009 2984 νίωτ
1022 2920 1067 2980 καὶ
1080 2920 1267 3001 εὐγενεστάτοις
1281 2920 1354 3002 παρὰ
1370 2920 1399 2980 σὲ
1415 2920 1585 2994 καθίζεσθαι,
1601 2912 1654 2982 οἷον
1668 2922 1726 2983 Ἀλ-

113 3016 209 3073 θανεῒν.
234 3015 327 3072 Ταῦτα
350 3011 378 3068 δέ
399 3009 553 3069 Ἀντισθένει
575 3008 612 3087 μὴ
634 3008 726 3088 λέξῃς,
746 3011 768 3068 εί
790 3009 896 3069 σίσωκα
944 3007 1068 3066 κιόιάδαν
1090 3031 1119 3066 τε
1143 3008 1188 3067 τὸν
1204 3007 1343 3082 Κλεινίου,
1363 3008 1408 3068 καί
1422 3012 1541 3090 Φαῖδρον
1556 3009 1600 3069 τθν
1616 3013 1723 3091 hioppe-

113 3101 173 3167 τοὺς
194 3100 293 3179 φίλους.
308 3104 348 3158 Οὐ
360 3097 412 3176 γὰρ
432 3099 505 3156 αθτῶ
527 3097 632 3176 ἀρέσκει
653 3095 787 3177 τυράννοις
814 3096 898 3176 φίλοις
943 3096 1063 3170 νούσιον,
1084 3095 1129 3155 καί
1146 3095 1302 3174 Εύθύδαμον
1325 3095 1369 3156 τθν
1390 3097 1539 3170 Γλύκωνος,
1562 3097 1607 3158 καί
1627 3101 1679 3156 τῶν
1692 3097 1726 3156 τδ

113 3303 211 3360 turpem
224 3311 278 3347 esse
291 3300 362 3360 putas
377 3295 511 3346 dotalibus
527 3295 601 3344 rebus
616 3294 653 3343 vel
667 3307 804 3343 sermonem
817 3299 897 3342 lecum
917 3295 923 3353 Ι
948 3293 1049 3342 Λθιιιιῖε
1063 3292 1114 3342 siue
1129 3292 1214 3342 iraude
1229 3292 1346 3353 venditat,
1368 3292 1512 3355 tunicasque
1534 3305 1627 3342 crassas
1649 3293 1729 3342 locent

114 3387 224 3436 habitum
239 3385 277 3435 vel
291 3385 419 3448 epistolam
435 3384 466 3432 ad
486 3386 511 3432 tc
531 3382 621 3433 datam.
634 3384 696 3443 Nam
710 3381 731 3430 si
746 3381 801 3443 quis
817 3393 899 3430 coram
947 3381 1050 3431 hiberno
1061 3384 1170 3444 tempore
1187 3395 1262 3444 quum
1279 3381 1385 3430 scirones
1396 3380 1469 3439 dant,
1483 3384 1508 3430 et
1519 3381 1641 3431 simonem
1655 3392 1726 3428 sunm

113 3474 230 3536 Dionysio
243 3473 273 3522 de
288 3472 377 3534 lupinis
397 3473 520 3533 loquatur,
534 3483 590 3520 eum
612 3469 677 3532 qnod
701 3482 716 3517 a
739 3474 898 3531 tyrannorum
945 3469 1083 3520 observare.
1098 3469 1143 3519 llae
1155 3469 1218 3518 enlm
1234 3481 1272 3518 res
1285 3481 1331 3517 non
1341 3469 1398 3516 sunt
1412 3481 1478 3528 opes.

115 3562 224 3610 moribus
234 3560 493 3610 abliorrsatdieturuna
501 3572 556 3609 esse
566 3558 687 3609 existimo.
696 3557 768 3614 Quod
779 3559 899 3619 superest,
1223 3555 1304 3604 Simon
1317 3553 1448 3616 Aristippo.

114 3650 238 3698 simonem
251 3649 359 3697 sutorem
372 3647 489 3708 conveni,
499 3652 527 3695 nt
538 3659 594 3696 cum
605 3659 634 3695 eo
645 3657 768 3694 sermones
779 3645 897 3705 conteras,
976 3651 1016 3696 71.
1040 3644 1118 3694 Atidio
1133 3647 1157 3693 te
1169 3641 1232 3705 apud
1249 3641 1391 3703 Dionysium
1405 3645 1513 3690 nostram
1526 3639 1625 3690 irridere
1637 3641 1727 3690 doctri·
1747 3685 1749 3690 .

114 3751 175 3799 quo,
191 3740 219 3784 nt
230 3734 274 3784 tibi
287 3735 375 3796 placet,
385 3735 409 3782 ln
422 3734 538 3795 sapientia
554 3747 627 3782 nemo
639 3733 793 3782 excellentior
801 3735 848 3794 est,
856 3745 899 3783 nec
944 3746 1013 3783 narn.
1035 3735 1066 3782 at
1085 3744 1129 3792 ego
1140 3743 1179 3779 mc
1198 3731 1305 3779 sutorem
1326 3742 1379 3778 esse
1397 3728 1510 3791 profiteor
1530 3731 1555 3778 et
1573 3728 1630 3778 talia
1649 3729 1728 3792 qualia

114 3822 352 3886 eritnnqnam.biihl
363 3821 428 3871 enim
435 3820 591 3870 interdictum
600 3823 647 3881 est,
657 3833 687 3869 ne
696 3820 795 3882 opilrces
804 3820 899 3883 adeam,
944 3823 984 3872 isti
997 3823 1075 3872 solent
1088 3821 1221 3878 conficere,
1234 3817 1391 3879 similiterque
1406 3831 1506 3880 rursus,
1529 3818 1549 3867 si
1564 3830 1627 3880 opus
1645 3817 1726 3877 luerit,

114 3914 228 3977 qnoniam
242 3913 269 3962 in
281 3911 384 3960 aliorum
399 3911 517 3972 potestate
530 3922 595 3959 sum.
943 3911 1009 3961 cotia
1018 3921 1100 3960 secare
1115 3907 1146 3956 ad
1158 3907 1307 3969 castigandos
1322 3905 1432 3956 homines
1444 3905 1539 3966 stultos,
1552 3905 1594 3968 qui
1609 3918 1685 3967 quum
1695 3905 1727 3954 ad

371 3996 495 4046 AEsclaims
509 3994 639 4057 Aristippo·
944 3999 1051 4049 Socratis
1068 4009 1176 4046 nonnam
1192 3995 1266 4045 vitam
1287 3993 1388 4056 dirigere
1406 3994 1452 4042 sibi
1475 3993 1610 4052 videantur,
1633 3991 1728 4040 luxuria

145 4094 184 4137 oe.
198 4085 234 4135 Ad
255 4085 378 4134 Platonem
392 4083 465 4133 etiam
477 4082 605 4145 epistolam
619 4080 684 4141 dodi,
699 4082 802 4129 vestram
820 4078 891 4129 iidem
945 4086 1071 4136 dlllluunt.
1090 4085 1140 4134 Erit
1156 4088 1237 4134 autem
1251 4081 1403 4132 Antisthenes
1416 4080 1571 4141 scurrilium,
1584 4079 1673 4142 quibus
1689 4080 1727 4128 usi

114 4177 257 4235 obsecrans,
272 4179 299 4224 nt
311 4175 392 4224 salros
400 4173 519 4237 praestetis
534 4175 621 4222 Locros
631 4171 749 4233 invenes,
765 4169 900 4233 cademque
944 4174 1018 4234 estis,
1032 4173 1140 4235 jocorum
1155 4171 1297 4233 castigatorq
1312 4169 1426 4232 quoniam
1438 4168 1469 4218 ad
1481 4169 1546 4217 Ιιυιιο
1558 4167 1612 4217 data
1626 4165 1729 4230 epistola

114 4266 157 4314 tibi
173 4263 294 4324 scribens,
312 4261 392 4322 lrand,
404 4265 433 4312 nt
445 4262 541 4324 opinor,
557 4273 685 4321 erraver03
699 4258 821 4322 siquidem
840 4271 897 4320 quse
945 4261 1119 4324 disputationes
1129 4263 1226 4310 nostras
1237 4258 1374 4308 ludificatus
1384 4270 1419 4307 es.
1435 4257 1481 4306 sed
1499 4257 1551 4306 haec
1563 4255 1679 4304 adversus
1691 4256 1726 4318 te,

115 4355 169 4414 peto
192 4352 279 4402 lubens
299 4351 379 4401 iacies
404 4351 456 4400 seis
475 4349 553 4406 enim.
577 4362 627 4412 quo
647 4347 750 4398 sodalitii
766 4347 820 4408 jure
837 4346 897 4395 milri
945 4349 1055 4398 divinum
1072 4348 1211 4410 ingenium,
1227 4359 1269 4409 per
1283 4347 1364 4407 iocum
1379 4344 1471 4394 dixisse
1496 4343 1625 4393 sullecsrii.
1640 4341 1680 4392 sis
1691 4346 1728 4390 ta-

113 4441 190 4501 juncti
201 4441 259 4502 sint,
270 4453 374 4490 necnon
385 4441 528 4503 Dionysium
540 4440 605 4500 lalli,
617 4453 659 4489 eos
675 4442 716 4501 jus
727 4438 831 4486 violasse
840 4436 893 4486 ext·
946 4449 1002 4487 men
1022 4449 1115 4486 memor
1130 4435 1199 4487 tarnis
1218 4437 1243 4483 et
1262 4433 1332 4494 sltls;
1348 4431 1454 4480 mullum
1469 4431 1533 4480 enim
1551 4431 1604 4478 hmc
1626 4429 1729 4491 prosunt

115 4528 261 4578 stimantem.
276 4530 331 4578 darn
346 4528 393 4578 hoc
402 4527 510 4591 protinus
525 4528 602 4577 lacere
613 4539 712 4576 conam.
728 4525 797 4574 Vale.
945 4524 976 4573 iis
988 4523 1032 4588 qni
1042 4521 1226 4585 temperantiam
1239 4521 1382 4582 sequnntur.

371 4616 506 4678 Aristippus
521 4614 638 4666 AEschini.
1200 4607 1349 4676 ¹ttrlstippus
1363 4606 1463 4656 simoni.

146 4708 184 4753 70.
207 4705 277 4752 Locri
289 4703 448 4766 juvenes,de
459 4703 549 4766 quibus
562 4701 620 4752 mibi
631 4697 901 4762 scripsisti‚ccustodia
977 4703 1016 4750 72.
1029 4701 1082 4748 Non
1100 4710 1144 4760 ego
1161 4699 1185 4747 te
1203 4695 1321 4756 ludificor,
1339 4693 1380 4743 sed
1403 4691 1507 4754 Pboedo,
1521 4691 1605 4742 dicens
1626 4693 1651 4740 te
1663 4701 1727 4752 pras·

116 4794 267 4856 eniittentnr,
277 4807 357 4856 neque
369 4794 454 4857 capitia
466 4792 611 4856 supplicium
623 4803 702 4853 neque
715 4789 832 4838 mulctam
840 4786 900 4850 snb·
946 4787 1084 4837 stantiorcm
1094 4790 1118 4834 et
1128 4783 1297 4860 sapientiorem
1306 4795 1380 4845 quam
1390 4779 1515 4830 Prodicum
1528 4781 1603 4828 ceum
1615 4777 1728 4838 evasisse,

117 4882 190 4942 ituri,
205 4881 320 4942 licetJam
338 4881 362 4930 in
383 4882 468 4932 mortis
480 4879 722 4944 perimlnnaadductl
735 4877 833 4926 tuerint.
846 4874 900 4924 Noli
947 4876 989 4938 qui
1005 4873 1114 4923 Herculis
1123 4871 1206 4921 laudes
1220 4871 1252 4920 ab
1264 4869 1317 4932 ipso
1329 4868 1414 4919 litteris
1428 4867 1561 4917 celebratas
1575 4869 1599 4915 te
1613 4865 1729 4915 reiuhsse

115 4974 200 5020 tamen
226 4969 362 5020 Antistheni
384 4969 477 5030 dicere,
498 4981 551 5018 mea
573 4980 647 5031 opera
670 4966 722 5027 ejns
742 4964 833 5014 amicos
848 4976 902 5013 esse
948 4963 1049 5014 rettulit.
1069 4959 1180 5010 admiror
1194 4957 1350 5008 nibilominus
1363 4960 1387 5006 te
1405 4961 1428 5006 et
1442 4953 1528 5017 laudo,
1541 4953 1583 5018 qni
1600 4962 1728 5016 qnnnnsu·

116 5059 231 5109 serratos.
247 5061 299 5108 Non
311 5059 375 5108 enim
388 5057 446 5108 libet
457 5057 479 5107 ei
490 5057 598 5119 tyrannis
611 5053 749 5115 amiciantl,
760 5051 803 5103 sed
815 5053 900 5102 larium
947 5055 985 5102 tor
1006 5050 1054 5112 sis,
1072 5051 1154 5098 temen
1177 5045 1312 5097 eruditione
1336 5043 1441 5108 repictus
1458 5043 1506 5104 inm
1526 5041 1619 5092 dudum
1636 5039 1729 5090 socrati

116 5146 252 5198 venditores
265 5152 289 5198 et
308 5159 428 5210 caupones
450 5157 577 5209 querere,
591 5143 633 5207 qni
654 5143 754 5194 luinam
768 5145 793 5193 et
813 5141 900 5192 vinum
948 5136 1162 5203 pulcherrimisque
1174 5131 1365 5184 adolescentibus
1377 5135 1401 5181 ct
1422 5129 1590 5191 nobilissimis,
1609 5127 1676 5178 velut
1690 5127 1730 5177 sl·
