3959 5925
527 444 698 518 museus
717 444 929 507 utscteunts
948 446 999 506 ut
1018 442 1329 506 succussotttuus
1640 462 1722 505 xxttt

129 597 366 641 numerumvero
378 596 529 635 errotnon
542 577 904 655 cadit,quoniamnaturae
951 578 1005 636 tuit
1025 578 1075 635 hic
1095 575 1221 635 mundus
1243 594 1280 634 ex
1300 587 1408 633 aeterno
1431 587 1560 651 tempore
1584 588 1670 653 atque
1691 578 1724 635 in

127 668 194 745 ejus
217 678 367 744 repugnat.
381 663 495 723 Veritas
515 677 609 723 autem
624 665 745 743 propria
764 678 806 723 est
820 678 906 741 atque
950 676 1088 723 aeternum
1099 675 1258 740 permanet,
1273 681 1349 720 unus
1362 661 1399 719 ab
1413 680 1472 719 uno
1484 674 1605 736 cognato
1616 676 1643 720 et
1653 684 1725 739 prae·

131 756 221 813 insita
247 770 437 810 numerorum
463 756 571 826 generi.
598 752 696 820 Quid?
722 752 801 831 (151)
827 752 905 830 quod
950 754 1128 811 stantissimo
1138 766 1166 810 et
1174 750 1401 830 inexsuperabili
1409 750 1623 826 gubernandus.
1633 753 1726 811 llahet

128 860 221 898 unum
237 840 300 903 sive
314 839 454 897 unitatem
470 857 567 897 rerum
582 840 713 897 omnium
729 840 905 918 principium
952 852 1046 898 motus
1060 858 1176 916 quoque
1187 859 1220 897 ac
1232 839 1400 896 mutationis
1415 839 1593 925 principium
1607 859 1684 897 unus
1698 852 1727 898 et

132 928 271 985 nominat.
287 916 367 983 ldem
380 925 458 1003 (152)
472 937 567 984 tamen
582 939 748 986 cunctorum
759 927 861 986 ducem
875 932 907 987 el
951 929 1106 985 continuus
1120 926 1257 998 mundus,
1272 938 1382 983 naturas
1394 924 1535 983 beneficio
1547 925 1683 1002 perflatus
1697 938 1727 983 et

129 1015 341 1075 moderatorem
355 1012 441 1070 deum
458 1013 557 1069 statuit
570 1014 621 1089 qui
633 1032 709 1071 unus
721 1033 835 1091 semper
852 1014 904 1087 sit,
951 1031 987 1070 ex
1002 1013 1081 1071 omni
1093 1014 1250 1070 aeternitate
1263 1013 1463 1070 circumactus.
1479 1014 1574 1088 Atque
1589 1032 1647 1070 uua
1660 1014 1725 1090 qui·

126 1103 256 1173 stabilis,
277 1102 430 1169 immotus,
446 1100 508 1177 ipse
533 1101 579 1157 sui
603 1102 721 1172 similis,
737 1100 870 1159 diversus
890 1120 907 1157 a
951 1101 1016 1158 dem
1033 1119 1100 1177 pars
1113 1099 1176 1175 ejus
1190 1099 1380 1157 immutabilis
1394 1111 1451 1169 est,
1462 1100 1552 1156 altera
1565 1098 1724 1171 mutabilis,

129 1191 263 1266 reliquis.
279 1189 358 1262 Quin
373 1187 452 1265 (1531
469 1188 555 1244 etiam
569 1207 665 1245 rerum
687 1189 905 1249 universitatem
951 1203 966 1242 e
990 1186 1098 1263 quibus
1120 1187 1204 1263 prior
1220 1186 1258 1243 ab
1271 1187 1368 1244 anima
1388 1205 1483 1244 rerum
1507 1186 1724 1244 universitatem

67 1272 78 1283 “
129 1297 147 1335 a
160 1277 280 1334 numine
292 1266 429 1351 tanquam
443 1275 575 1333 custodia
586 1289 694 1353 septam
707 1279 796 1335 teneri
808 1278 907 1335 dicens
952 1274 1084 1348 cingente
1105 1292 1198 1351 usque
1220 1274 1256 1331 ad
1278 1273 1376 1330 lunam
1393 1274 1531 1351 pertinet,
1548 1275 1726 1351 posteriora

123 1364 214 1421 deum
226 1381 318 1421 unum
328 1380 391 1419 esse
403 1373 432 1419 et
445 1362 567 1418 materia
576 1364 755 1439 superiorem
766 1363 903 1424 ostendit.
953 1361 1022 1418 luna
1044 1379 1136 1435 usque
1158 1360 1194 1418 ad
1215 1374 1331 1419 terram.
1350 1361 1383 1417 Et
1396 1362 1533 1436 quomam
1547 1381 1594 1420 res
1606 1381 1727 1421 movens

127 1449 228 1527 Neque
243 1469 312 1507 vero
327 1448 377 1505 ille
391 1450 479 1506 unius
494 1448 540 1506 dei
554 1450 734 1526 principatus
757 1450 904 1523 obstabat,
951 1448 1068 1524 quidem
1081 1468 1118 1506 cx
1130 1461 1236 1506 aeterno
1251 1462 1381 1525 tempore
1391 1449 1422 1505 in
1436 1463 1572 1505 aeteruum
1590 1450 1668 1506 ultro
1685 1450 1727 1507 ci-

126 1538 290 1613 quominus
299 1535 447 1594 Philolaus
461 1538 492 1594 in
505 1536 660 1614 aperienda
671 1538 827 1595 formarum
840 1558 906 1613 geo·
952 1547 1056 1613 troque
1065 1549 1214 1604 commeat,
1229 1556 1275 1594 res
1283 1548 1361 1593 mota
1374 1548 1467 1592 autem
1477 1537 1519 1592 ita
1528 1536 1655 1593 allicitur
1664 1548 1696 1594 ut
1709 1555 1727 1593 a

132 1625 318 1682 metricorum
342 1624 372 1680 ri
395 1642 428 1680 ac
450 1630 554 1682 natura
576 1624 612 1683 de
626 1626 691 1685 aliis
712 1646 828 1704 quoque
847 1627 905 1686 diis
952 1626 1410 1681 moventeauferturznecesseest
1419 1623 1536 1680 alteram
1545 1640 1728 1699 sempermo-

129 1711 294 1787 symbolice
319 1712 487 1787 loqueretur
503 1702 594 1795 (rili).
616 1712 727 1772 Etenim
749 1713 826 1791 apud
846 1714 906 1789 Py·
952 1708 1179 1782 bilem,alteram
1189 1728 1302 1787 semper
1316 1708 1465 1788 patibilem
1473 1728 1546 1781 esse,
1554 1710 1726 1785 atqueillam

133 1796 284 1871 thagoreos
313 1797 475 1873 reperimus
506 1798 580 1855 alios
611 1800 731 1873 angulos
756 1801 824 1859 aliis
849 1800 906 1859 diis
953 1799 1070 1875 quidem
1080 1810 1167 1856 totam
1179 1797 1440 1867 mentisetanimae,
1450 1796 1524 1853 hanc
1532 1797 1727 1872 generationis

129 1896 323 1942 consecratos.
334 1883 478 1953 Quocirca
493 1885 621 1961 magistri
634 1898 662 1943 et
675 1887 818 1945 sodalium
839 1907 907 1945 suo·
951 1898 980 1945 et
1001 1887 1170 1944 mutationis
1184 1904 1246 1943 esse
1260 1884 1374 1955 sedem,
1387 1884 1526 1959 illamque
1545 1884 1577 1941 vi
1598 1885 1727 1961 priorem

130 1992 196 2030 rum
219 1972 351 2049 exemplo
372 1971 420 2029 his
443 1973 559 2049 quidem
586 1973 644 2031 diis
666 1976 820 2050 trianguli,
847 1976 907 2034 illis
951 1987 979 2032 et
995 1973 1192 2050 superiorem,
1208 1971 1281 2029 hanc
1300 1973 1488 2048 posteriorem
1503 1983 1532 2027 et
1545 1970 1726 2033 inferiorem.

129 2078 203 2117 vero
216 2059 351 2135 quadrati
364 2059 502 2133 angulum
517 2072 545 2118 et
558 2062 631 2119 alios
645 2060 711 2119 aliis
725 2061 906 2139 eundemque
953 2060 995 2119 Ex
1017 2073 1139 2137 utraque
1162 2078 1234 2116 vero
1257 2059 1409 2136 portione,
1426 2058 1514 2114 altera
1537 2056 1639 2115 divina
1663 2078 1728 2134 quae

128 2144 265 2223 pluribus
279 2145 338 2203 diis
349 2145 466 2205 dicavit.
900 2148 901 2151 ’
952 2164 1066 2223 semper
1080 2146 1186 2215 currit,
1200 2145 1289 2202 altera
1302 2157 1436 2220 generata
1450 2163 1515 2221 quae
1534 2163 1647 2219 semper
1664 2164 1728 2203 mu·

170 2232 246 2302 Quid
261 2232 298 2289 de
314 2232 437 2307 singulis
453 2234 581 2293 numeris
593 2235 715 2292 senserit
729 2236 777 2293 vir
789 2236 905 2311 sapien·
953 2246 1039 2305 tatur,
1065 2235 1189 2291 mundus
1214 2234 1391 2311 compositus
1414 2244 1468 2289 est.
1484 2231 1628 2300 Quocirca
1652 2246 1729 2291 recte

127 2322 176 2378 tiae
200 2320 298 2378 studio
331 2320 461 2391 deditus,
490 2322 609 2396 longum
642 2334 685 2381 est
720 2322 825 2383 dicere.
851 2322 907 2380 Ve-
952 2321 1060 2379 dixerit
1076 2322 1181 2399 aliquis
1196 2320 1336 2379 mundum
1351 2340 1414 2377 esse
1428 2331 1561 2376 aeternam
1577 2318 1664 2379 deiet
1679 2339 1728 2396 ge·

133 2426 198 2463 rum
226 2406 307 2483 (155)
330 2418 396 2483 post
414 2480 416 2484 Ι
434 2408 663 2481 magnitudinem
699 2409 907 2467 mathematicas
953 2409 1110 2467 nerationis
1125 2410 1280 2466 efficaciam
1293 2406 1427 2465 mutabili
1443 2418 1553 2463 naturae
1568 2424 1729 2480 congruen-

129 2496 278 2570 propriam
293 2512 415 2569 eamque
426 2495 581 2572 tripliciter
595 2497 626 2554 in
645 2499 830 2573 quaternario
853 2519 906 2557 uu·
953 2510 1020 2555 tem.
1036 2499 1129 2573 Atque
1143 2497 1193 2553 ille
1207 2495 1324 2571 quidem
1337 2495 1437 2552 eodem
1459 2494 1523 2551 loco
1539 2510 1658 2563 manens
1680 2511 1729 2549 eo·

130 2599 209 2638 meto
234 2582 597 2657 porrectam,qualitatem
617 2595 646 2640 et
666 2583 822 2641 coloratam
843 2604 906 2662 spe·
952 2584 1017 2640 dem
1035 2602 1149 2661 semper
1163 2596 1247 2661 pacto
1269 2602 1300 2640 se
1319 2581 1423 2653 habet,
1438 2580 1500 2638 haec
1517 2593 1611 2637 autem
1632 2599 1729 2637 rerum

126 2668 200 2723 ciem
219 2666 446 2744 praeseferente
462 2680 566 2725 natura
579 2668 610 2726 in
627 2670 781 2745 quinario,
798 2671 906 2729 anima·
953 2671 1107 2727 multitudo
1121 2671 1207 2727 modo
1221 2672 1315 2727 oritur
1326 2668 1413 2725 modo
1428 2667 1534 2724 occidit
1559 2688 1565 2722 ε
1590 2665 1640 2723 sed
1665 2686 1730 2743 quae

128 2756 238 2812 tionem
253 2755 284 2811 in
298 2755 429 2825 senario,
444 2768 569 2812 mentem
583 2768 610 2813 et
625 2758 773 2816 sanitatem
789 2770 816 2814 et
829 2758 907 2833 quod
953 2758 1113 2827 intereunt,
1127 2776 1227 2813 eorum
1252 2770 1346 2813 tamen
1365 2768 1475 2811 natutae
1496 2754 1654 2828 formaeque
1668 2772 1731 2809 ser-

129 2841 166 2899 ab
180 2860 216 2899 eo
230 2842 339 2899 dicitur
352 2843 451 2899 lumen
464 2842 496 2899 in
506 2845 689 2920 septenario,
707 2858 774 2921 post
793 2845 854 2902 haec
867 2848 908 2903 ait
952 2858 1067 2916 vantur,
1096 2843 1212 2921 quando
1239 2842 1340 2901 sobole
1367 2842 1467 2899 relicta
1501 2840 1633 2897 similem
1652 2841 1729 2917 patri

129 2946 259 2985 amorem
279 2938 309 2984 et
327 2927 482 3006 amicitiam
496 2941 525 2985 et
547 2930 729 3006 prudentiam
754 2943 781 2988 et
804 2931 907 2990 soller-
953 2946 1038 3010 atque
1052 2933 1163 2991 auctori
1179 2932 1300 2991 sormam
1312 2931 1478 2989 restituunt.

133 3018 204 3072 tiam
229 3016 262 3072 in
291 3017 436 3073 octonario
461 3035 582 3074 numero
615 3016 702 3076 rebus
730 3021 905 3096 contingere.
991 3024 1035 3079 De
1058 3022 1154 3080 anima
1184 3021 1286 3079 mundi
1313 3020 1551 3095 singulorumque
1577 3015 1728 3074 hominurn

132 3103 229 3171 Quum
245 3114 338 3159 autem
352 3121 480 3178 magnam
496 3107 673 3180 quaternarii
696 3109 808 3165 numeri
830 3128 907 3184 prae·
953 3111 1058 3170 animis
1073 3111 1277 3189 proculdubio
1294 3110 1441 3168 uberrime
1451 3108 1612 3185 disputavit
1621 3105 1728 3183 Pytha·

131 3192 266 3247 stantiam
277 3207 338 3246 esse
345 3191 540 3262 contenderet,
550 3191 613 3267 ejus
624 3195 758 3250 virtutem
770 3195 801 3250 in
809 3196 908 3254 multis
953 3202 1069 3276 goricus
1086 3215 1195 3258 naturae
1208 3201 1350 3277 interpres
1362 3195 1454 3276 (159).
1470 3196 1565 3266 Quum
1579 3214 1650 3252 vero
1665 3195 1729 3252 Pla·
1742 3220 1744 3225 ·

128 3276 218 3335 rebtss
232 3277 312 3334 “ml
326 3297 386 3352 Pfae
399 3297 430 3335 ὅθ
445 3277 554 3335 ferebat
567 3277 659 3356 (156).
675 3279 739 3348 0¹10
760 3283 791 3338 in
805 3301 908 3356 genere
954 3290 1016 3347 toni
1027 3290 1090 3346 visa
1098 3290 1137 3348 sit
1146 3289 1242 3346 anima
1251 3287 1375 3346 essentia
1385 3305 1415 3344 se
1428 3303 1547 3343 movens
1557 3327 1565 3354 ,
1576 3282 1730 3341 Xenocrati

128 3375 266 3440 quattuor
279 3363 306 3420 ei
327 3362 464 3420 videntur
484 3363 639 3422 animantis
662 3367 774 3423 ratione
794 3369 908 3445 praediti
953 3397 1091 3435 itamaros
1114 3396 1145 3435 co
1166 3395 1304 3447 moveas,
1324 3373 1473 3432 Aristoteli
1496 3369 1657 3449 ἐντελέχεια,
1673 3371 1729 3446 Py.

128 3450 294 3528 Principia,
309 3449 478 3525 cerebrum,
488 3470 548 3522 0⁰¹,
560 3450 732 3524 umbilicus,
743 3467 905 3526 veretrssmi
954 3464 1087 3539 thagoras
1101 3482 1162 3521 eam
1175 3477 1203 3520 et
1216 3463 1366 3520 Philolaus
1380 3461 1560 3517 harmoniam
1581 3461 1728 3522 dixerunt.

127 3550 218 3616 caput
231 3538 349 3614 quidem
365 3538 485 3609 tuentis,
502 3559 554 3595 cor
569 3552 663 3596 autem
682 3543 826 3600 animaret
840 3562 906 3600 sen·
953 3552 1098 3622 Quocirca
1118 3550 1252 3607 Philoleo
1273 3549 1372 3625 judice
1396 3548 1478 3622 (160)
1500 3547 1596 3602 anima
1619 3545 1731 3603 inditur

129 3647 200 3697 sus,
216 3624 371 3683 umbilicus
394 3644 465 3683 vero
486 3625 616 3683 radicum
637 3642 762 3686 actarum
782 3643 810 3687 ct
824 3649 908 3705 gene·
955 3641 1073 3717 coi-poci
1084 3655 1299 3715 pernumerant
1311 3633 1540 3692 etimmortalem
1553 3631 1730 3716 eandemque

132 3726 202 3771 ΓΜ
225 3714 326 3791 Prlmae
350 3714 457 3792 pallis,
474 3726 617 3771 veretrum
641 3715 766 3792 <lenique
790 3719 909 3776 seminis
954 3729 1155 3803 incorpoream
1166 3719 1731 3796 convenientiam,acpraetereadiligitur

131 3803 231 3860 emissi
256 3815 283 3859 et
305 3803 525 3880 procreationis.
550 3803 593 3860 De
616 3805 729 3880 reliquo
757 3806 907 3865 cerebrum
955 3832 1061 3888 corpus
1085 3812 1120 3870 ab
1144 3813 1254 3882 anima,
1268 3809 1337 3885 quia
1360 3809 1422 3865 sine
1443 3825 1478 3863 eo
1499 3825 1559 3862 non
1580 3817 1674 3883 potest
1688 3807 1730 3864 uti
1822 3869 1829 3882 .

132 3890 277 3963 hominis,
292 3911 341 3947 cor
355 3891 525 3966 animantis,
546 3890 703 3950 umbilicus
726 3894 847 3969 plantae,
861 3915 910 3954 ve·
955 3901 1088 3960 sensibus
1110 3919 1117 3959 :
1139 3919 1228 3976 aquo
1241 3909 1393 3975 postquam
1418 3906 1509 3951 morte
1532 3892 1653 3951 deducta
1674 3905 1729 3964 est,

133 3989 242 4034 tetrum
267 3977 397 4034 omnium
415 3977 501 4034 simul
525 3979 703 4056 principium
724 3981 859 4040 ostendit.
873 3983 911 4039 At
955 3990 1155 4066 incorpoream
1180 3989 1211 4044 in
1232 3987 1339 4043 mundo
1361 3985 1451 4042 vitam
1479 3983 1547 4057 agit.
1572 3981 1627 4039 Sed
1652 3982 1731 4040 nefas

134 4062 272 4137 genitalia
296 4083 420 4138 corpora
444 4065 521 4140 (157)
550 4065 613 4124 sive
639 4086 735 4124 rerum
772 4068 911 4126 elementa
955 4096 1018 4136 esse
1034 4065 1377 4152 ait'Pythagoreus(161)
1394 4083 1515 4128 mortem
1538 4068 1595 4126 sibi
1618 4069 1730 4125 consci-

135 4151 265 4225 ‹1uiuque
286 4167 349 4206 esse
372 4149 540 4221 arbitratur,
554 4170 571 4207 e
593 4151 700 4226 quibus
714 4153 808 4228 ignis,¹
820 4175 909 4232 aqua,
956 4182 1037 4221 scere
1051 4162 1141 4242 (162).
1157 4159 1278 4231 Quando
1291 4161 1369 4217 enim
1383 4171 1511 4215 veterum
1531 4154 1731 4228 theologorum

133 4253 185 4292 aer
200 4248 228 4292 et
249 4248 325 4293 terra
347 4237 378 4293 in
392 4237 502 4314 sphaera
514 4239 708 4313 inveniantur,
723 4240 811 4298 aether
831 4254 912 4300 extra
956 4264 984 4307 ct
1009 4263 1107 4308 vatata
1129 4249 1326 4307 auctoritatem
1343 4257 1457 4304 secutus
1478 4241 1616 4319 supplicii
1640 4241 1732 4314 gratia

135 4321 278 4398 sphaeram
293 4325 366 4382 situs
385 4324 493 4382 ambiat
506 4344 567 4382 eam
586 4340 613 4384 et
627 4329 708 4404 quasi
732 4329 834 4388 trahat.
851 4330 912 4388 Cae·
957 4341 1082 4396 animam
1097 4358 1162 4396 cum
1175 4355 1298 4414 corpore
1312 4335 1513 4411 conjunctam,
1527 4331 1583 4387 hoc
1597 4343 1731 4405 tanquam

136 4411 251 4486 teroqui
272 4424 356 4486 negat
368 4411 517 4472 Philolaus
534 4413 654 4471 interire
668 4416 807 4474 mundum
822 4419 910 4496 (158).
958 4428 1091 4504 sepulcro
1105 4425 1250 4483 conditam
1262 4442 1324 4481 esse
1338 4423 1473 4499 opinatus
1487 4430 1544 4488 est,
1557 4416 1650 4473 uoluit
1670 4434 1731 4472 eam

134 4493 186 4552 55⁰
209 4497 286 4553 enlm
312 4498 353 4555 ὃὶῑ
375 4499 406 4555 ln
422 4499 499 4557 llbffl
518 4502 561 4558 De
587 4503 683 4558 anima
706 4523 712 4558 ἰ
737 4519 913 4582 quapropter
958 4513 1122 4590 ecorporis
1145 4513 1275 4570 custodia
1299 4510 1411 4587 injussu
1430 4508 1476 4564 dei
1490 4525 1506 4562 a
1522 4525 1579 4581 quo
1593 4504 1658 4560 data
1676 4523 1731 4560 no-

134 4585 222 4640 etiam
237 4585 372 4644 interitus
386 4607 490 4663 expers
504 4589 643 4664 nulloque
655 4575 753 4647 labore
766 4591 912 4664 coniectus
958 4601 1005 4658 bic
1019 4614 1061 4658 ast
1081 4600 1217 4671 libcrari,
1237 4620 1273 4658 oo
1287 4595 1446 4674 majoribus
1462 4593 1547 4650 otiam
1569 4604 1597 4649 ot
1614 4592 1733 4667 gravio.

135 4684 277 4749 perpetuo
292 4672 390 4743 durat,
402 4675 546 4751 siquidem
562 4695 614 4734 nec
628 4678 705 4736 intra
719 4679 814 4755 ipsum
829 4699 913 4738 causa
959 4690 1042 4748 cibos
1056 4689 1267 4748 calamitatibus
1279 4689 1439 4744 afficeretur
1455 4680 1549 4758 (163).

135 4760 284 4834 potentior
308 4779 393 4836 quam
414 4762 466 4818 illa
493 4758 609 4843 [anima]
630 4767 802 4842 reperietur,
821 4785 914 4842 neque
999 4776 1275 4835 Foiccophilalaum
1289 4772 1439 4850 physicam
1461 4767 1553 4843 magia
1574 4785 1659 4842 qoam
1671 4767 1733 4824 cia.

130 4859 219 4904 extra
238 4847 395 4925 quidquam
417 4850 580 4926 quodcum
600 4853 719 4929 perdere
739 4855 848 4930 possit,
864 4854 913 4911 sed
958 4866 1028 4923 tatic
1047 4865 1230 4939 magistrum,
1244 4875 1300 4919 tam
1320 4879 1336 4917 o
1355 4857 1521 4934 fragmentis
1539 4854 1604 4933 ojus
1623 4855 1732 4912 intelli.

170 5081 235 5142 (151)
253 5081 310 5130 viu.
328 5081 411 5144 fragm.
423 5084 573 5146 ll.-(152)
594 5085 648 5134 Vid.
667 5085 749 5148 fragm.
764 5093 799 5137 15.
810 5088 915 5152 -(15³i
960 5088 1017 5136 Vid.
1031 5087 1114 5149 tratur.
1126 5091 1164 5137 at.
1175 5115 1203 5128 -
1217 5085 1279 5150 (159)
1292 5084 1427 5136 Macrobius
1436 5083 1548 5133 insomn.
1559 5081 1622 5142 scip.
1633 5083 1654 5140 l,
1666 5082 1733 5129 tt.-

138 5150 196 5199 Vid.
209 5151 292 5212 fragm.
303 5155 440 5216 to.—(154)
451 5156 506 5204 vid.
518 5155 603 5215 fragm.
615 5161 683 5205 t7.-
691 5159 754 5221 (155)
764 5159 818 5208 vid.
831 5161 913 5220 fragm.
962 5159 1026 5221 (too)
1036 5156 1183 5207 Claudianus
1194 5157 1326 5206 Mamertus
1344 5159 1378 5205 De
1389 5157 1451 5204 statu
1461 5155 1587 5212 animali,
1597 5153 1621 5198 7.
1630 5149 1735 5208 -(1o¹)

142 5225 179 5270 ts.
192 5222 256 5284 (tac)
270 5223 467 5287 vulcania.
480 5252 510 5262 -
522 5226 587 5290 (157)
597 5228 651 5278 vu.
664 5228 746 5289 traam.
759 5237 797 5280 so.
808 5255 840 5266 -
850 5231 914 5292 trra)
961 5228 1016 5278 vta.
1027 5229 1111 5291 tram.
1122 5234 1161 5279 sa.
1172 5227 1336 5290 -ttontvtu
1349 5227 1431 5289 tragn.
1443 5223 1590 5286 att—(¹⁶³)
1602 5219 1735 5268 auxitanus
