3959 5925
138 402 139 405 .
203 362 260 413 τοι
308 424 314 435 ,
552 362 554 367 ·
822 352 1173 414 rrantooanoauu

197 485 260 543 dixi
274 484 310 543 de
322 484 446 543 illoloco
460 484 497 543 ad
512 484 669 543 Democriti
685 485 843 561 fragmenta
855 485 978 544 moralia
1021 486 1187 566 ὡρελεῖοθατ·
1210 484 1291 552 οὕτως
1312 488 1341 545 οὗ
1363 485 1440 563 μόνον
1466 488 1494 543 αἱ
1516 485 1607 567 θρτταὶ
1627 487 1802 567 λεχθήοονται

198 595 265 653 pag.
284 575 340 633 255
362 575 408 633 ed.
425 574 519 632 Berol.
544 609 583 623 -
607 572 632 610 77
646 574 728 631 Plato
742 574 777 632 de
797 574 873 650 legg.
893 573 977 635 lib.l
1024 571 1123 651 ἀγαθοί,
1139 570 1207 631 itit
1224 572 1270 629 καί
1293 574 1320 631 αἱ
1339 574 1398 630 κατ’
1420 572 1500 639 αὐτὰς
1520 573 1645 654 πράξεις,
1668 572 1742 655 τόπερ
1756 577 1804 635 καί

119 662 122 667 ’
197 682 228 740 p.
244 664 313 719 636.
331 694 372 707 -
391 660 416 697 77
434 662 609 741 διαφέρουσιν,
625 662 704 738 quod
727 661 851 719 refertur
871 662 907 720 ad
920 662 978 720 De·
1022 660 1090 719 nard
1105 658 1202 726 ταύτας
1215 659 1355 735 συμόαίνει
1369 661 1534 740 ὠρελεῖοθαι.
1550 660 1628 721 Κατὰ
1642 660 1670 719 δὲ
1684 662 1729 721 τὸν
1745 664 1802 744 τρί-
1845 682 1849 688 ’

158 823 162 835 ³
198 750 353 808 mocritum
376 761 404 806 et
426 748 595 820 Platonem,
620 749 720 807 addidi
737 768 801 807 cum
822 748 975 811 licerenio.
1021 770 1065 806 τον
1082 749 1127 807 καί
1144 750 1291 807 τελευταῖον
1306 746 1400 827 τρόπον
1414 748 1519 826 λέγεται
1533 748 1642 826 ἀγαθόν,
1656 750 1685 808 τὸ
1703 743 1756 809 οἶόν
1771 776 1801 810 τι

198 837 233 896 ln
241 836 417 921 membranis
428 837 483 896 tale
493 834 615 896 ¹verbum
624 837 812 896 desideratur.
824 870 860 881 -
873 834 899 871 ⁶⁰
906 837 978 907 Quae
1022 836 1147 916 ὠφελεῖν,
1169 835 1451 913 ἐμπεριλαμόανούσης
1464 839 1511 907 τῆς
1532 836 1681 904 ἀποδόσεως
1706 839 1804 911 ταύτης

198 925 247 984 hic
275 926 325 985 de'
338 930 407 984 bono
440 927 593 985 traduntur
623 927 748 985 maxime
771 946 787 985 e
814 925 976 985 Stoicorum
1022 923 1107 987 πάττε
1120 922 1214 1003 ἀρετὰς
1226 922 1272 981 καὶ
1284 921 1329 989 τὰς
1348 923 1483 1001 ἐναρέτους
1497 924 1617 1003 πράξεις,
1633 925 1679 986 καὶ
1691 925 1750 993 τοὺς
1761 928 1804 1006 ρί-

198 1014 315 1092 scriptis
339 1016 430 1093 petita
454 1028 530 1074 sunt.
557 1014 624 1074 Vid.
647 1011 778 1091 Lipsium
806 1014 837 1071 in
861 1013 977 1073 llanud.
1021 1013 1081 1076 lm<
1094 1011 1140 1069 καί
1158 1009 1312 1075 σπουδαίους
1327 1012 1487 1091 ἀνθρώπους.
1510 1012 1583 1071 Vide
1597 1011 1726 1091 Lipsium
1742 1016 1804 1075 lla·

198 1104 294 1161 Stoica
306 1102 359 1181 Op.
374 1103 412 1160 lV
423 1124 453 1182 p.
467 1105 533 1171 ndi.
545 1103 598 1161 Sed
613 1104 844 1181 operaepretium
858 1116 977 1161 estcum
1022 1099 1093 1157 nud.
1117 1098 1207 1157 Stoic.
1223 1098 1250 1158 ll
1272 1098 1305 1177 p.
1321 1119 1376 1172 τος
1392 1100 1460 1157 item
1482 1099 1646 1176 Menagium
1666 1101 1702 1157 ad
1716 1102 1803 1178 Diog.

198 1188 237 1247 iis
260 1209 429 1268 comparare
460 1190 624 1249 Aristotelis
650 1190 861 1266 explicationes
890 1188 975 1251 Rhet.
1023 1186 1117 1246 Laett.
1133 1186 1262 1258 lib.Vll,
1284 1195 1334 1264 94.
1356 1219 1398 1232 -
1416 1185 1441 1222 77
1466 1188 1576 1266 Scripsi
1599 1188 1701 1261 καθ“δ;
1718 1190 1803 1252 codd.

199 1278 250 1337 lib.
276 1280 288 1337 l
317 1300 380 1358 cap.
396 1282 414 1337 6
438 1280 613 1358 propositas.
628 1311 669 1324 -
682 1277 704 1313 77
730 1278 825 1335 Strato
841 1276 977 1356 Lampsa·
1016 1274 1080 1333 καθ’
1097 1266 1138 1335 οὗ,
1152 1307 1194 1321 -
1212 1275 1237 1311 77
1260 1274 1305 1335 Cf.
1321 1276 1408 1352 Diog.
1432 1276 1527 1335 Laert.
1547 1276 1601 1335 lib.
1617 1276 1683 1347 Vll,
1699 1277 1749 1352 95.
1764 1311 1806 1325 —

134 1356 139 1367 ¹
199 1386 306 1441 cenas,
327 1368 547 1447 Peripateticus,
570 1379 640 1425 teste
662 1366 791 1441 Diogene
810 1365 864 1428 lib.
887 1366 921 1437 V,
941 1366 978 1423 58
1023 1362 1049 1404 ⁷⁴
1062 1361 1157 1421 Verba
1170 1361 1246 1438 ἔξεις,
1265 1362 1298 1419 τὰ
1320 1361 1348 1420 δὲ
1363 1383 1428 1439 quae
1452 1362 1555 1421 desunt
1578 1364 1610 1421 in
1626 1362 1806 1424 membranis

200 1469 257 1515 tres
278 1456 313 1514 de
328 1460 397 1514 bono
413 1455 487 1535 (περί
500 1454 630 1533 τάγαθοῦ)
647 1456 857 1533 conscripserat
873 1455 984 1529 libros,¹
1001 1483 1003 1526 ι
1023 1449 1135 1509 addidit
1146 1450 1254 1509 Belius
1271 1450 1412 1539 Posiden.
1428 1472 1459 1528 p.
1476 1472 1533 1509 aaa
1547 1470 1585 1509 ex
1598 1450 1684 1525 Diog.
1706 1450 1804 1513 Laert.

199 1542 337 1619 equibus
350 1544 398 1602 bic
408 1544 489 1602 locus
504 1544 567 1602 sine
578 1541 670 1600 dubio
684 1542 854 1619 deprointus
865 1556 918 1604 est.
939 1576 979 1588 -
1001 1563 1003 1578 ¹
1023 1536 1077 1598 lib.
1093 1537 1157 1611 Vll,
1180 1540 1231 1616 98.
1256 1538 1331 1583 -V
1348 1538 1462 1598 inserui
1478 1537 1541 1607 ἶίοῑτ
1556 1536 1590 1596 τὰ
1604 1537 1631 1597 δὲ
1646 1559 1712 1615 qua*-
1726 1543 1807 1600 exci-

200 1626 225 1664 77
248 1632 312 1689 καθὸ
341 1632 535 1711 apocrisariis
556 1633 641 1710 μερῶν
658 1630 762 1707 scripsi
785 1651 848 1688 cum
873 1630 978 1689 licere·
1001 1663 1004 1715 ρ
1023 1625 1100 1684 disse
1116 1626 1262 1687 videntur.
1273 1625 1345 1671 -77
1363 1626 1490 1704 Reposui
1502 1626 1646 1685 lleerenio
1661 1642 1808 1705 praeeunte

166 1741 173 1757 ·
200 1718 270 1791 nio;
285 1719 369 1778 codd.
383 1717 591 1795 καθοραθήσετατ
601 1719 652 1773 τῶν
665 1718 751 1795 μερῶν
766 1717 810 1773 vel
834 1720 887 1774 τῶν
909 1716 978 1776 κατθι
1023 1714 1070 1780 τός
1091 1715 1117 1791 γ’
1142 1714 1346 1794 τύκοταρορίας;
1371 1714 1456 1773 codd.
1474 1712 1519 1781 td<
1543 1715 1567 1773 δ’
1591 1715 1805 1795 ιῦκαταρθορίας.

201 1805 286 1885 μέρος.
302 1805 345 1864 Cf.
360 1805 463 1865 Cicero
478 1803 514 1863 dc
537 1804 598 1863 rin.
620 1803 655 1874 V,
684 1824 787 1863 10-ra.
803 1840 841 1853 -
855 1801 979 1864 ⁶³.Plato
1002 1827 1004 1838 ο
1024 1801 1169 1878 Diogenes
1182 1802 1312 1861 Laertius
1321 1801 1384 1874 Vll,
1397 1802 1450 1859 115
1471 1800 1539 1860 τκαί
1555 1804 1590 1869 ὡς
1602 1802 1646 1860 ἐπὶ
1656 1808 1702 1861 τού
1715 1802 1807 1880 σώμα-

200 1896 236 1951 de
250 1892 354 1969 legg.l
372 1913 402 1971 p.
422 1894 490 1951 361.
507 1900 547 1937 -'-
560 1890 584 1926 77
601 1890 675 1949 Vide
696 1888 841 1949 bonorum
856 1891 978 1951 divisio·
1024 1911 1067 1955 τος
1084 1888 1262 1967 εὐεμπτωσίαι
1281 1888 1347 1956 τινίς
1369 1889 1505 1966 λέγονται,
1522 1881 1575 1948 οἷον
1597 1890 1742 1971 κατάρρους
1762 1892 1808 1951 καὶ

200 2000 265 2038 netu
281 1982 316 2039 de
327 1980 385 2056 leg.
401 1979 453 2058 lp.
472 1982 526 2038 361
540 1979 712 2057 expositam,
729 1998 793 2056 quae
805 1981 981 2039 conferenda
1001 1991 1004 2014 ¹
1024 1978 1152 2059 διάρροια·
1166 1977 1235 2035 οὕτω
1249 1977 1317 2037 κάπὶ
1336 1981 1383 2049 τῆς
1404 1980 1491 2058 ψυχῆς
1513 1980 1577 2036 είσιν
1602 1979 1807 2059 τύκαταρορίατ,

200 2082 244 2127 ttst
269 2088 333 2126 cum
360 2068 500 2145 praeclaro
534 2064 646 2125 Philebi
676 2065 741 2124 loco
769 2086 833 2143 pag.
869 2067 917 2124 55.
939 2100 981 2113 -
1024 2055 1076 2124 aior
1090 2067 1229 2146 τρθοντρία,
1244 2064 1648 2144 ἄνελεημοούνη,ἔρτδεςκτιὶτὰ
1662 2068 1808 2144 παραπλή-

200 2153 225 2191 ⁶⁵
239 2156 335 2225 Quum
350 2156 407 2214 tria
420 2155 480 2213 sint
491 2154 635 2213 bonorum
649 2172 765 2229 genera,
779 2153 808 2211 τδ
823 2152 902 2213 καλὸν
917 2175 976 2212 non
1002 2183 1004 2197 ι
1024 2172 1079 2208 στα.
1093 2152 1139 2209 Ad
1158 2172 1244 2229 quern
1259 2153 1355 2212 locum
1372 2154 1439 2211 vide
1452 2153 1626 2229 Menagium.
1641 2153 1686 2213 Cf.
1702 2145 1807 2214 Cicero

201 2242 287 2300 modo
305 2242 395 2301 animi
405 2242 491 2300 bonis
502 2241 659 2299 convenire
674 2240 765 2316 dicit,
786 2239 836 2299 sed
857 2239 979 2316 reliquis
1002 2205 1005 2294 ί
1024 2236 1144 2296 'fuseul
1171 2237 1218 2311 lV,
1241 2261 1286 2299 ra.
1299 2274 1340 2285 -
1355 2248 1380 2287 tt
1399 2239 1493 2327 Diog..
1507 2242 1599 2301 Laert.
1620 2239 1683 2312 Vll,
1705 2244 1753 2317 96.
1765 2276 1806 2289 -

201 2350 317 2407 quoque
330 2330 457 2407 duobus,
473 2350 537 2409 quae
551 2342 610 2387 turn
626 2327 661 2385 ad
676 2347 782 2406 corpus
795 2342 856 2387 tum
878 2328 913 2387 ad
931 2348 979 2386 ex·
1025 2324 1050 2372 77
1064 2326 1232 2403 Sequuntur
1256 2347 1297 2385 eae
1312 2348 1377 2406 quae
1393 2328 1464 2385 olim
1485 2328 1517 2386 in
1538 2328 1704 2386 Stoicorum
1717 2329 1804 2391 libris

199 2428 282 2473 terna
306 2416 462 2493 pertinent.
483 2451 522 2461 —
544 2414 569 2451 ⁶⁶
596 2416 764 2473 Aristoteles
790 2414 826 2473 de
846 2415 980 2475 Moribus
1002 2459 1005 2536 Ι
1026 2414 1247 2491 reperiebantur
1261 2417 1404 2473 virtutum
1424 2416 1622 2493 vitiorumque
1639 2418 1699 2475 iuis
1713 2406 1830 2496 oppa-¹

200 2503 237 2561 ad
251 2504 457 2563 Nicomachum
477 2503 528 2563 lib.
542 2504 555 2561 l
568 2524 622 2582 cap
635 2508 665 2577 6,
683 2505 712 2575 8,
725 2518 753 2561 et
767 2502 978 2579 llagn.llloral.
1002 2540 1005 2593 ρ
1025 2503 1144 2559 sitorum
1167 2501 1362 2561 definitiones.
1385 2500 1451 2571 01¹⁰
1473 2503 1592 2560 immine
1614 2502 1662 2561 hle
1683 2506 1809 2581 scriptor·

204 2592 230 2667 i,
247 2593 275 2653 3.
289 2625 331 2639 -
352 2592 378 2628 ⁰⁷
393 2593 534 2652 flanona
554 2594 636 2651 καλοῦ
653 2591 877 2667 originationem
893 2594 980 2654 trahet
1002 2599 1006 2689 ρ
1024 2606 1111 2663 quem
1125 2608 1222 2646 rerum
1235 2589 1397 2674 frequentia
1407 2588 1542 2648 crebrum
1556 2611 1729 2652 esseomnes
1740 2616 1808 2653 con-

200 2678 284 2738 Plato
294 2680 407 2756 Cratyl.
428 2701 457 2759 p.
472 2681 539 2748 416.
554 2714 594 2725 -
608 2678 634 2715 ⁶⁸
646 2678 803 2757 Postquam
824 2680 860 2738 de
881 2682 980 2757 singu.
1002 2700 1005 2798 ρ
1025 2674 1158 2752 litentur,
1171 2677 1258 2752 longe
1271 2690 1387 2755 praestat
1401 2678 1526 2752 Diogeni
1540 2680 1656 2739 Laertio
1670 2682 1809 2758 pauciora

201 2768 237 2827 lis
249 2769 321 2827 locis
336 2769 396 2844 egit
404 2770 532 2848 scriptor
543 2790 579 2827 ex
591 2768 699 2845 quibus
714 2788 827 2827 morum
846 2767 981 2829 doctrina
1024 2764 1060 2823 de
1081 2766 1183 2823 eodem
1203 2781 1374 2841 argumento
1399 2784 1453 2823 nos
1476 2765 1602 2823 docenti.
1625 2800 1666 2811 -
1687 2767 1712 2803 77
1734 2767 1809 2848 ρύοοι

201 2858 326 2913 maxime
343 2855 487 2932 pendebat
507 2870 593 2933 atquc
610 2858 640 2913 in
665 2856 773 2933 quibus
796 2856 979 2918 illustrandis
1024 2854 1157 2913 πολττικδν
1167 2855 1231 2932 ζῷον
1240 2852 1504 2911 nominaturhomo
1512 2872 1598 2929 quem
1607 2856 1697 2913 totius
1705 2856 1806 2915 mundi

200 2941 369 3022 philosophi
405 2944 552 3021 praecipue
578 2944 780 3017 versabantur,
810 2946 915 3005 transit
944 2947 980 3006 ad
1026 2942 1150 3000 incolam
1173 2954 1259 3019 atque
1278 2942 1371 3000 civem
1394 2947 1458 2999 esse
1481 2938 1571 2999 Stoici
1592 2941 1810 3004 arbitrabantur

200 3031 363 3089 Stoicorum
379 3031 415 3088 de
429 3032 534 3089 morali
553 3033 748 3109 philosophiae
768 3045 850 3109 parte
864 3034 979 3110 placita.
1025 3047 1116 3106 eaque
1127 3048 1185 3088 rea
1199 3028 1304 3088 bestiis
1322 3029 1462 3104 distingui
1477 3028 1671 3090 affirmabant.
1690 3036 1807 3094 arrian.

199 3118 319 3176 Videtur
337 3130 430 3175 autem
451 3118 595 3190 Zenonis,
617 3119 776 3198 Chrysippi
791 3135 819 3178 et
833 3119 981 3181 Cleanthis
1026 3117 1070 3190 ll,
1094 3139 1129 3176 10
1145 3141 1152 3175 t
1169 3119 1214 3175 itti
1230 3118 1329 3184 τούτοις
1348 3117 1457 3188 πολίτης
1474 3107 1498 3175 ti
1512 3123 1558 3176 τοῦ
1576 3120 1675 3195 κόσμου
1696 3125 1754 3184 κτλ.
1769 3158 1809 3170 -

200 3207 381 3286 potissimum
405 3207 514 3264 scrinia
541 3206 725 3284 compilasse.
753 3207 833 3265 luter·
854 3207 980 3269 Zenonis
1002 3174 1005 3252 ί
1025 3201 1174 3262 ⁸⁰lnserui
1189 3205 1291 3262 ἀδικίαν
1307 3202 1341 3262 δὲ
1362 3204 1467 3281 ἄγνοιαν
1484 3206 1526 3280 μὴ’
1545 3208 1739 3280 ύπονεμηττκὴν
1761 3215 1808 3282 τῆς

166 3331 175 3350 .
201 3295 312 3370 scripta
335 3293 458 3352 moralia
476 3295 600 3352 eminuit
622 3295 692 3352 olim
713 3314 787 3373 opus
811 3293 873 3372 περὶ
898 3299 981 3375 ὁρμῆς
1026 3289 1215 3369 diiectissimo,
1227 3312 1292 3368 quae
1303 3291 1394 3349 verba
1408 3293 1512 3350 desunt
1525 3293 1557 3350 in
1572 3293 1808 3354 membranis.—

202 3394 388 3440 memoratum
408 3382 532 3456 lliogeni
544 3384 660 3441 Laertio
675 3381 728 3440 lib.
745 3382 808 3454 Vll,
826 3391 852 3447 i.
867 3381 909 3441 Cf.
928 3383 980 3442 Fa.
1026 3376 1047 3410 77
1062 3385 1087 3435 A
1097 3377 1214 3436 Zenone
1225 3379 1384 3455 Didymum
1395 3380 1480 3437 hasce
1490 3379 1630 3438 virtutum
1638 3383 1808 3460 explicatio-

200 3471 274 3528 bric.
290 3468 366 3528 Bibl.
380 3468 473 3527 Graec.
490 3469 549 3527 vol.
566 3469 620 3540 lli,
634 3491 665 3546 p.
681 3469 735 3526 581
755 3469 800 3529 ed.
818 3469 899 3529 Harl.
917 3471 980 3528 Cae·
1026 3485 1077 3524 nes
1098 3479 1259 3525 rnutuatum
1274 3485 1337 3524 esse
1350 3467 1523 3541 intelligitur
1542 3486 1579 3524 ex
1600 3467 1749 3531 Plutarch.
1771 3473 1808 3532 de

200 3572 294 3618 terum
306 3558 393 3616 initio
400 3556 589 3616 adumbratur
600 3557 709 3616 divisio
718 3577 827 3632 rerum,
838 3571 980 3635 quatenus
1002 3590 1005 3627 ι
1025 3555 1094 3615 virt.
1107 3555 1210 3612 morali
1220 3575 1284 3631 cap·
1294 3575 1324 3626 2,
1336 3555 1398 3614 vol.
1415 3554 1455 3614 lX
1465 3576 1496 3632 p.
1511 3556 1567 3630 392
1580 3555 1625 3613 ed.
1639 3556 1755 3616 Hutten.
1768 3593 1810 3606 -

199 3647 246 3705 vel
266 3644 350 3703 bonae
365 3646 410 3703 vel
435 3646 517 3702 malae
536 3645 581 3704 vel
602 3645 802 3703 indifferentes
820 3657 897 3704 sunt.
919 3645 980 3704 lla·
1003 3630 1051 3763 ρ77
1065 3641 1111 3702 Cf.
1137 3643 1223 3718 Diog.
1245 3641 1343 3701 Laert.
1358 3641 1423 3713 Vll,
1449 3663 1497 3718 9⁰·
1517 3675 1558 3687 -
1570 3640 1596 3678 77
1622 3644 1732 3723 Scripsi
1752 3644 1809 3722 ἅμα

201 3753 289 3810 gnum
313 3733 390 3791 eninr
412 3734 443 3792 in
469 3753 503 3792 ea
525 3734 651 3811 positum
675 3747 717 3792 est
742 3745 918 3790 momentum
944 3735 980 3793 ad
1003 3774 1006 3817 ρ
1026 3729 1185 3808 διαιρετικὴν
1201 3731 1246 3788 καί
1267 3728 1527 3810 ἀνακιραλοτωτικὴν
1551 3752 1620 3789 τοττι
1638 3732 1808 3810 Wyttenba-

199 3840 296 3878 rerum
310 3821 441 3878 omnium
452 3835 582 3879 naturam
595 3819 782 3878 eStoicotum
791 3820 903 3878 ratione
912 3839 980 3898 ape·
1003 3822 1006 3933 ρ
1025 3818 1092 3876 chio
1111 3818 1147 3876 ad
1162 3818 1311 3878 Plutarch.
1331 3817 1360 3876 ll
1375 3839 1406 3897 p.
1426 3820 1479 3876 103
1493 3820 1536 3895 A3
1552 3819 1639 3879 codd.
1655 3822 1808 3902 ἀνταναιρε-

200 3907 341 3965 riendam.
355 3939 395 3952 -
416 3906 442 3943 77
468 3907 640 3985 περιπάτησις
655 3906 709 3964 hoc
731 3907 795 3964 loeo
816 3918 859 3964 est
881 3910 980 3981 dispa-
1002 3904 1100 3999 ρττκὴν
1119 3906 1165 3963 καί
1189 3905 1226 3982 μὴ
1246 3906 1468 3985 xanctonensis.
1483 3940 1524 3954 —
1546 3906 1571 3948 77
1599 3908 1686 3983 Diog.
1708 3908 1805 3972 laert.

201 4002 269 4053 tatio
285 3997 499 4071 philosophica,
516 4010 547 4054 ut
561 3996 637 4072 apud
653 3995 812 4070 Diogenem
834 3995 979 4052 Laertium
1003 3993 1092 4099 lvii,
1116 3997 1153 4069 93
1172 4012 1179 4052 ι
1195 3994 1243 4063 τὴν
1264 3994 1292 4051 δὲ
1317 3994 1532 4075 μεγαλοψυχίαν,
1557 3995 1705 4072 ἐπιστήμην
1726 3994 1808 4068 ἢόξιν

201 4081 254 4142 lib.
270 4081 334 4154 Vll,
352 4085 402 4158 98.
426 4083 498 4142 Vide
523 4082 656 4141 llossium
680 4085 712 4139 in
736 4080 850 4140 Comm.
879 4081 977 4145 Laert.
1003 4081 1146 4160 ;ὑττερύνω
1159 4086 1285 4140 ποιοῦσαν
1296 4085 1349 4140 τῶν
1360 4082 1556 4160 συμύατνόντων
1576 4087 1648 4163 κοινῇ
1661 4084 1808 4164 ραύλωνττ

201 4191 230 4250 p.
249 4171 304 4229 138
316 4190 378 4247 seq.
394 4169 439 4231 Cf.
457 4171 545 4230 flent.
563 4170 737 4247 Stephanum
757 4169 788 4226 in
800 4168 888 4226 Thes.
903 4169 976 4246 ling.
1002 4160 1005 4193 ¹
1024 4169 1069 4227 καὶ
1090 4168 1247 4228 σπουδαίων.
1262 4205 1303 4214 -
1316 4167 1342 4204 77
1358 4171 1427 4238 κατὰ
1445 4169 1476 4227 τὸ
1490 4169 1628 4250 σύμφωνον
1650 4192 1715 4230 curn
1734 4174 1808 4232 flee-

201 4275 286 4332 graec.
312 4276 378 4315 voe.
404 4257 554 4335 περίπατος.
572 4289 613 4300 -
629 4257 653 4290 ⁷⁰
671 4257 812 4314 Similiter
833 4257 980 4332 Diogenes
1002 4196 1005 4332 ί
1024 4259 1105 4314 renio
1118 4256 1196 4316 edidi
1206 4280 1215 4329 ;
1232 4257 1317 4316 codd.
1333 4257 1378 4316 καί
1396 4257 1425 4315 τὸ
1440 4257 1589 4338 ούμρωνον.
1605 4259 1718 4318 Etenim
1735 4281 1807 4337 qua-

201 4341 332 4402 Laertius
346 4344 396 4404 lib.
404 4343 466 4415 vti,
482 4346 520 4420 98
533 4367 539 4402 :
552 4352 605 4402 πᾶν
615 4342 642 4402 δὲ
657 4342 753 4420 ἀγαθὸν
767 4343 897 4423 ουμρέρον
913 4334 980 4402 εἶναι
1024 4344 1149 4422 druplex
1160 4346 1270 4404 fruetus
1282 4347 1400 4405 virtutis
1414 4345 1497 4424 cujus
1513 4346 1562 4404 hic
1574 4349 1683 4408 mentio
1696 4349 1728 4404 fit
1739 4369 1805 4426 per·

200 4429 245 4487 καί
261 4429 316 4488 δέον
329 4429 374 4487 καὶ
382 4429 514 4496 λυσιτελὲς
528 4429 573 4488 καί
584 4428 712 4508 χρήσιμον
725 4428 769 4487 καὶ
782 4425 923 4508 εὔχρηστον
934 4431 979 4489 καὶ
1024 4433 1096 4489 tinet
1114 4432 1151 4492 ad
1165 4445 1291 4510 quatuor
1310 4437 1430 4492 virtutes
1452 4434 1623 4512 primarias,
1649 4436 1740 4494 officii
1761 4438 1806 4495 in·

200 4515 280 4574 καλθν
302 4515 347 4575 καὶ
360 4513 489 4596 ὠφέλιμον
508 4515 553 4573 καὶ
568 4514 668 4595 αἱρετὸν
682 4513 726 4573 καὶ
739 4513 849 4592 δίκαιον,
863 4519 915 4593 qui
933 4518 980 4575 lo·
1025 4521 1124 4578 ventio
1138 4521 1174 4578 ad
1195 4521 1389 4598 prudentiam,
1410 4522 1623 4600 appetitionum
1646 4526 1807 4583 constantia

201 4623 253 4662 cus
272 4605 391 4662 omnino
411 4625 475 4663 curn
499 4605 554 4663 hoc
576 4604 779 4664 conferendus.
794 4636 836 4650 -
862 4604 883 4638 77
913 4606 979 4664 Pla·
1002 4657 1005 4698 t
1024 4609 1059 4665 ad
1074 4610 1307 4686 temperantiam,
1322 4611 1476 4668 resistendi
1489 4609 1532 4668 vis
1545 4611 1582 4668 ad
1594 4611 1805 4686 fortitudinem,

201 4693 268 4752 nius
282 4692 343 4752 haec
357 4694 483 4773 explicat
501 4694 604 4752 Sextus
625 4692 788 4771 Empiricos
804 4693 871 4752 adv.
893 4693 978 4752 llath.
1023 4697 1149 4776 denique
1173 4699 1393 4760 distributiones
1413 4700 1571 4760 secundum
1594 4717 1765 4763 concentum
1789 4725 1807 4763 a

201 4779 308 4848 libili,
322 4783 370 4853 25,
384 4788 447 4860 pag.
460 4781 517 4856 695
533 4780 693 4842 ed.Fabric
713 4781 833 4857 τλέγετατ
850 4779 884 4859 γδτ
911 4783 979 4859 τἰγα-
1003 4814 1005 4873 ρ
1024 4801 1127 4845 natura
1153 4789 1339 4846 constitutum
1361 4789 1397 4846 ad
1414 4788 1569 4867 justitiam.
1594 4822 1636 4835 -
1656 4789 1681 4826 77
1696 4792 1802 4850 Iisdem

201 4867 255 4940 θύν,
269 4870 342 4950 φασί,
356 4872 413 4927 καθ’
422 4869 467 4927 ἕνα
477 4867 523 4945 μὲν
535 4870 630 4947 τρόπον
645 4867 729 4948 τὀθρ·
738 4859 772 4927 ού
784 4867 801 4938 ἢ
813 4871 856 4948 ἄρ’
870 4893 898 4927 ου
911 4869 980 4930 ίοττν
1003 4882 1005 4889 “
1025 4894 1118 4953 prope
1132 4875 1231 4934 verbis
1252 4876 1356 4938 Cicero
1368 4877 1491 4936 Tuscul.
1506 4876 1554 4952 IV,
1575 4878 1607 4934 ιδ
1625 4899 1632 4934 :
1652 4902 1666 4929 ι
1684 4892 1716 4936 ut
1725 4882 1804 4938 enim

202 4955 394 5035 ὠρελεῖοθαι·δ
413 4957 443 5023 δὴ
459 4961 639 5036 ἀρχικώτατον
655 4961 756 5038 ὑπῆρχε
771 4959 815 5016 καί
828 4958 917 5039 ἀρετή·
929 4959 981 5020 ἀπὸ
1003 5028 1005 5051 Ι
1025 4966 1157 5042 corporis
1175 4966 1356 5042 temperatio,
1372 4986 1436 5024 cum
1450 4985 1485 5024 ea
1500 4979 1664 5039 congruunt
1677 4967 1754 5026 inter
1774 4987 1805 5032 se

203 5042 252 5120 γὰρ
277 5042 373 5116 ταύτης
387 5043 475 5122 ὥσπερ
499 5045 566 5112 τινδς
590 5051 677 5123 πηγῆς
700 5055 773 5104 πᾶσα
789 5047 902 5126 πίρυκεν
924 5047 981 5108 ἀνί·
1003 5054 1005 5079 ¹
1025 5052 1157 5132 equibus
1165 5066 1339 5126 constamus,
1347 5055 1467 5131 sanitas,
1475 5054 1518 5112 sic
1527 5055 1729 5114 animidicitur
1739 5076 1804 5114 cum

205 5152 278 5209 σχειν
298 5131 422 5209 ὠφέλεια.
445 5133 515 5192 Καθ’
531 5133 617 5213 ἕτερον
636 5134 663 5192 δὲ
679 5133 708 5193 τὸ
722 5138 792 5194 καθ’
813 5133 981 5213 δουμὸαίντι
1003 5180 1006 5210 ,
1026 5137 1090 5216 ejus
1101 5139 1212 5218 judicia
1232 5143 1444 5221 opinionesque
1469 5141 1657 5203 concordant.
1679 5169 1691 5196 τ
1719 5143 1806 5201 Com-
