3959 5925
730 368 782 428 oa
802 367 1015 456 sornrsms.

128 504 308 556 consideraane
323 506 415 566 quanta
427 502 459 551 sit
468 504 551 551 venus
561 500 621 550 dea?

95 587 98 593 ’
127 597 203 658 Atqui
215 606 264 643 nee
275 604 384 654 unquam
393 590 484 640 dixeris
498 602 544 639 uec
553 590 671 652 senseris,

128 687 155 731 et
169 682 261 743 quanta
275 679 321 739 sit,
335 679 432 740 lateque
443 690 516 739 msam
526 688 552 725 se
567 663 681 740 porrigat.

130 774 191 820 uec
201 774 275 831 teque
285 779 374 829 meque
384 766 475 826 nutrit,
489 778 573 814 omnes
583 769 608 814 et
619 764 744 826 homines,

130 859 277 921 signumque
292 868 342 905 noo
353 866 466 904 sennono
479 859 574 903 tantum
583 853 688 914 noscito,

130 946 175 995 sed
189 958 215 995 re
228 944 273 994 tibi
283 944 348 992 vires
359 941 461 992 Veneris
475 940 611 991 ostendero.

131 1032 312 1095 Amatquidem
320 1030 425 1081 imbrem
437 1035 509 1091 terra,
521 1042 596 1092 quum
611 1029 701 1079 simum
714 1028 793 1077 solum

132 1124 244 1186 montore
256 1124 351 1172 mutum
364 1119 605 1183 guttnlesdesiderat.

132 1213 206 1263 Amat
219 1224 314 1273 qnoque
324 1209 448 1259 excelsum
460 1207 578 1257 imbribus
590 1208 676 1257 cretum
690 1218 776 1270 grave,

132 1300 239 1361 agitems
248 1301 344 1348 Venere
355 1300 380 1347 in
389 1296 481 1357 gremia
492 1298 564 1346 terrae
573 1295 658 1345 labier.

132 1390 265 1449 Quumque
279 1386 333 1434 brer
342 1384 367 1433 in
381 1397 457 1433 unum
472 1384 518 1433 rite
530 1383 600 1433 mista
614 1385 671 1433 sunt
683 1383 744 1443 diro,

131 1475 280 1538 pariuntque
293 1473 364 1523 nobis
377 1473 537 1534 nutrieritque
547 1472 628 1521 omnia
644 1471 730 1533 simut,

132 1567 188 1627 qots
199 1562 264 1612 ririt
276 1575 305 1612 ac
316 1561 391 1612 ltoret‘
398 1574 473 1624 genus
488 1560 636 1610 mortalium.

46 1685 53 1705 ‘
72 1690 228 1767 Sapientiae
241 1686 342 1745 laudes
352 1684 513 1743 celebravit
523 1683 576 1742 illo
586 1685 716 1741 carmine
727 1681 806 1758 quod
818 1701 854 1739 ex

72 1780 186 1837 incerta
219 1775 319 1833 tabula
352 1772 471 1832 ductum
503 1772 626 1829 affertur
662 1790 679 1828 a
707 1769 854 1827 Clemente

72 1863 274 1923 Alexandrino
293 1862 402 1937 Strom.
420 1857 470 1929 lt,
487 1858 538 1927 οὔ,
560 1860 576 1934 §
593 1857 646 1928 157
663 1857 715 1934 (p.
736 1856 794 1923 634
809 1854 854 1912 ed.

72 1952 205 2025 Potterq.
215 1950 258 2009 Cf.
270 1950 373 2023 fragm.
388 1967 418 2024 p.
430 1947 487 2004 850
496 1944 544 2005 ed.
557 1944 692 2019 Wagner.
704 1956 732 2000 et
740 1941 855 2009 Valche·

73 2043 151 2100 narii
165 2040 261 2098 Diatr.
282 2058 313 2115 p.
331 2037 379 2095 26.

152 2179 263 2247 Ὀλὸιος
277 2182 349 2245 ὅστις
362 2182 409 2250 τῆς
422 2176 538 2256 ἱστορίας

155 2272 217 2350 ἔσχε
231 2269 346 2346 μάθησιν
363 2267 429 2344 μήτε
444 2266 557 2323 πολιτῶν

154 2360 198 2417 ἐπὶ
213 2356 368 2433 πημοσύνας
382 2353 444 2429 μήτ’
458 2354 494 2417 εἰς
506 2351 608 2418 ἀδίκους

234 2443 341 2524 πράξεις
354 2444 459 2521 ὁρμῶν,

156 2537 216 2594 ἀλλ’
232 2532 362 2591 ἀθανάτω
376 2531 494 2608 καθορῶν
506 2527 607 2607 φύσεως

154 2624 252 2700 κόσμον
272 2621 379 2700 ἀγήρω,
392 2622 431 2687 πῆ
445 2642 474 2677 τε
486 2616 598 2687 συνέστη

233 2711 279 2769 καὶ
294 2706 347 2779 ὅπη
358 2706 405 2766 καὶ
419 2704 499 2770 ὅπως.

121 2810 129 2827 “
155 2802 217 2865 Τοῖς
227 2822 258 2878 γι
270 2796 397 2862 τοιούτοις
411 2792 530 2854 οὐδέποτ’
547 2795 665 2872 αἰσχρῶν

158 2888 242 2968 ἔργων
258 2883 396 2963 μελέτημα
410 2882 537 2962 προσίζει.

139 3029 208 3079 Felix
220 3027 301 3098 animo
313 3025 420 3087 quisquis
434 3023 518 3073 doctas

140 3115 238 3166 imbibit
247 3118 311 3163 artes
322 3132 329 3162 ι
342 3125 389 3162 non
398 3112 438 3161 ille
448 3110 541 3160 malum

140 3203 230 3269 qnaerit
242 3201 333 3266 populo
347 3198 580 3250 :sednecadectus
611 3246 616 3254 ,
697 3198 699 3203 “

138 3294 215 3343 lertur
225 3291 332 3352 iniquos.
365 3287 431 3338 senil
444 3287 570 3348 ignarum,

138 3384 244 3441 Natura,
261 3384 329 3428 tuum
341 3375 480 3439 speculatur
490 3386 565 3436 opus;

141 3470 184 3518 ubi
195 3467 345 3525 eonstiterit,
356 3464 397 3527 qul
406 3500 414 3524 ,
424 3474 522 3524 quoque
537 3457 623 3516 modo.

138 3561 215 3608 Facto
225 3553 344 3618 quidquid
355 3557 425 3613 turpe
433 3553 483 3610 ost,
496 3546 583 3598 animis

138 3649 297 3710 idnnnqnnm
307 3641 490 3693 talibushteret.

75 3783 136 3841 Sed
150 3781 222 3840 satis
237 3779 273 3836 de
291 3773 444 3852 Euripidis
460 3766 663 3849 philosophia,
676 3784 742 3840 quae
759 3782 794 3821 eo
807 3780 859 3818 va-

19 3862 26 3881 ’
73 3867 153 3942 luit,
169 3883 202 3928 ut
216 3889 233 3925 a
245 3866 371 3944 posteris
386 3861 519 3919 scenicus
534 3853 727 3936 philosophus
743 3865 771 3908 et
785 3850 860 3908 dice·

74 3974 159 4019 retur
175 3955 238 4034 (17)
252 3968 281 4013 et
291 3951 448 4011 haberetur
464 3947 535 4026 (ιδ).
587 3937 591 3944 ’

117 4055 162 4112 Ex
174 4054 212 4110 iis
226 4059 322 4109 autern
337 4047 388 4125 qui
402 4045 463 4123 jam
485 4055 551 4101 ante
570 4038 770 4117 Sophistarum
787 4046 860 4092 aeta-

73 4159 136 4203 tem
163 4137 360 4220 philosophiae
381 4146 525 4210 praecepta
546 4148 639 4188 scenae
662 4124 807 4183 beneficio
830 4123 860 4180 in

73 4236 173 4291 lucem
191 4241 277 4304 atque
297 4227 328 4283 in
342 4223 494 4281 hominum
510 4216 705 4275 celebritatem
727 4212 861 4288 proferre

73 4330 236 4388 tentarunt,
250 4314 363 4373 meritis
385 4307 522 4368 laudibus
544 4304 709 4363 cumulatur
723 4298 862 4374 Epichar-

1570 433 1572 437 ,
1597 375 1674 419 axin

898 500 1032 578 exemplo
1057 495 1275 575 comprobatur.
1303 492 1432 570 Namque
1451 493 1544 551 dulcis
1564 491 1615 550 ille
1628 510 1677 549 re·

899 609 963 647 rum
976 601 1005 645 ct
1022 599 1142 646 ornator
1161 598 1190 643 et
1201 597 1334 643 narrator·
1350 582 1524 653 llerodotus,
1545 581 1595 656 qui
1609 578 1677 655 jure

899 690 980 755 pater
1002 676 1131 733 histoiiae
1153 674 1339 747 noritinatur,
1365 690 1420 727 suo
1438 670 1536 746 potius
1558 667 1677 742 ingenio

898 873 956 929 qua
967 854 1130 910 litterarum
1146 850 1295 909 scientiam
1313 859 1484 905 consecutus
1502 858 1574 903 erat.
1589 846 1677 901 Acce·

898 940 941 998 dit
954 941 1033 1017 quo'd
1049 940 1148 997 insultis
1163 936 1373 1014 experimentis
1390 934 1522 991 eruditus
1542 952 1575 990 ac
1589 931 1676 990 simul

897 1030 1084 1106 antiquorum
1105 1041 1206 1085 vatum
1230 1024 1364 1099 vestigiis
1385 1024 1532 1097 ingressus
1551 1020 1678 1078 humana

898 1118 997 1175 omnia
1012 1117 1047 1175 ad
1062 1107 1131 1175 deos
1145 1116 1253 1174 relerre
1264 1126 1396 1171 auctores
1409 1109 1590 1168 etinhnitam
1607 1107 1678 1164 deo-

899 1224 964 1261 rum
979 1205 1137 1283 potentiam
1158 1202 1305 1259 celebrare
1326 1198 1447 1257 solebat.
1462 1196 1561 1253 Exstat
1584 1208 1677 1253 autern

899 1293 1011 1351 nullum
1037 1294 1069 1351 in
1093 1292 1156 1369 ejus
1178 1290 1262 1348 libris
1286 1286 1481 1366 philosophiae
1507 1285 1676 1359 vestigium.

899 1378 1007 1439 Contra
1020 1380 1071 1457 qui
1093 1392 1159 1458 post
1180 1397 1245 1437 eum
1264 1377 1380 1433 luerunt
1396 1371 1601 1450 Thucydides,
1626 1392 1679 1430 au-

899 1481 962 1525 ctor
976 1470 1176 1544 gravissimus,
1189 1478 1218 1523 ct
1228 1462 1404 1541 Xenophon,
1422 1460 1537 1535 elegans
1550 1459 1681 1517 historia

900 1558 1036 1634 scriptor,
1052 1555 1123 1615 alter
1133 1553 1311 1613 certissimus
1326 1550 1467 1607 virtutum
1481 1548 1681 1623 vitiorumque

899 1647 1067 1718 aestimator,
1083 1642 1301 1703 sollertissimus
1316 1656 1464 1695 causarum
1486 1648 1514 1693 et
1526 1648 1679 1692 eventuum

900 1733 1078 1811 explicator,
1106 1730 1309 1807 sagacissimus
1336 1726 1463 1801 denique
1490 1724 1680 1786 consiliorum

899 1841 1131 1899 arcanorumque
1151 1818 1255 1876 mentis
1270 1816 1403 1873 humanae
1421 1811 1624 1886 investigator,
1641 1812 1681 1868 al·

900 1926 943 1970 ter
958 1912 998 1969 ob
1014 1912 1156 1969 sinceram
1171 1906 1251 1965 attici
1267 1901 1409 1961 sermonis
1424 1899 1544 1976 gratiam
1567 1913 1595 1956 et
1615 1920 1682 1958 ora-

901 2002 990 2069 tionjs
1005 1999 1187 2060 dulcedinem
1204 1996 1299 2053 Attica
1322 1992 1385 2069 apis
1405 1990 1567 2067 appellatus
1586 2010 1679 2067 neque

863 2123 869 2130 -
900 2091 992 2165 magis
1005 2086 1177 2165 eloquentiae
1193 2102 1278 2161 quam
1296 2080 1388 2138 beatae
1400 2080 1468 2135 vitae
1480 2080 1617 2153 magister
1633 2080 1681 2135 ha-

900 2177 990 2250 bitus,
1006 2174 1154 2254 praeclaris
1164 2168 1304 2250 operibus
1317 2165 1427 2225 relictis
1440 2182 1500 2222 sese
1511 2176 1679 2222 ceterarum

901 2284 998 2322 rerum
1028 2263 1227 2321 tractationem
1255 2276 1319 2315 cum
1355 2252 1549 2332 philosophiae
1585 2253 1681 2310 studio

900 2351 1087 2428 conjunxisse
1108 2348 1276 2409 ostendunt.
1304 2344 1389 2401 Certe
1411 2340 1610 2416 Thucydides,
1633 2342 1681 2399 vir

902 2440 1012 2516 probus
1027 2442 1144 2518 quidem
1161 2452 1189 2496 et
1199 2447 1331 2508 sanctus,
1347 2430 1397 2489 sed
1410 2428 1615 2507 superstitione
1637 2427 1682 2485 in-

902 2542 1003 2602 tactus,
1025 2532 1066 2589 ita
1080 2528 1244 2607 composuit
1261 2522 1429 2590 historiam,
1452 2532 1557 2576 utnon
1573 2530 1683 2575 tantum

901 2618 1010 2677 bellum
1025 2618 1300 2697 Peloponnesiacum
1315 2613 1428 2685 integra
1439 2607 1560 2665 veritate
1574 2605 1683 2663 scribe·

904 2720 957 2782 ret,
970 2727 1072 2765 verum
1085 2708 1170 2765 etiam
1189 2717 1249 2762 tum
1264 2720 1316 2759 sua
1328 2713 1388 2755 tum
1402 2696 1526 2763 aliorum
1539 2706 1642 2751 eventa
1654 2706 1683 2751 et

902 2794 1047 2853 clarorum
1068 2796 1202 2851 virorum
1217 2792 1290 2847 sacta
1312 2802 1465 2859 moresque
1487 2783 1550 2839 sine
1568 2780 1683 2857 cupidi·
1722 2832 1725 2837 ,

904 2894 959 2939 tate
970 2897 998 2941 et
1010 2901 1108 2940 amore
1121 2902 1154 2939 ac
1167 2880 1231 2939 sine
1245 2874 1356 2932 invidia
1368 2884 1396 2930 et
1410 2870 1477 2927 odio
1489 2868 1614 2946 posteris
1626 2879 1684 2926 tra·

903 2971 1032 3031 deret.Si
1040 2975 1104 3049 quis
1116 2990 1188 3026 vero
1199 2957 1506 3024 Herodoteaehistoriae
1517 2969 1686 3014 ornamenta

904 3079 967 3117 cum
988 3057 1171 3137 Thucydidis
1188 3070 1216 3114 et
1232 3049 1434 3128 Xenophontis
1449 3045 1585 3104 laudibus
1601 3065 1683 3102 corn-

904 3151 1065 3226 paraverit,
1082 3167 1146 3207 cmn
1163 3136 1219 3203 alia
1231 3141 1339 3201 eximia
1349 3136 1538 3210 omniumque
1553 3153 1686 3191 commu-

904 3241 952 3294 nia
965 3238 1111 3314 reperiet,
1135 3247 1194 3292 tum
1220 3227 1399 3287 llerodotum
1417 3224 1566 3301 praecipue
1589 3240 1685 3278 rerum

904 3324 1083 3393 divinarum,
1099 3319 1301 3397 'slnucydidem
1323 3313 1447 3372 rationis
1462 3310 1572 3379 civilis,
1585 3307 1685 3366 Xeno·

905 3411 1043 3489 phontem
1059 3409 1180 3469 moralis
1201 3401 1396 3484 philosophiae
1417 3396 1578 3456 studiosum
1599 3395 1687 3452 luisse

905 3499 1125 3556 animadvertet.
1143 3495 1218 3553 Satis
1240 3492 1454 3550 demonstrasse
1476 3482 1549 3540 mihi
1571 3481 1685 3554 videor,

906 3599 1044 3667 quantum
1056 3585 1202 3643 valuerint
1215 3580 1368 3659 Sophistae,
1385 3577 1434 3651 aqui
1447 3571 1567 3628 Athenis
1580 3570 1687 3626 sitienti

903 3676 1050 3752 juventuti
1065 3672 1238 3751 eloquentiae
1250 3682 1278 3725 et
1296 3659 1490 3742 philosophiae
1506 3659 1600 3714 saintes
1617 3675 1688 3732 ape-

906 3764 1031 3838 riebant,
1044 3763 1079 3820 ad
1087 3741 1249 3820 aetatis⁸suee
1261 3751 1459 3829 disciplinam,
1472 3765 1578 3817 mores,
1593 3745 1688 3803 studia

906 3851 1095 3910 immutanda.
1111 3853 1174 3906 Jarn
1194 3865 1263 3902 vero
1277 3859 1363 3899 nemo
1378 3838 1492 3913 ignorat
1509 3852 1625 3892 scenam
1639 3853 1688 3889 co-

907 3942 1010 4000 micum
1025 3940 1101 4017 apud
1112 3934 1302 3994 Athenienses
1316 3926 1441 4008 publicae
1453 3942 1581 3981 censurae
1597 3921 1688 3978 instar·
1774 3919 1779 3929 '

907 4031 1006 4090 fuisse.
1030 4029 1101 4085 Vere
1122 4025 1200 4084 enim
1223 4021 1360 4078 lloratius
1381 4015 1421 4073 ait
1441 4012 1500 4072 Sat.
1517 4010 1572 4070 lib.
1597 4009 1656 4078 l‚rt
1679 4031 1685 4065 :

910 4144 923 4171 e
932 4119 1054 4197 Eupolis
1064 4129 1150 4193 atque
1158 4111 1292 4172 Cratinus
1304 4103 1573 4182 Aristophanesque
1583 4111 1687 4174 poetae,

890 4204 993 4285 'atque
1003 4207 1056 4265 'alii
1072 4221 1197 4283 quorum
1214 4196 1358 4257 comoedia
1375 4192 1474 4270 prisca
1488 4188 1620 4243 virorum
1633 4197 1687 4254 est,

906 4298 930 4355 si
940 4299 1007 4374 quis
1023 4310 1086 4354 crat
1097 4295 1203 4369 dignus
1214 4285 1356 4357 describi,
1372 4279 1450 4360 quod
1462 4276 1554 4334 malus
1569 4284 1619 4328 aut
1632 4270 1688 4342 lua,

72 4428 159 4478 mus,
180 4402 381 4480 Pythagoricae
410 4394 560 4474 sapientiae
589 4403 711 4449 sectator
727 4386 863 4462 idemque
908 4386 986 4463 quod
999 4383 1128 4442 moechus
1138 4381 1211 4438 foret
1223 4391 1271 4434 ant
1282 4372 1408 4434 sicarius
1418 4378 1466 4425 aut
1478 4360 1589 4438 alioqui
1601 4359 1688 4416 samo-

71 4509 167 4575 poeta
190 4494 327 4550 comicus.
354 4489 397 4545 lle
419 4505 479 4563 quo
501 4501 591 4560 quum
619 4489 751 4536 accurate
769 4474 862 4533 vol.l

72 4602 149 4662 pag.
169 4582 221 4636 131
238 4598 319 4654 seqq.
338 4573 520 4652 scripserim,
543 4567 593 4626 hie
614 4565 689 4624 nihil
707 4564 806 4621 dicere
819 4573 862 4618 at-

72 4676 164 4732 tinet.
179 4671 313 4746 Denique
326 4660 406 4743 quod
418 4681 507 4741 supra
520 4659 636 4727 monui,
658 4655 744 4712 etiam
763 4669 861 4708 rerum

71 4775 229 4842 gestarum
253 4755 489 4834 pronuntiatores
514 4743 742 4826 epbilosophiae
759 4737 858 4796 studio

71 4858 267 4933 niaximeque
284 4875 301 4911 e
321 4853 481 4930 sophistica
504 4841 660 4920 disciplina
681 4835 862 4896 uberrimum

70 4946 248 5028 percepisse
263 4943 386 5000 fructum
403 4937 455 4996 :id
468 4935 638 5014 principum
653 4925 861 4986 historicorum

908 4495 973 4551 sus,
986 4474 1077 4532 multa
1091 4489 1154 4529 cum
1167 4466 1301 4526 libertate
1319 4457 1498 4518 notabant.»

949 4566 986 4621 At
997 4576 1107 4622 tantum
1121 4560 1215 4618 obluit
1229 4569 1260 4614 ut
1278 4554 1339 4610 sola
1348 4546 1500 4605 hominum
1515 4538 1586 4597 vitia
1605 4537 1688 4594 casti-

909 4666 1020 4730 gar-ent,
1033 4666 1065 4710 ut
1082 4651 1156 4710 viris
1167 4644 1284 4705 virtutis
1303 4653 1330 4697 et
1345 4632 1493 4713 sapientiae
1511 4628 1603 4704 gloria
1617 4645 1690 4703 prae-

909 4741 1052 4802 stantibus
1068 4749 1214 4797 nocerent.
1226 4728 1340 4791 Etenim
1351 4724 1518 4800 quicunque
1533 4733 1628 4773 reruni
1644 4711 1690 4768 di·

909 4832 1045 4891 vinaeunr
1060 4841 1087 4886 et
1101 4828 1291 4884 humanarum
1310 4810 1476 4888 cognitione
1496 4803 1641 4864 excellere
1660 4819 1693 4856 ac

910 4937 1011 4998 sapere
1025 4917 1189 4994 plusquam
1206 4905 1301 4966 caeteri
1316 4901 1499 4966 credebatur,
1517 4895 1595 4951 hunc
1610 4889 1689 4946 deri·

416 5045 421 5056 .
455 5052 462 5062 .

109 5170 166 5229 (rt)
183 5167 212 5214 ‘0
230 5165 268 5214 trel
283 5169 325 5222 τῆς
335 5164 422 5220 σκηνῆς
432 5157 555 5223 φιλόσοφος
566 5155 707 5205 nominatur
717 5163 730 5197 a
741 5144 865 5197 clemente
943 5140 991 5202 (ta)
1003 5144 1021 5188 Α
1032 5134 1166 5196 Chrysippo
1179 5133 1203 5178 et
1217 5127 1277 5176 allis.

70 5237 246 5290 Alexandrino
256 5238 346 5286 strom.
357 5231 400 5282 lib.
415 5234 448 5291 V,
463 5234 489 5278 ta
502 5227 518 5291 §
530 5232 570 5289 tt,
579 5240 604 5290 p.
622 5227 668 5276 688
679 5222 717 5272 ed.
729 5221 820 5268 Potter.
834 5244 864 5257 -
