3959 5925
761 399 813 460 DE
834 400 1085 461 PROTAGORA.
1278 483 1282 491 ¹
1576 434 1580 448 ι
1629 419 1730 461 ιἰτιιι

103 552 228 591 morem
254 535 381 591 tenuiter
401 532 583 604 disserendi,
606 552 693 611 quam
722 533 758 591 ad
787 535 900 611 copiam
950 532 1011 590 haec
1026 530 1177 611 prioribus
1199 544 1370 609 repugnant.
1387 531 1446 590 Etsi
1466 532 1544 589 enim
1560 531 1635 589 nihil
1659 551 1728 591 vere

105 621 268 679 rhetorum
293 621 325 679 in
352 634 507 699 utramque
527 636 640 700 partem
666 634 699 685 ut
720 623 854 681 ornatius
874 636 903 681 et
947 634 1002 693 est,
1018 633 1113 679 tamen
1128 632 1270 697 quatenus
1284 620 1375 695 vulgo
1390 620 1500 697 aliquid
1521 639 1584 679 esse
1608 620 1727 693 dicitur,
1766 685 1769 695 ¹
1869 652 1878 663 =

106 707 241 767 uberius
264 708 324 766 dici
353 722 471 786 posset,
491 708 631 768 exercuit.
658 709 801 767 Praeterea
822 712 903 767 locos
948 721 1068 767 eatenus
1084 721 1138 767 est.
1152 707 1298 776 Quoniam
1318 726 1388 765 vero
1416 706 1513 783 nobis,
1533 726 1591 783 qua
1613 708 1728 765 ratione

107 798 204 873 quasi
216 809 454 873 argumentorum
469 809 552 855 notas
564 796 703 867 tradidit,
718 798 796 855 unde
806 798 903 855 omnis
948 786 1025 856 alius
1040 796 1239 874 qualicunque
1254 816 1286 855 re
1301 796 1458 867 afficiatur,
1474 795 1679 871 ignorantibus
1691 796 1728 854 de

107 886 150 943 in
163 898 318 962 utramque
334 898 446 964 partem
472 884 636 943 traheretur
658 886 762 944 oratio.
783 886 901 943 Primus
948 886 1075 944 atiorum
1086 886 1237 944 sententiis
1250 884 1384 961 judicare
1396 904 1458 942 non
1472 884 1550 955 licet,
1569 903 1728 961 omnesque

110 972 207 1050 etiam
248 973 284 1031 de
322 975 464 1052 temporis
502 986 606 1032 natura
632 972 780 1033 subtiliter
811 974 901 1033 disse·
947 976 1098 1033 sententiae
1112 994 1194 1053 aeque
1218 993 1295 1032 verae
1313 988 1395 1049 sunt,
1421 975 1556 1052 quamvis
1581 974 1643 1031 alia
1661 973 1728 1049 aliis

112 1061 182 1117 ruit
199 1061 268 1137 (δι).
949 1064 1096 1136 meliores,
1110 1064 1174 1122 aliae
1196 1063 1357 1123 deteriores
1373 1065 1453 1122 sint:
1472 1062 1631 1141 propositis
1653 1062 1727 1120 alio·

160 1148 269 1207 Verum
282 1149 396 1222 inilia,
412 1149 449 1207 de
463 1169 521 1227 qua
535 1149 680 1221 diximus,
701 1167 797 1207 rerum
816 1149 902 1208 modo
948 1173 1012 1211 rum
1025 1154 1176 1212 sententiis
1187 1154 1348 1212 contradici
1363 1173 1421 1211 non
1433 1165 1538 1230 potest.
1551 1150 1648 1228 Neque
1658 1170 1727 1209 vero

114 1241 304 1296 nascentium
322 1238 410 1296 modo
431 1241 618 1317 pereuntium
643 1239 803 1314 fragilitate
827 1240 915 1321 nihil·
947 1240 1107 1318 quidquam
1122 1240 1216 1300 obstat
1230 1242 1387 1319 quominus
1405 1254 1506 1299 nostro
1528 1258 1609 1297 more
1623 1239 1724 1317 dispu-
1807 1282 1816 1292 .

113 1344 190 1383 vere
203 1338 256 1397 est,
279 1326 331 1383 sed
346 1329 445 1385 omnia
467 1328 550 1385 siunt.
569 1326 640 1397 Quae
658 1346 748 1404 quum
764 1328 806 1385 ita
829 1327 899 1399 sint,
948 1342 1041 1387 temus
1054 1341 1082 1387 et
1092 1330 1266 1387 contrariam
1283 1329 1452 1387 sententiam
1465 1341 1622 1401 teneamus.
1637 1326 1727 1385 Caete-

113 1410 209 1468 homo
235 1426 406 1470 cunctorum
437 1432 572 1471 mensura
596 1426 716 1471 vocatur
740 1413 810 1490 (52).
830 1413 901 1471 Nam
947 1418 1057 1492 coquin
1069 1416 1197 1473 animum
1212 1414 1284 1473 nihii
1301 1417 1358 1475 nisi
1372 1435 1475 1474 sensus
1490 1434 1552 1473 esse
1562 1426 1641 1491 patet
1656 1413 1727 1493 (54).

114 1499 219 1574 qualia
240 1499 357 1574 singula
370 1499 428 1578 ipsi
448 1499 597 1577 ridentur,
613 1499 683 1557 talia
700 1513 785 1572 sunt3
803 1500 903 1577 qualia
987 1504 1115 1562 Deorum
1130 1516 1233 1561 natura
1246 1502 1345 1577 ignota
1358 1516 1409 1561 est.
1425 1501 1526 1579 itaque
1539 1502 1666 1579 primum
1678 1518 1728 1557 nc-

114 1606 176 1644 non
186 1587 337 1662 videntur,
357 1588 426 1646 tatia
440 1608 499 1646 nou
513 1601 581 1647 sunt
602 1586 674 1665 (53).
689 1587 788 1665 Neque
807 1601 902 1648 tamen
948 1591 1067 1663 scimus,
1075 1604 1172 1649 utrum
1183 1593 1242 1651 sint
1255 1591 1340 1649 diian
1349 1611 1406 1648 non
1414 1592 1472 1649 sint
1482 1611 1491 1667 3
1501 1589 1606 1648 deinde
1615 1589 1639 1646 si
1650 1600 1728 1663 sunt,

115 1936 184 1979 μενοι
198 1918 225 1968 τό
234 1920 309 1976 εἰδώς.
331 1920 470 1969 aristotelea
490 1920 596 1983 Metaph.
614 1921 656 1970 ΙΙΙ).
669 1923 716 1982 ΙΙΙ,
733 1926 756 1979 t,
768 1936 792 1983 p.
810 1927 867 1973 1007
881 1926 904 1973 ΙΙ
947 1924 984 1972 ἀτί
993 1925 1043 1973 ἐστι
1054 1925 1095 1972 καί
1111 1924 1221 1985 ἀψευδές,
1234 1926 1266 1978 ὡς
1280 1912 1398 1985 ἐπιστήμη
1414 1921 1484 1971 οὖσα.
1497 1948 1529 1957 -
1542 1923 1590 1982 (54)
1606 1921 1726 1983 Diogenes

114 1992 156 2039 ed.
171 1990 283 2041 Dotion:
296 1990 330 2040 ἐτι
342 1993 364 2040 εί
380 1990 472 2049 ἀληθεῖς
480 1995 505 2040 ut
524 1990 655 2051 ἀντιφάσεις
667 1991 717 2053 ἀμα
730 1994 792 2040 κατὰ
808 1999 851 2041 τοῦ
861 1994 904 2042 ad·
946 1996 1057 2045 Laertius
1068 1994 1109 2045 lib.
1127 1996 1169 2055 ΙΙΙ,
1185 1997 1211 2043 5¹
1225 2007 1232 2037 τ
1248 1994 1312 2051 ἐλεγέ
1322 2009 1348 2042 τε
1366 1993 1437 2055 μηδὲν
1449 1992 1509 2040 εἶναι
1521 1992 1600 2054 ψυχὴν
1613 1992 1676 2053 παρὰ
1688 1992 1729 2049 τάς

114 2068 160 2111 τοῦ
169 2067 260 2121 πᾶσαι,
273 2063 342 2120 δῆλον
356 2064 388 2118 ὡς
400 2061 492 2111 ἅπαντα
508 2061 573 2110 ἔσται
588 2063 620 2110 ἓν.
636 2061 722 2111 Ἰίσται
738 2063 784 2124 γάρ
799 2063 826 2112 τό
840 2062 898 2112 αὐτὸ
946 2066 1082 2124 αἰσθήσεις,
1096 2064 1157 2113 καθὰ
1172 2065 1212 2113 καὶ
1227 2063 1325 2114 Πλάτων
1337 2064 1407 2127 φησὶν
1419 2064 1442 2111 ἐν
1453 2063 1589 2125 θιαιτήτῳ,
1601 2063 1642 2110 καὶ
1651 2062 1728 2111 πάντα

114 2134 157 2180 καὶ
168 2134 261 2196 τριήρης
276 2134 316 2181 καί
334 2138 413 2195 τοῖχος
429 2135 469 2181 καί
487 2134 622 2195 ἀνθρωπες,
641 2136 662 2182 ελ
674 2134 735 2182 κατὰ
746 2134 832 2191 παντός
847 2152 871 2184 τι
882 2137 898 2194 ἢ
946 2136 1006 2185 εἶναι
1018 2137 1100 2193 ἀληθῆ.
1121 2135 1259 2185 Aristoteles
1273 2134 1315 2183 uh.
1334 2136 1357 2184 11
1369 2147 1421 2196 cup.
1436 2140 1450 2182 2
1464 2146 1487 2194 o.
1501 2136 1546 2183 997
1561 2135 1580 2182 B
1599 2144 1606 2175 t
1619 2132 1673 2181 edre
1684 2133 1730 2196 γάρ

114 2208 253 2263 καταφῆσαι
275 2203 291 2260 ῆ
314 2200 436 2264 ἀποφῆσαι
461 2202 593 2264 ἐνδέχεται,
614 2202 720 2264 καθάπερ
742 2201 832 2263 ἀνάγκη
852 2208 902 2259 τοῖς
945 2210 970 2255 at
988 2207 1098 2261 αἰσθηταί
1111 2206 1216 2269 γραμμαί
1233 2204 1338 2253 τοιαῦταί
1350 2204 1409 2253 timu
1419 2204 1470 2261 σίας
1482 2204 1543 2264 λέγει
1558 2204 1571 2252 ό
1588 2205 1729 2267 γεωμέτρης·

114 2271 328 2336 ῐόνΠρωῖαΥῦθαν
340 2274 435 2333 ditm!
458 2270 536 2333 θῦἵθν·
555 2272 585 2319 ΕΙ
601 2270 645 2333 rio
660 2288 696 2333 τῳ
707 2273 773 2320 ⁶⁰²²?
790 2274 823 2334 μδ
840 2274 900 2322 εἶναι
946 2277 1072 2340 οὐδὲνγὰρ
1090 2276 1144 2325 addit
1166 2280 1212 2325 τῶν
1230 2276 1348 2333 αἰσθητῶν
1364 2275 1438 2330 οὕτως
1454 2274 1508 2323 οὐδὲ
1530 2274 1679 2337 στρογγύλον·
1699 2274 1727 2323 ἀ·

113 2342 363 2406 minuendaeque«,
371 2343 440 2400 δῆλον
449 2342 484 2390 ότι
492 2344 536 2390 οὐκ
544 2342 595 2391 ἐστι
606 2342 707 2403 τριήρης·
718 2340 829 2391 ὧότεκαί
837 2343 901 2393 ἔστιν
944 2364 1027 2397 merae
1039 2348 1084 2409 γάρ
1096 2351 1139 2395 τοῦ
1150 2345 1248 2403 κανόνος
1260 2346 1288 2395 οὺ
1301 2345 1362 2394 κατά
1374 2345 1473 2406 στιγμὴν
1485 2345 1498 2393 ό
1512 2344 1610 2403 κύκλος,
1624 2344 1674 2394 ἀλλ’
1683 2346 1731 2394 ὥσ·

114 2415 207 2475 εἷπερῆ
221 2413 340 2475 ἀντίφασις
349 2413 444 2471 ἀληθής·
460 2412 668 2473 τικτόμενα.
684 2414 779 2472 Vltus
796 2427 823 2474 ρ.
840 2417 899 2462 test
945 2434 988 2480 περ
1001 2415 1159 2482 Πρωταγόρας
1169 2417 1246 2476 ἔλεγεν
1256 2416 1358 2477 ἐλέγχων
1370 2414 1424 2469 τοὺς
1441 2414 1583 2477 γεωμέτρας,
1596 2414 1679 2463 οῡθάῑ
1692 2432 1727 2462 κι-

113 2489 134 2531 Α
156 2484 196 2531 ed.
220 2482 320 2531 ΒεΙιΙιετ.
338 2482 409 2531 :erite
422 2482 466 2545 γὰρ
479 2483 568 2545 ψυχρόν
588 2480 642 2531 οὗτε
660 2483 810 2544 θερμόνοότε
826 2487 900 2545 γλυκὺ
944 2490 1022 2547 νῆστις
1035 2488 1076 2536 καί
1085 2488 1157 2540 ἕλικες
1168 2490 1209 2535 τοῦ
1224 2487 1323 2548 οὐρανοῦ
1333 2485 1491 2546 όμοιαι,περλ
1510 2484 1543 2531 ὧν
1557 2486 1573 2541 ῆ
1588 2484 1728 2547 ἀστρολογία

114 2554 171 2602 οὔτε
183 2556 242 2609 ὅὶρκ
256 2555 366 2612 αἰσθητὸν
385 2553 451 2602 οὐθὲν
470 2554 536 2602 ἐσται
550 2554 582 2615 μὴ
596 2553 765 2616 αἰσθανόμενον
784 2556 793 2614 (
801 2555 848 2616 teg.
867 2563 901 2605 ott·
922 2564 925 2595 ¹
944 2566 1047 2609 ποιεῖται
1059 2558 1112 2614 τοὺς
1121 2558 1213 2620 λόγους,
1227 2558 1281 2605 οὔτε
1299 2557 1329 2604 τά
1339 2560 1427 2617 σημεῖα
1440 2560 1490 2610 τοῖς
1500 2556 1642 2617 ἀστροιςτήν
1656 2558 1728 2613 αὐτὴν

116 2627 268 2687 σθανομὲνων
286 2638 343 2673 euin
360 2623 400 2673 ed.
414 2623 494 2683 Atd.)·
512 2625 575 2674 ὥστε
596 2625 637 2673 τόν
646 2626 811 2688 Πρωταγόρου
830 2626 899 2693 λόγον
945 2632 994 2693 ἔχει
1005 2630 1080 2689 φύσιν.
1092 2628 1130 2677 Ιό.
1139 2627 1244 2689 ΜεῑομΙι.
1253 2626 1296 2675 lib.
1304 2627 1339 2676 ΙΙΙ
1350 2638 1402 2687 cap.
1416 2631 1430 2674 5
1445 2637 1501 2686 pag.
1518 2630 1602 2675 ΙθθθΑ
1613 2627 1654 2675 ed.
1670 2627 1730 2676 Bett-

113 2698 264 2758 συμὸάστται
272 2696 347 2758 λέγειν
356 2696 444 2751 αὐτοῖς.
453 2695 537 2757 -(51)
549 2694 666 2755 Diogenes
675 2698 786 2746 Laertius
796 2697 838 2747 tib.
852 2700 896 2759 ΙΧ,
946 2712 998 2751 tter.
1009 2720 1015 2749 ι
1028 2700 1077 2749 ἐστι
1085 2699 1157 2748 δ’ἀπδ
1166 2703 1207 2756 τῆς
1215 2698 1285 2755 αὐτῆς
1292 2697 1357 2753 δόξης
1365 2697 1403 2743 καί
1414 2694 1594 2761 όΙΙρωταγόρου
1601 2696 1678 2759 λόγος,
1688 2699 1728 2745 καὶ

113 2774 146 2816 52
162 2770 222 2816 :ut
236 2772 327 2831 πρῶτος
343 2767 400 2829 μέρη
416 2765 502 2829 χρόνον
511 2767 618 2829 διώρισε,
638 2768 679 2814 καί
703 2772 785 2830 καιροῦ
805 2769 900 2830 δύναμιν
945 2768 1036 2827 ἀνάγκη
1046 2768 1133 2826 ὁμοίως
1145 2767 1215 2826 άμφω
1226 2765 1409 2822 αότοὺςῆεῖναι
1422 2765 1437 2821 ἡ
1452 2765 1485 2823 μὴ
1498 2764 1565 2811 εἶναι.
1577 2763 1631 2813 Εέτε
1642 2766 1686 2827 γάρ
1694 2766 1725 2814 τά

87 2831 92 2837 ’
111 2838 212 2893 ἐξέθετο.
226 2841 340 2898 Spectant
353 2837 406 2885 haee
416 2836 446 2885 ad
461 2842 536 2885 eutem
548 2836 731 2896 grammaticam
745 2839 847 2887 utetiaa
859 2851 899 2888 ve·
946 2842 1061 2888 δοκοῦντα
1072 2835 1148 2884 πάντα
1160 2836 1222 2884 ἐστὶν
1230 2836 1303 2893 ἀληθῆ
1314 2834 1354 2883 καὶ
1363 2834 1393 2881 τὰ
1402 2832 1536 2894 φαινόμενα,
1548 2832 1638 2893 ἀνάγκη
1652 2836 1728 2883 πάντα

111 2908 212 2958 teribus
232 2908 264 2957 de
284 2910 412 2972 Protagora
431 2908 535 2970 prodita.
550 2907 623 2971 Diug.
639 2908 718 2956 Lsett.
738 2907 780 2956 ΙίΙι.
795 2910 838 2968 rx,
851 2914 899 2958 ὅθι
948 2911 999 2973 ἅμα
1014 2910 1087 2968 ἀληθῆ
1101 2909 1141 2956 καί
1155 2908 1229 2972 ψευδῆ
1241 2906 1312 2955 εἶναι.
1331 2906 1417 2955 Πολλοί
1436 2904 1481 2964 γάρ
1499 2903 1610 2952 τάναντία
1625 2906 1729 2967 ὑπολαμ-

111 2977 188 3025 δεεῖλέ
197 2993 225 3024 τε
235 2978 275 3025 τόν
284 2977 352 3037 λόγον
365 2982 455 3040 πρῶτος
472 2979 504 3035 είς
521 2979 626 3040 τέτταρα·
644 2978 758 3040 εὐχωλήν,
776 2978 899 3040 ἐρώτησιν,
947 2979 1186 3040 θάνουσινάλλήλοις,
1199 2977 1299 3031 καὶτοὺς
1312 2978 1343 3038 μῆ
1353 2975 1425 3024 tadu&
1435 2972 1569 3030 δοξάζοντας
1586 2975 1675 3030 ἑαυτοῖς
1685 2977 1731 3025 διε·

111 3047 253 3108 mmm,
265 3048 365 3105 ἕποδήθ·
377 3050 398 3096 0i
407 3049 433 3097 δὲ
445 3050 478 3104 ῑῑτ
490 3049 559 3098 ἑπτά·
578 3049 693 3108 &ditm
708 3048 831 3110 ἰΡώῐθιιιιι.
841 3049 901 3098 ἀπό-
945 3055 1045 3102 dedatur
1054 3050 1197 3114 νομίζουσιν·
1211 3049 1268 3098 ὥστ’
1282 3047 1373 3108 ἀνάγκη
1385 3045 1413 3095 τό
1425 3045 1482 3094 αὐτό
1494 3043 1553 3094 είναὶ
1566 3061 1591 3094 τε
1599 3047 1683 3108 καὶμὴ
1695 3049 1731 3098 εΙ·

111 3135 210 3181 κρισιν,
223 3118 334 3178 ἐντολήν,
359 3120 519 3180 ἀπαγγελίαν,
548 3121 671 3183 εὐχωλήν,
690 3122 781 3178 κλῆσιν·
802 3121 842 3176 οὓς
860 3123 900 3170 καί
944 3123 1047 3172 ναι.Ιιάὶ
1057 3120 1145 3170 είτοῦτ’
1154 3121 1227 3178 ἔστιν,
1237 3117 1326 3180 ἀνάγκη
1333 3119 1362 3166 cs
1371 3117 1486 3165 δοκοῦντα
1497 3115 1555 3164 εΙναι
1566 3115 1634 3164 πάντ’
1645 3117 1727 3178 ἀληθῆ·

111 3192 235 3252 πυθμένας
254 3191 307 3239 εἶπε
324 3191 411 3252 λόγων.
426 3191 561 3252 Ἀλκιδάμας
573 3193 598 3240 δέ
609 3194 718 3254 τέτταρας
732 3191 815 3252 λόγους
834 3193 899 3252 φησί·
944 3195 974 3242 τὰ
984 3191 1130 3249 ἀντικείμενα
1144 3192 1189 3253 γάρ
1207 3190 1340 3246 δοξάζουσιν
1358 3188 1464 3245 ἀλλήλοις
1477 3189 1499 3236 ot
1518 3187 1677 3249 διεψευσμένοι
1689 3191 1730 3238 καί

112 3263 196 3324 φάσιν,
208 3261 336 3323 ἀπόφασιν,
347 3262 472 3324 ἐρώτησιν,
486 3262 680 3325 προσαγόρευσιν.
693 3262 779 3311 δείδιε
791 3276 818 3312 ν.
830 3267 899 3328 Πρω·
945 3263 1101 3322 ἀληθεύοντες.
1115 3265 1142 3312 ut
1154 3261 1195 3310 οὖν
1205 3261 1254 3324 ἔχει
1270 3261 1301 3308 τά
1316 3259 1373 3308 όντα
1387 3259 1474 3320 οὕτως,
1488 3257 1627 3314 ἀληθεύουσι
1638 3259 1728 3315 πάντες.

114 3332 228 3393 ταγόρας·
242 3333 319 3380 dieite
331 3347 357 3379 τε
374 3332 453 3380 πάντα
469 3332 538 3393 λόγον
552 3337 643 3394 πρῶτος
658 3331 726 3388 οὗτος
746 3333 779 3388 εἰς
792 3334 898 3396 τέτταρα·
945 3335 1002 3384 Ὀτι
1014 3334 1055 3395 μὲν
1065 3331 1106 3382 οὖν
1115 3333 1163 3380 ἀπό
1173 3337 1213 3389 τῆς
1225 3331 1296 3388 αὐτῆς
1306 3331 1352 3378 εἰσι
1366 3329 1468 3383 διανοίας
1482 3327 1606 3389 ἀμφότεροι
1620 3331 1643 3376 ut
1652 3329 1728 3390 λόγοι,

113 3403 235 3463 εὐχωλήν,
248 3403 372 3466 ἐρώτησιν,
383 3403 518 3464 ἀπόκρισιν,
530 3403 635 3460 ἐντολήν·
650 3403 710 3464 μετὰ
726 3403 750 3451 δὲ
762 3410 845 3454 τοῦτον
854 3405 900 3454 ἔτε-
923 3454 925 3457 ,
945 3406 1024 3462 δῆλον.
1036 3407 1175 3462 Protagoras
1186 3401 1249 3463 apud
1264 3401 1323 3450 Plat.
1335 3401 1428 3450 'Pheret
1442 3411 1469 3460 p.
1485 3401 1528 3446 iod
1540 3398 1603 3459 ιέγὼ
1617 3398 1661 3460 γάρ
1672 3415 1730 3462 φημι

114 3490 153 3534 ρει
168 3473 272 3528 είςέιετά
285 3474 371 3521 διεῖλον
384 3476 436 3544 eft..
450 3474 613 3532 Quintilianus
622 3473 665 3522 tib.
676 3475 713 3523 ΙΙΙ
723 3487 776 3536 oep.
792 3479 836 3538 tv,
852 3483 899 3525 to:
922 3459 925 3494 Ι
949 3474 991 3533 μὲν
1009 3473 1051 3529 τὴν
1065 3471 1174 3527 ἀλήθειαν
1189 3469 1253 3532 lxm
1273 3471 1306 3524 ὡς
1326 3469 1438 3530 ΙέλῬαέΨ
1463 3465 1545 3528 μέῗθθν
1564 3467 1609 3529 γὰρ
1630 3467 1730 3516 ἔχων

115 3549 273 3606 Protagoram
285 3551 382 3595 transeo
398 3546 440 3608 qui
454 3547 633 3608 interrogandi,
647 3547 817 3609 respondendi,
829 3563 900 3598 man·
946 3547 1013 3601 ἡμῶν
1023 3543 1082 3592 eva
1096 3546 1143 3590 csse
1161 3557 1187 3589 τε
1206 3541 1279 3589 ὄντων
1294 3541 1334 3588 καὶ
1350 3539 1392 3602 μή·
1414 3537 1496 3599 nuptos
1517 3538 1595 3598 uenat
1614 3537 1728 3598 &Gestat

115 3616 202 3676 decidi,
215 3617 343 3678 precandi,
358 3617 424 3679 quod
439 3617 544 3680 εὐχωλήν
556 3618 632 3677 dixit,
646 3620 726 3680 portes
739 3620 804 3667 setas
821 3623 900 3681 putat,
946 3616 1023 3676 ἕτερον
1034 3613 1111 3674 ἑτέρου
1123 3611 1188 3672 αὐτῷ
1197 3611 1288 3671 τούτῳ,
1300 3610 1335 3658 δτι
1348 3613 1382 3670 τῷ
1393 3609 1434 3668 μὲν
1447 3608 1506 3654 ἀλλα
1520 3606 1571 3654 ἐστι
1589 3607 1665 3654 τεκαὶ
1680 3608 1729 3668 φαί·

113 3687 257 3736 Aristotele·
270 3689 339 3735 Poet.
352 3699 404 3747 ooo.
417 3689 473 3737 xlx
485 3700 539 3749 μσς.
556 3691 615 3736 isse
624 3686 662 3735 ed.
677 3687 724 3736 Bett
734 3687 785 3736 Ιετ.
797 3707 804 3736 :
818 3689 841 3738 τί
856 3691 901 3754 γάρ
946 3702 1025 3746 νεται,
1040 3687 1074 3744 τῷ
1091 3683 1116 3731 δὲ
1128 3683 1194 3730 ἀλλα.
1211 3683 1257 3730 Ιίαί
1270 3682 1353 3738 σοφίαν
1365 3681 1403 3726 καί
1419 3678 1490 3739 σοφόν
1500 3676 1571 3738 ἀνδρα
1585 3677 1673 3725 πολλοῦ
1684 3678 1730 3726 δέω

115 3759 146 3806 ἄν
155 3773 191 3811 τις
201 3755 314 3806 θιεολάὸοι
329 3758 475 3820 ἡμαρτῆσθαι
486 3757 502 3805 ἀ
514 3754 672 3819 Πρωταγόρας
687 3758 794 3820 ἐπιτιμᾷ,
810 3758 848 3806 ὅτι
861 3759 899 3808 ed-
947 3757 973 3803 τό
982 3757 1014 3816 μὴ
1028 3755 1096 3814 φάναι
1107 3753 1177 3800 εἰναι·
1194 3749 1244 3798 ἀλλ’
1255 3751 1325 3798 αὐτὸν
1342 3753 1423 3797 τοῦτον
1439 3749 1478 3796 καὶ
1495 3748 1556 3806 λέγω
1568 3747 1639 3808 σοφόν
1649 3782 1656 3808 ,
1666 3748 1692 3803 ὃς
1702 3748 1730 3796 ἀν

116 3829 202 3889 χεσθαι
222 3825 327 3890 οίόμτνος
349 3826 465 3876 ἐπιτάττει
479 3829 552 3876 εἰπὼν
573 3829 649 3883 Μῆνιν
661 3828 724 3876 ἄειδε
742 3829 798 3888 θεάς
816 3831 901 3894 τὸγὰρ
946 3843 990 3874 τινι
1003 3829 1087 3886 ἡμῶν,
1102 3823 1238 3885 ᾧφαίνεται
1251 3821 1291 3868 καλ
1308 3819 1357 3868 ἐστι
1378 3818 1441 3868 κακά
1449 3855 1457 3878 ,
1470 3817 1623 3879 μεταόάλλων
1639 3819 1730 3882 ποιήσῃ

115 3901 241 3958 κελεῦσαι,
251 3897 324 3958 ρησί.
338 3903 414 3946 ποιεῖν
426 3913 449 3944 τι
460 3898 475 3954 ἢ
488 3898 520 3958 μὴ
530 3895 631 3951 ἐπίταξίς
647 3896 718 3945 ἐστιν.
732 3927 762 3938 -
777 3898 827 3957 (52)
841 3900 898 3948 viu.
947 3895 1026 3956 ἀγαθὰ
1038 3892 1158 3956 φαίνεσθαί
1175 3891 1253 3940 τεκαὶ
1274 3890 1343 3938 εἶναι.
1362 3889 1408 3938 Τόν
1424 3888 1450 3936 δὲ
1471 3886 1539 3948 λόγον
1556 3887 1586 3935 αὖ
1600 3890 1632 3951 μὴ
1647 3893 1681 3950 τῷ
1693 3890 1731 3953 ρή·

116 3967 227 4028 fragmt
242 3965 501 4028 iocosqueibicitatos.
512 3969 600 4016 Sextus
611 3966 744 4028 Empiricos
759 3969 843 4029 ΡγττΙι.
855 3969 900 4029 Ιιγ-
948 3965 1005 4029 eati
1024 3983 1069 4029 μου
1087 3965 1173 4026 δίωκε,
1187 3960 1236 4011 ἀλλ’
1255 3961 1302 4010 ὧδε
1321 3961 1354 4009 ἔτι
1369 3961 1512 4022 σαφέστερον
1527 3957 1600 4020 μα’θε,
1618 3957 1639 4006 τί
1659 3960 1729 4019 λέγω.

116 4037 171 4097 pot.
181 4039 204 4096 1,
212 4043 258 4084 219
269 4049 276 4078 ²
289 4038 376 4097 γίνεται
387 4035 465 4084 τοίνυν
475 4034 527 4084 κατ’
536 4037 606 4083 αὐτόν
614 4041 661 4084 τῶν
672 4035 745 4085 όντων
756 4038 872 4100 κριτήριον
887 4040 901 4086 ό
951 4037 1007 4086 Oios
1019 4036 1064 4100 γάρ
1077 4035 1101 4083 ἐν
1115 4041 1163 4090 τοῖς
1182 4032 1281 4096 πρόσθεν
1293 4032 1393 4091 ἐλέγετο,
1407 4029 1581 4090 ἀναμνήσθητι,
1594 4030 1629 4077 ότι
1640 4035 1674 4092 τῷ
1689 4030 1730 4092 μέν

113 4107 245 4170 ἄνθρακος·
265 4106 347 4156 Πάντα
366 4108 411 4169 γὰρ
430 4107 460 4155 τὰ
482 4106 609 4170 φαινόμενα
625 4111 673 4161 τοῖς
695 4107 839 4171 ἀνθρώποις,
860 4110 900 4157 καὶ
947 4108 1080 4156 ἀσθενοῦντι
1093 4105 1166 4167 πικρὰ
1177 4105 1298 4166 φαίνεται,
1310 4102 1326 4149 ἀ
1337 4101 1422 4154 ἐσθίει,
1433 4102 1473 4149 καί
1486 4101 1551 4160 ἐστι,
1564 4105 1598 4162 τῷ
1613 4101 1638 4148 δὲ
1653 4099 1730 4160 ὑγιαί-

114 4178 189 4226 ἐστιν·
203 4177 234 4225 τά
248 4177 273 4225 δὲ
288 4178 369 4238 μηδενί
384 4181 432 4225 τῶν
454 4177 581 4239 ἀνθρώπων
599 4175 728 4239 φαινόμενα
747 4177 801 4226 οὐδὲ
826 4179 899 4227 ἔστιν.
947 4195 1009 4226 νοντι
1020 4175 1133 4226 τάναντία
1146 4174 1196 4222 ἐστι
1208 4175 1247 4222 καί
1261 4171 1373 4234 φαίνεται.
1386 4172 1520 4235 Σοφώτιρον
1534 4171 1576 4232 μέν
1591 4169 1632 4218 οὖν
1642 4169 1731 4217 τούτων

115 4273 148 4284 -
168 4250 221 4308 (53)
236 4247 405 4297 protomus.
427 4261 453 4310 ιι.
474 4253 518 4298 152
532 4251 553 4296 Α
568 4261 575 4292 ι
589 4249 673 4297 οὐκοῦν
688 4250 750 4298 οὕτω
760 4267 811 4304 πως
826 4251 901 4311 λέγει,
948 4248 1065 4310 οὐδέτερον
1076 4249 1112 4295 δεῖ
1121 4251 1228 4303 ποιῆσαι·
1241 4244 1293 4292 οὐδὲ
1306 4243 1351 4304 γάρ
1364 4242 1470 4290 δυνατόν·
1482 4242 1535 4292 οὐδὲ
1549 4243 1730 4301 κατηγορητέον,

115 4322 148 4374 ι’νς
161 4319 202 4367 ota
213 4320 256 4379 μὶν
269 4319 358 4367 Ικαστα
373 4319 425 4381 ἐμοὶ
446 4319 565 4380 φαίνεται,
580 4324 677 4368 τοιαῦτα
700 4321 741 4379 μέν
761 4322 823 4369 ἐστιν
834 4321 898 4383 ίμοί·
948 4321 1002 4376 ὡςό
1016 4319 1057 4381 μὲν
1071 4317 1165 4380 κάμνων
1174 4316 1277 4379 ἀμαθής,
1288 4315 1324 4364 ότι
1337 4320 1436 4363 τοιαῦτα
1447 4314 1551 4376 δοξάζει,
1564 4313 1611 4361 θδέ
1622 4311 1731 4371 ὑγιαίνων

114 4389 157 4438 ota
171 4389 196 4437 δὲ
214 4389 267 4448 σοί,
281 4393 378 4437 τοιαῦτα
396 4387 465 4438 stes
480 4389 528 4438 σοί·
548 4389 700 4452 ἀνθρωποςδέ
712 4389 743 4438 σύ
767 4407 793 4441 τε
812 4391 899 4453 κάγώ;
947 4389 1037 4450 σοφός,
1050 4390 1086 4437 ότι
1104 4389 1193 4436 ἀλλοῖα·
1210 4386 1364 4446 μεταόλητέον
1376 4385 1396 4433 δ’
1410 4385 1448 4432 ἐπί
1463 4383 1554 4446 θάτερα·
1573 4381 1674 4443 ἀμείνων
1686 4381 1731 4444 γάρ

114 4462 200 4509 esst.
224 4460 295 4520 Λέγει
318 4460 363 4522 γάρ
387 4461 428 4508 civ
448 4461 531 4514 οὕτως.
557 4463 609 4509 m.
635 4461 704 4515 Εἰκὸς
722 4462 800 4523 μέντοι
829 4463 902 4522 σοφὸν
947 4462 1039 4522 ῆέτίρα
1051 4459 1103 4516 Ιξις.
1122 4458 1194 4508 Οὕτω
1213 4457 1238 4505 δὲ
1252 4457 1292 4505 καὶ
1312 4456 1336 4504 έν
1353 4453 1488 4518 τῄπαιδείᾳ
1505 4452 1552 4501 ἀπδ
1570 4452 1649 4512 ἐτέρας
1664 4451 1731 4506 ἕξεως

114 4530 189 4590 ἀνδρα
208 4531 240 4591 μη
263 4532 351 4592 ληρεῖν.
368 4531 612 4592 Ἰίπακολσυθήσωμτν
630 4529 670 4578 οόν
682 4530 755 4592 αὐτῷ.
798 4530 847 4594 Ἆρ’
859 4531 902 4580 οὐκ
947 4534 986 4582 ἐπὶ
997 4531 1040 4589 τήν
1054 4529 1144 4592 ἀμείνω
1152 4528 1316 4592 μεταόλητέον·
1326 4527 1376 4575 ἀλλ’
1386 4527 1400 4574 δ
1410 4525 1535 4587 μένῐατρὸς
1551 4520 1680 4585 φαρμάκοις
1694 4537 1732 4582 με·

115 4599 205 4660 ἐνίοτε,
220 4602 329 4657 πνέοντος
345 4593 433 4662 ἀνόμου
450 4606 493 4650 τοῦ
506 4603 592 4660 αὑτοῦ,
614 4601 685 4662 όμέν
708 4604 775 4660 ἡμῶν
798 4605 868 4664 ῥιγοῖ,
888 4603 902 4650 ό
952 4602 1075 4660 ταόάλλει,
1091 4601 1104 4649 ό
1119 4601 1145 4649 δὲ
1159 4600 1270 4662 σοφιστῆς
1283 4595 1368 4658 λόγοις.
1385 4595 1450 4644 Ἐπεί
1462 4593 1512 4641 οὔτε
1524 4609 1552 4650 γε
1569 4592 1644 4654 ψευδῆ
1660 4589 1731 4647 δοξά-

115 4670 136 4720 θ’
151 4672 190 4731 oo,
199 4674 240 4720 καὶ
254 4674 268 4720 ό
280 4676 321 4734 μίν
330 4674 420 4736 ἠρέμα,
433 4675 446 4721 ό
462 4675 487 4723 δέ
499 4673 602 4736 ορόδρας
612 4677 695 4724 oeal.
709 4675 757 4724 Καὶ
767 4674 838 4735 μάλα.
849 4676 899 4727 ΣΟ,
947 4670 1017 4727 torti
1032 4669 1066 4725 τίς
1077 4685 1129 4718 τινα
1139 4669 1236 4730 ὕστερον
1247 4666 1320 4724 ἀληθῆ
1335 4665 1433 4722 ἐποίησε
1451 4662 1561 4718 δοξάζειν·
1579 4661 1632 4709 οὗτε
1643 4660 1689 4730 γάρ
1700 4660 1731 4708 τά

117 4739 223 4802 Πότερον
236 4739 279 4789 οὗν
298 4742 351 4790 τότε
370 4741 429 4791 αότδ
447 4743 482 4802 ἐφ’
495 4745 573 4806 ἐαιπῷ
584 4744 612 4792 τό
630 4750 722 4806 πνεῦμα
736 4744 852 4806 ψυχρδνῆ
873 4743 902 4791 οὗ
949 4742 981 4805 μή
994 4742 1050 4789 όντα
1064 4741 1163 4789 δυνατόν
1179 4737 1289 4797 δοξάσαι,
1298 4737 1352 4785 οὔτε
1362 4735 1420 4784 ἀλλα
1428 4731 1483 4797 παρ’
1496 4731 1512 4780 ἀ
1525 4733 1555 4780 ἀν
1566 4730 1649 4794 πάσχῃ
1658 4735 1732 4779 ταῦτα

116 4813 208 4873 ψυχρὸν
228 4811 362 4872 φήσομενῆ
380 4812 509 4875 πεισόμεθα
525 4818 560 4875 τῷ
578 4816 733 4878 Πρωταγόρᾳ,
752 4814 787 4862 δτι
806 4818 841 4875 τῷ
861 4813 902 4874 μὲν
947 4811 1018 4860 sedet
1031 4810 1115 4866 ἀληθῆ·
1127 4809 1188 4867 ἀλλ’,
1201 4807 1279 4869 οἶμαι,
1291 4808 1381 4867 πονηρᾷ
1389 4804 1466 4864 ψυχῆς
1477 4799 1655 4857 stesotetom
1672 4815 1729 4883 Wtj

116 4882 220 4944 ριγοθντι
229 4883 333 4946 ψυχρόν,
342 4890 378 4948 τῷ
391 4885 416 4932 δὲ
430 4885 463 4945 μὴ
477 4885 522 4946 οὖς
535 4887 617 4934 esst.
626 4885 730 4934 Ἔοικεν.
749 4886 798 4932 ΣΟ.
809 4883 901 4932 Οὐκοῦν
946 4885 1003 4942 γενῆ
1023 4881 1094 4936 αὐτῆς
1109 4879 1200 4940 χρησιη
1215 4875 1315 4933 ’ἐποίησε
1334 4874 1433 4930 δοξάσαι
1449 4872 1516 4934 ἕτερα
1531 4875 1645 4930 τῦῑᾱῡτα,
1668 4869 1685 4916 ἃ
1702 4869 1732 4925 δη

115 4952 159 4999 ῑῑΙ
171 4947 275 5011 mimi
289 4955 363 5010 θῧῐως
372 4955 490 5016 &stimet
502 4957 586 5004 esst.
600 4956 655 5006 not.
670 4959 719 5006 ZD·
729 4956 763 5005 Τό
773 4955 834 5015 δέγε
847 4955 900 5016 φαί·
947 4968 1006 5006 τινες
1016 4951 1045 4999 τὰ
1063 4948 1217 5012 φαντάσματα
1235 4946 1281 4995 ὑπὸ
1302 4943 1407 5008 ἀπειρίας
1422 4943 1496 5001 ἀληθῆ
1512 4944 1633 5003 καλοῦσιν,
1644 4941 1691 5002 ἐγὼ
1706 4939 1732 4988 δέ

115 5038 181 5070 νεται
195 5023 345 5074 αἰσθάνεσθαί
364 5025 435 5074 ἐστιν.
454 5027 538 5074 otiati.
556 5026 624 5075 Ἐστι
643 5026 698 5090 γάρ.
713 5028 760 5075 m.
776 5025 902 5075 Φαντασία
948 5021 1032 5084 βελτίω
1048 5021 1091 5083 μὲν
1101 5021 1131 5068 τά
1143 5021 1209 5082 inape
1226 5021 1274 5065 τῶν
1283 5017 1376 5079 ἑτέρων,
1392 5015 1535 5076 ἀληθέστερα
1550 5013 1575 5062 δὲ
1586 5013 1660 5062 οὐδέν.
1671 5011 1730 5062 Dio·

116 5094 164 5154 ἀμ
175 5094 216 5142 καλ
231 5093 340 5152 εΙσθησις
353 5094 439 5144 τευτόν
456 5095 480 5144 ἐν
492 5110 519 5144 τε
531 5095 622 5159 θερμοῖς
636 5097 676 5144 καὶ
689 5101 748 5145 πᾶσι
759 5099 809 5150 τοῖς
820 5095 899 5144 τοιού·
947 5104 1021 5154 geues
1032 5088 1190 5140 martiustih.
1206 5089 1251 5147 ΙΙΙ,
1265 5090 1294 5135 5³
1306 5100 1313 5135 τ
1327 5085 1394 5142 οότος
1405 5085 1444 5134 καὶ
1461 5085 1488 5134 τὸ
1507 5084 1654 5146 Σωκρατικόν
1671 5081 1731 5137 εἶδος

114 5179 173 5218 τοις.
187 5163 289 5227 ΟΙαγάρ
298 5165 434 5213 αλσθάνεται
449 5164 562 5224 ἐκαστος,
576 5170 676 5213 τοιαῦτα
690 5165 784 5228 ἐκάαεῳ
797 5164 837 5212 καὶ
849 5180 901 5211 κιν·
948 5168 995 5211 τῶν
1006 5162 1082 5221 λόγων
1094 5164 1184 5224 πρῶτος
1201 5158 1294 5215 ίκίνησε
1315 5158 1355 5205 καὶ
1371 5156 1411 5205 τὸν
1421 5155 1576 5209 Ἀντισθένους
1588 5152 1667 5216 λόγον,
1686 5153 1727 5200 τόν

115 5232 287 5284 ancorum
305 5236 390 5286 esst,
403 5235 507 5285 Ἔοικεν.
526 5237 576 5285 m.
589 5236 701 5295 ΛΙσθησις
718 5236 817 5298 ἀρατσῦ
830 5235 896 5290 όντος
948 5233 1092 5296 πειρώμενον
1117 5228 1290 5290 ἀποδεικνύειν,
1316 5229 1347 5284 o<
1364 5227 1406 5278 οὐκ
1425 5226 1489 5278 ἐστιν
1509 5225 1645 5288 ἀντιλέγειν,
1664 5221 1732 5277 οὗτος
