3959 5925
197 327 255 380 226
738 315 938 378 euticion
954 317 1274 402 ,COMMENTARIUS
1293 335 1296 340 ·

194 449 261 514 pales
274 459 353 497 musae
369 448 431 509 srnt,
441 458 496 509 quar
504 445 570 494 ‘item
590 443 760 507 principalibus
770 445 879 497 accidmt
897 467 904 498 ι
920 460 976 510 quaa
1022 450 1116 508 assidue
1135 462 1253 514 exspuere
1264 449 1413 500 Incrementa
1426 450 1522 512 satirae,
1533 451 1557 500 et
1570 463 1627 500 cum
1644 450 1805 503 oscitantibus

194 537 254 588 item
261 535 311 586 sint
322 534 375 596 ipsa
383 533 480 596 quidem
490 531 632 594 immobilia,
640 535 754 584 moveant
763 535 843 584 tameo
853 533 976 599 sumque
1024 537 1096 587 simol
1110 537 1206 586 oscitari
1218 537 1294 598 alios,
1309 542 1334 587 et
1346 537 1371 586 in
1387 537 1501 588 consonis
1516 537 1636 601 rtrytlrmis
1652 540 1745 590 moveri
1761 554 1805 592 oua

193 622 291 674 mum
300 622 331 670 ab
346 621 386 669 bia
400 621 457 682 ipsis
471 621 602 682 moventur
611 632 641 669 eu
656 619 738 682 aliqua
750 623 891 671 necessitate
903 642 909 672 ι
921 636 976 686 quae
1020 623 1089 684 jusu
1102 635 1184 673 sonos.
1276 659 1279 666 .
1777 609 1780 616 ’

193 725 250 762 cum
263 711 357 761 ratione
373 711 472 758 movent
483 708 596 758 affectum
614 709 650 758 rei
667 709 731 759 utilis
745 709 863 774 alicujus3
874 723 977 774 quaeque
1052 712 1158 760 CCXIV.
1177 713 1236 768 Quae
1248 722 1303 760 curn
1313 711 1346 759 ita
1358 709 1419 770 siut,
1430 683 1557 773 qooerunt,
1570 713 1613 773 qui
1627 713 1703 774 magis
1716 714 1805 778 capite,

193 800 246 850 slus
259 798 369 858 ratione,
380 798 405 846 et
421 799 449 846 ut
460 796 526 846 libet.

224 887 309 940 ccxl.
342 879 443 938 orditur
454 887 559 950 denique
574 899 589 936 a
605 886 700 949 capile;
714 901 790 950 quam
808 889 902 950 partem
922 902 977 938 cor-

194 977 258 1041 poris
264 977 410 1041 principali
422 975 540 1040 quadem
550 988 604 1025 esse
616 975 829 1025 eminenticdieii.
861 978 975 1038 Propter-

193 1077 268 1128 eaque
280 1050 423 1128 oportuisse
443 1065 472 1113 ln
486 1063 587 1113 eccelso
606 1066 685 1126 etque
699 1065 826 1115 eminenti
837 1063 901 1126 loco,
916 1067 976 1114 ion-

193 1165 276 1217 qrtom
288 1165 370 1201 arcem
389 1151 466 1201 totius
478 1150 601 1213 corporis,
619 1150 751 1200 collocari:
766 1152 795 1200 ut
813 1150 977 1201 domicilium

193 1243 259 1292 macl
270 1243 355 1304 partis
367 1242 463 1290 animes
475 1239 633 1302 principalis
645 1274 652 1300 ,
664 1239 728 1301 quod
742 1238 882 1302 ἡγεμονικόν
894 1251 910 1287 a
921 1239 975 1301 pbi-

194 1329 300 1390 losophis
308 1326 405 1386 dieitur,
416 1325 442 1375 id
453 1332 490 1376 est
504 1326 575 1376 ratio.
611 1324 687 1386 cujus
700 1325 790 1389 duplex
799 1326 891 1388 virtus;
903 1325 977 1375 altera

192 1415 336 1478 intelligens,
350 1413 470 1476 opiustris
492 1414 583 1476 attera;
607 1413 678 1474 iusta
701 1426 762 1475 quas
780 1413 898 1476 sapientia
920 1427 976 1462 cum

193 1503 327 1566 disciplina,
336 1503 426 1553 etitem
433 1501 561 1564 prudentia
569 1514 626 1551 cum
638 1501 710 1551 rectis
721 1495 874 1563 opinionibus
884 1513 976 1550 conva-

193 1593 294 1641 tescunt.
326 1592 393 1647 Quas
410 1587 471 1638 duas
484 1589 579 1638 divinas
597 1587 794 1637 circumactiones
812 1587 898 1643 nomano
912 1588 977 1637 idem

194 1680 278 1729 auctor
295 1677 550 1741 appeliat51ustaque
565 1689 607 1724 eas
625 1675 731 1725 diuinas
748 1678 904 1737 potestates,
920 1688 977 1738 perce

193 1767 324 1829 vincebant
338 1777 448 1829 corporo
467 1764 617 1826 bominum,
634 1762 670 1812 cd
681 1761 887 1812 similitudinem
901 1775 977 1812 mnn-

193 1855 260 1905 dont
280 1853 407 1912 formosae
426 1852 484 1902 dicit
498 1853 579 1914 copul
599 1850 753 1910 rotundum,
769 1853 795 1900 et
813 1849 945 1913 claborum
968 1866 977 1898 .-

194 1941 264 2004 aique
281 1941 314 1991 ito
337 1941 467 1989 informato
495 1938 655 1988 connexuisse
680 1937 847 1987 rationabilem
872 1943 974 1988 motum.

194 2029 243 2086 Qui
257 2026 403 2078 rationabilis
424 2027 504 2076 motus
527 2025 666 2088 principalis
687 2025 776 2075 animm
797 2027 904 2087 potestas
924 2028 976 2089 est;

195 2117 370 2180 pmplereaque
377 2113 555 2178 principalem
568 2115 663 2163 animae
673 2115 828 2176 potestatem
845 2114 931 2163 assent
947 2117 977 2162 in

195 2207 281 2267 capite
295 2203 380 2253 sedem
392 2201 494 2252 babere.
819 2183 826 2191 ’

225 2293 323 2343 ccxll.
341 2290 389 2339 Sed
405 2289 520 2353 quoniam
533 2288 565 2339 da
582 2289 630 2338 boc
641 2286 744 2338 diverse
757 2287 882 2351 opiniones
894 2287 976 2337 Pbito·

195 2379 328 2442 sopbomm
341 2380 390 2427 mm
412 2381 522 2427 retemm
539 2389 612 2440 quam
624 2389 743 2426 noromm
756 2376 918 2438 exstiterunt,
938 2388 977 2425 re-

195 2467 321 2517 censendas
337 2465 407 2515 uobis
428 2465 530 2527 singulae
540 2465 614 2526 annt;
627 2465 667 2524 ut,
682 2462 764 2513 habita
778 2462 977 2526 comparatione,

195 2557 287 2620 quanto
299 2555 395 2605 caeteris
404 2553 435 2603 od
449 2553 574 2603 ueritatem
588 2553 686 2616 prestet
700 2551 822 2614 Platonis,
833 2552 876 2602 fiat
887 2551 977 2614 palam.

195 2639 244 2698 Qui
258 2638 383 2688 dividuam
403 2650 456 2688 esse
469 2637 538 2686 silve
551 2636 710 2686 substantiam
723 2637 885 2695 ceusucmut,
901 2635 976 2685 infer·

1022 813 1096 862 quam
1103 798 1214 863 pedibus,
1223 799 1343 861 sapiamus
1354 818 1361 848 r
1373 797 1472 861 quaudo
1481 798 1605 862 scientiar,
1615 799 1803 866 diceptincqoa,

1021 889 1119 939 assiduo
1143 902 1229 940 sensus
1247 889 1363 939 exercitio
1382 889 1568 939 corroborentur
1594 909 1600 938 ι
1624 890 1805 955 procesusque

1023 976 1119 1026 initium
1135 990 1167 1026 ex
1185 976 1267 1041 aliquo
1283 979 1474 1039 temperamento
1491 989 1575 1026 orsum
1594 989 1690 1041 usuque
1707 981 1805 1031 assiduo

1022 1065 1174 1128 promotum,
1198 1065 1322 1128 perveniat
1345 1064 1376 1114 ad
1400 1065 1587 1127 perfectionem,
1605 1065 1663 1114 dum
1693 1067 1805 1130 frequens

1022 1152 1160 1202 observatio
1171 1153 1309 1202 rudimenta
1322 1153 1396 1204 creati
1407 1173 1413 1202 ι
1426 1152 1560 1203 mdimenta
1575 1154 1632 1204 item
1644 1156 1737 1215 artem,
1748 1169 1805 1218 quse

1025 1244 1147 1303 tempore,
1160 1243 1233 1304 atque
1251 1253 1297 1290 usu
1311 1240 1453 1290 confirmata
1467 1241 1496 1289 tit
1509 1240 1641 1303 disciplina.
1674 1241 1750 1293 fidem
1764 1257 1803 1292 ne·
1862 1219 1869 1232 ¹

1022 1330 1080 1389 gant
1095 1329 1182 1377 animm
1204 1328 1255 1377 rim
1271 1327 1428 1391 principalem
1444 1327 1577 1378 consistere
1599 1328 1623 1376 in
1640 1330 1735 1392 capite;
1749 1343 1804 1392 pro·

1023 1418 1103 1478 pterea
1121 1417 1185 1479 quod
1209 1416 1324 1479 pleraque
1338 1405 1467 1475 animalia,
1483 1416 1562 1478 capite
1584 1417 1650 1466 secto
1673 1417 1757 1469 vivant
1774 1419 1804 1467 ad

1023 1507 1134 1568 tempus,
1151 1506 1177 1555 et
1195 1506 1267 1567 agant
1285 1504 1368 1567 solita,
1393 1506 1511 1566 tanquam
1530 1503 1598 1554 nullo
1619 1503 1709 1555 damno
1734 1505 1805 1556 allato

1022 1594 1129 1656 corporis
1142 1593 1310 1652 universitati,
1325 1595 1351 1642 oi
1367 1605 1425 1655 apes
1437 1596 1461 1642 et
1473 1592 1530 1641 item
1545 1592 1608 1656 fuci,
1621 1605 1678 1655 quoe
1691 1593 1745 1642 licet
1763 1607 1804 1643 ca·

1022 1681 1112 1744 piiibus
1124 1681 1237 1730 abscissis
1250 1679 1280 1730 ad
1295 1683 1444 1730 momentum
1460 1681 1546 1731 visunt
1562 1681 1587 1730 et
1605 1681 1689 1730 volant
1703 1681 1804 1730 aculeis-

1022 1783 1070 1832 que
1092 1769 1227 1820 secundum
1241 1771 1351 1818 naturam
1374 1780 1441 1818 auam
1456 1782 1482 1819 se
1500 1767 1641 1820 defenduut.
1675 1771 1738 1828 Quae
1756 1782 1803 1820 non

1023 1857 1142 1919 facerent,
1154 1858 1174 1908 si
1187 1857 1212 1907 in
1224 1856 1302 1919 capite
1315 1856 1471 1918 consisteret,
1484 1856 1548 1920 quod
1560 1858 1597 1907 est
1608 1856 1634 1906 in
1645 1857 1726 1906 anima
1740 1857 1803 1921 pn'n·

1023 1945 1109 2008 cipate.
1141 1944 1203 1996 illud
1223 1945 1296 1994 etiam
1320 1944 1345 1994 iu
1358 1943 1431 1996 corde
1450 1945 1554 2008 uagant3
1568 1943 1703 1995 crocodilos
1723 1946 1804 2006 enim,

1023 2033 1114 2084 avulsis
1127 2033 1242 2084 cordibus
1254 2033 1401 2095 aliquamdiu
1411 2032 1507 2094 virere,
1517 2036 1542 2082 et
1554 2033 1664 2083 resistere
1675 2033 1805 2084 advorsum

1023 2121 1172 2172 violentiam.
1205 2123 1259 2172 Hoc
1268 2120 1333 2171 idem
1346 2120 1371 2172 in
1385 2120 1547 2173 testudinibus
1562 2119 1717 2171 observatum
1730 2121 1804 2170 mari-

1023 2211 1061 2260 nis
1075 2212 1100 2260 et
1113 2209 1267 2260 terrestribus
1285 2209 1372 2271 capris.

1055 2300 1150 2348 ccliv.
1167 2285 1301 2348 Adversum
1313 2311 1368 2360 qum
1382 2297 1538 2361 respondetur
1552 2295 1584 2347 ab
1600 2297 1668 2359 aliis;
1679 2297 1739 2346 nitril
1750 2309 1805 2348 esse

1023 2386 1128 2447 mirum,
1152 2386 1171 2436 si
1192 2399 1248 2435 cum
1269 2385 1336 2435 initia
1362 2389 1386 2436 et
1407 2387 1478 2449 quasi
1507 2383 1618 2448 quasdam
1648 2385 1805 2435 fundamenta

1024 2473 1142 2536 dogmatis
1163 2472 1282 2522 imbecilla
1306 2474 1331 2523 ct
1351 2473 1431 2522 minus
1455 2471 1540 2522 idonea
1558 2473 1622 2534 jacta
1645 2473 1708 2534 siut,
1725 2473 1804 2522 totum

1023 2575 1108 2612 eorum
1130 2561 1216 2623 dogma
1234 2563 1316 2620 nutet.
1349 2564 1410 2621 Quae
1432 2563 1469 2610 est
1489 2559 1553 2610 enim
1576 2559 1608 2611 de
1627 2560 1706 2610 anima
1724 2560 1805 2624 opinio

1024 2651 1123 2700 eorum?
1135 2651 1227 2712 Nempe
1237 2648 1302 2710 quod
1312 2661 1341 2702 eu
1352 2647 1450 2697 minutia
1462 2645 1611 2711 corpusculis
1623 2647 1717 2696 constet
1730 2665 1737 2696 r
1748 2659 1805 2707 argo

195 2729 311 2790 l)onemtls
327 2727 448 2776 imfflfflffl
472 2725 539 2774 imi
557 2725 630 2773 m⁰d⁰
649 2724 769 2786 expertia,
797 2723 871 2772 ¹⁰0d⁰
896 2726 977 2786 ΡΜ
1024 2751 1112 2801 corpus
1131 2737 1226 2786 initium
1246 2736 1283 2786 est
1305 2736 1446 2798 animm,et
1464 2735 1509 2786 crit
1526 2735 1612 2785 animm
1631 2734 1725 2797 propria
1738 2733 1804 2783 nulla

196 2817 600 2882 quidem,sediudtfferentos,sui
613 2815 798 2877 similes;nuuc
814 2820 924 2877 atomos,
939 2814 979 2864 vol
1025 2821 1174 2884 substantia,
1196 2819 1239 2870 sed
1260 2819 1341 2883 ponus
1360 2819 1475 2882 corporis,
1509 2821 1602 2882 corpus
1620 2817 1683 2870 enim
1698 2817 1803 2867 animam

195 2905 284 2955 solidas
305 2905 382 2954 moles
409 2924 415 2953 :
438 2903 534 2953 nullum
555 2903 636 2952 locum
658 2904 766 2965 certum,
790 2903 978 2966 definitumque,
1024 2911 1090 2959 creat
1107 2909 1269 2973 pompm,
1285 2908 1407 2971 piumque
1428 2907 1524 2958 animm,
1557 2905 1681 2967 contingit
1697 2917 1753 2969 ergo
1769 2917 1803 2955 aa,

195 2994 319 3058 principati
341 2993 429 3068 animas
453 2993 515 3054 parti
536 2991 663 3041 dedemut.
697 2991 801 3053 Spiritus
827 2992 930 3055 quippe,
951 2990 979 3039 ¹¹2
1024 2997 1131 3047 mudum
1145 2999 1206 3047 banc
1219 3009 1303 3047 eorum
1316 2996 1469 3059 opinionem,
1483 2997 1510 3046 ut
1524 3008 1650 3058 nunquam
1670 2994 1702 3045 sit
1720 2994 1803 3044 eadam

195 3084 410 3147 ipsiasseveraut,
425 3094 467 3145 per
484 3082 566 3131 fauces
579 3084 610 3129 ad
626 3082 768 3143 pulmonem
781 3093 936 3140 commeans,
953 3080 979 3128 iu
1024 3084 1105 3134 anima
1129 3104 1135 3134 ι
1157 3082 1198 3133 sed
1224 3084 1320 3135 diversa
1339 3082 1464 3144 habeatur,
1487 3087 1560 3145 atque
1579 3082 1710 3133 mutabitis.
1743 3083 1803 3131 cnm

196 3170 352 3235 respiratione
365 3170 516 3230 attenuatus,
529 3167 559 3218 ad
576 3168 657 3218 cordis
670 3168 753 3219 sedem
767 3168 823 3218 facit
839 3168 977 3218 transitum.
1024 3168 1088 3217 enim
1106 3165 1203 3227 dicant,
1217 3178 1305 3229 corpus
1319 3178 1373 3215 esse
1394 3163 1518 3227 antiquius
1529 3164 1627 3225 anima,
1639 3164 1698 3214 daut
1711 3164 1804 3227 corpori

196 3258 289 3311 Deinde
305 3271 348 3321 per
367 3257 482 3318 arterias,
502 3270 557 3319 quae
577 3257 634 3306 sunt
652 3257 758 3307 a'corde
775 3257 911 3325 porrectus,
927 3269 978 3319 per·
1024 3254 1189 3318 principatum.
1223 3253 1251 3301 ld
1273 3265 1346 3314 porro
1360 3264 1455 3315 semper
1479 3252 1547 3313 fluit,
1564 3254 1637 3314 atque
1652 3253 1804 3303 immutatur.

195 3348 264 3399 venit
282 3346 314 3397 ad
333 3346 464 3406 coroticus,
485 3345 520 3393 ita
542 3344 673 3408 appellatas
688 3357 780 3407 venas,
802 3342 867 3407 quod
887 3344 978 3393 eaedem
1024 3344 1055 3391 Et
1067 3342 1148 3391 anima
1158 3340 1240 3403 igilur,
1250 3352 1306 3403 quae
1318 3338 1432 3388 secundm
1445 3338 1591 3389 conditionis
1603 3341 1649 3399 est,
1661 3338 1746 3387 endem
1760 3352 1804 3401 pa·

195 3437 328 3487 vulneratur
350 3435 452 3483 mortem
471 3432 572 3482 affmaut
593 3432 763 3495 soporiferam,
776 3445 818 3495 per
836 3444 896 3495 quas
914 3432 978 3481 idem
1024 3430 1084 3479 titur
1104 3441 1158 3493 quae
1172 3440 1269 3489 corpus.
1304 3425 1439 3479 Mutabitur
1457 3438 1515 3487 crgo
1535 3426 1660 3487 tempore,
1678 3427 1702 3474 et
1721 3425 1803 3487 senio,

83 3527 106 3533 ”
196 3518 292 3589 spiritus
304 3522 334 3572 ad
351 3522 424 3583 caput
440 3520 514 3570 iertm
525 3533 568 3582 per
579 3522 662 3569 tenues
676 3532 805 3568 nervorum
823 3522 849 3568 et
865 3520 979 3580 angustos
1024 3517 1116 3567 caeteris
1135 3516 1213 3578 item,
1236 3528 1292 3577 quse
1315 3514 1362 3564 fert
1382 3516 1469 3563 natura
1491 3512 1614 3577 corporis,
1638 3511 1803 3563 aiuuubitun

196 3615 292 3663 meatus
306 3628 312 3660 :
326 3612 399 3672 atque
409 3608 441 3658 ibi
452 3609 556 3671 primum
566 3607 726 3657 nascidieunt
736 3608 831 3657 initium
845 3606 978 3668 sentiendi,
1025 3607 1103 3667 Atque
1113 3604 1146 3653 ita
1160 3602 1222 3653 male
1237 3600 1337 3653 fundata
1350 3601 1469 3651 senmntfa
1484 3600 1610 3649 honestum
1628 3598 1736 3648 invenire
1754 3610 1803 3650 uon

172 3693 223 3751 ’et
245 3700 406 3750 intermanare
428 3695 459 3745 ad
481 3700 596 3747 coeterum
620 3709 716 3757 corpus.
749 3697 821 3758 Isque
844 3694 979 3743 communis
1025 3692 1214 3757 potestexitunr.

197 3802 284 3841 musas
296 3792 333 3838 est
344 3792 436 3848 tactus,
447 3786 487 3836 sed
499 3786 525 3835 tit
537 3786 665 3848 proprios,
680 3784 712 3834 ob
724 3784 886 3835 diversitatem
900 3796 977 3832 mem·
1055 3783 1160 3833 ccxvi.
1177 3783 1208 3832 nt
1217 3792 1275 3831 vcro
1293 3793 1323 3830 cx
1339 3778 1385 3828 illis
1399 3778 1442 3841 qui
1453 3777 1535 3840 jugem
1547 3777 1632 3841 putant
1644 3789 1697 3827 esse
1708 3776 1802 3839 adram,

197 3879 312 3937 brorum,
327 3875 416 3939 quibus
436 3873 561 3925 sentimus.
594 3873 680 3931 Qualis
700 3873 764 3922 enim
785 3872 874 3921 fuerint
890 3883 979 3933 organa
1024 3872 1049 3919 et
1075 3869 1223 3919 adunatione
1245 3867 1350 3932 quadam
1374 3865 1420 3917 sibi
1448 3865 1626 3927 continuatam,
1647 3863 1804 3927 Empedocles

196 3962 329 4022 sentiendi,
341 3961 395 4011 talis
407 3973 493 4010 sensus
507 3960 617 4021 exsistit,
631 3962 658 4007 ut
670 3972 714 4021 per
724 3958 807 4008 oculos
819 3958 898 4021 visus,
909 3957 977 4007 audl-
1023 3958 1122 4020 quidem
1146 3956 1299 4019 principalem
1321 3953 1470 4005 enimenim
1485 3952 1646 4003 constituitis
1665 3951 1751 4015 corde,
1769 3952 1804 4001 sic

197 4058 238 4103 fus
254 4064 297 4115 per
310 4062 394 4110 aures,
410 4055 484 4111 atque
503 4049 526 4096 in
540 4046 644 4096 eundem
666 4046 766 4095 modum
788 4046 878 4096 caten.
910 4048 979 4096 Unus
1024 4045 1127 4095 dicens:

195 4143 276 4192 famen
289 4139 327 4189 est
339 4138 454 4201 spiritus,
467 4136 508 4198 qui
520 4135 545 4184 in
557 4134 640 4184 multis
651 4132 807 4184 deformatur.

227 4230 335 4279 ccxlii.
353 4228 402 4275 Aut
420 4224 485 4273 enim
500 4224 577 4273 moles
590 4223 703 4285 quaedam
719 4228 776 4271 suut
794 4207 871 4282 leves,
890 4223 914 4270 et
931 4220 978 4282 glo·

198 4318 281 4379 bose,
293 4312 436 4376 eademque
455 4312 586 4361 admodum
603 4310 725 4371 delicatae,
742 4323 772 4359 ex
792 4308 881 4370 quibus
898 4308 979 4357 anima

196 4404 325 4463 subsistit,
339 4402 405 4465 qood
415 4401 496 4451 totum
509 4399 607 4463 spiritus
621 4399 671 4457 est,
686 4400 714 4447 ut
726 4390 880 4459 Asclepiades
893 4399 976 4459 putat,

1077 4156 1198 4212 &nquam
1207 4152 1283 4199 cordis
1290 4153 1352 4197 enin
1365 4154 1443 4197 noster
1450 4116 1513 4208 rripit
1522 4150 1658 4195 intellectus.

1023 4262 1146 4326 Siquidem
1160 4259 1251 4309 intimis
1264 4256 1352 4309 unsina
1365 4256 1474 4306 sensibus
1487 4254 1604 4306 sentimus
1618 4267 1662 4316 ea,
1675 4265 1730 4316 qum
1746 4255 1802 4338 suut

1024 4357 1092 4402 entra
1111 4363 1164 4411 nos,
1178 4350 1277 4411 propter
1290 4344 1465 4408 cognationem.
1482 4342 1603 4416 -ldcoqus
1613 4342 1665 4411 aitg

1078 4476 1173 4520 Ter-rum
1183 4476 1272 4517 terreno
1285 4470 1412 4523 sentimus,-
1422 4472 1448 4513 ut
1459 4470 1544 4513 otnero
1552 4467 1671 4523 flammis,

196 4500 239 4544 aut
257 4492 338 4556 ignite
354 4490 429 4539 atomi
440 4488 510 4550 iuxta
523 4486 702 4547 Democritum,
717 4484 760 4548 qui
776 4497 806 4534 es
823 4483 909 4534 iisdem
924 4496 976 4533 cor·
1468 4538 1474 4548 .
1522 4536 1527 4547 ι

1078 4546 1202 4589 Humorem
1213 4542 1336 4594 humecto,
1349 4542 1426 4583 nestro
1436 4537 1550 4594 spirabile
1557 4538 1629 4593 stum.

197 4582 295 4647 poribus
303 4585 329 4631 et
341 4580 422 4641 iguem
435 4580 460 4627 ct
470 4576 576 4626 animam
593 4578 676 4625 conset
689 4572 801 4633 excludi3
813 4572 852 4623 vel
862 4572 887 4622 id
899 4572 979 4635 ipsum

197 4670 271 4721 atomi
294 4683 351 4719 casu
375 4666 495 4730 quodam,
510 4666 536 4714 et
556 4665 608 4714 siue
630 4662 737 4726 ratione,
759 4662 928 4712 concurrentes
955 4658 980 4708 iu
1024 4658 1071 4710 Sed
1086 4658 1117 4709 dc
1130 4658 1169 4708 bis
1183 4655 1296 4706 omnibus
1315 4652 1395 4717 qualia
1409 4651 1465 4714 atat,
1479 4654 1626 4715 quantamve
1640 4650 1744 4704 inter-so
1762 4647 1803 4699 ha·

198 4772 289 4819 ornum,
304 4760 330 4807 et
343 4757 449 4806 animam
467 4754 591 4814 creantes,
605 4753 633 4801 ut
648 4752 751 4814 Epicuro
761 4752 852 4813 placet,
866 4748 898 4798 ob
911 4747 979 4823 simi·
1024 4748 1097 4798 beant
1108 4744 1281 4803 differentiam,
1297 4740 1377 4791 cordis
1387 4740 1502 4803 sanguine
1511 4738 1681 4801 dijudicamus.

198 4850 326 4900 titudinem
341 4853 494 4906 atomorum,
511 4858 614 4907 quarum
629 4856 679 4893 una
692 4844 813 4892 commota
823 4838 980 4901 omncmspi·
1056 4834 1174 4885 ccxvll.
1191 4829 1286 4882 ltebrsci
1298 4841 1396 4892 quoque
1408 4827 1521 4877 videntur
1531 4825 1663 4877 meandum
1676 4826 1740 4874 bunc
1753 4822 1804 4887 opi·

198 4938 287 4998 dirim,
300 4937 326 4986 id
340 4938 378 4985 est
388 4934 495 4983 animam
505 4971 513 4995 ,
525 4932 619 4983 moveri
630 4931 711 4981 simul,
743 4930 813 4980 Unde
827 4929 978 4993 plerumque,
1025 4920 1075 4971 nari
1092 4920 1123 4971 dc
1135 4920 1216 4969 aalma
1227 4916 1356 4981 principali,
1370 4928 1426 4965 cum
1438 4914 1520 4964 dicunt
1534 4934 1541 4963 ε
1561 4914 1664 4964 Clamat
1676 4910 1750 4976 apul
1763 4922 1804 4961 me

199 5024 281 5074 audita
299 5025 369 5084 nive,
387 5023 516 5073 candorem
531 5021 620 5083 simut,
640 5025 664 5070 et
683 5019 760 5082 frigus
778 5016 979 5067 bomiuesrecor·
1024 5012 1133 5072 sanquis
1150 5008 1250 5067 fratris
1271 5008 1319 5057 lul.
1351 5005 1382 5054 Et
1403 5004 1462 5055 item
1482 5003 1529 5053 alio
1550 5003 1604 5053 loco
1620 5022 1627 5053 r
1642 5004 1699 5053 Non
1721 4998 1803 5049 edetis
1831 5038 1835 5042 .

200 5110 265 5171 dari,
280 5112 317 5160 rel
329 5124 383 5160 cnm
399 5112 453 5169 quis
465 5110 514 5160 edit
525 5111 612 5161 acerba
625 5107 752 5171 quiedam,
766 5105 807 5167 qui
823 5105 870 5154 boc
883 5102 978 5166 rident,
1024 5110 1128 5149 curnem
1140 5110 1199 5148 cum
1219 5096 1358 5157 sanquine,
1371 5094 1434 5156 quta
1445 5092 1560 5143 omnium
1571 5088 1730 5142 cuinullum
1740 5098 1802 5137 scn-
