3959 5925
686 372 884 434 ARlSTlPPl
904 373 1154 437 FRAGMENTA.
1664 390 1723 443 407

153 504 308 583 (Diogenes
319 502 452 563 Laertius
464 503 518 565 lib.
535 504 576 581 11,
593 526 639 577 70·
654 506 766 565 Similis
779 519 824 565 est
834 513 904 569 An·.
982 508 1139 585 (Diogenes
1151 510 1284 571 Laertius
1296 510 1351 569 lib.
1367 510 1408 581 lt,
1421 530 1469 582 γα.
1485 510 1519 569 ln
1527 512 1647 573 eandem
1659 532 1724 573 sen·

112 593 393 653 tistheuisseotentia
404 591 482 669 apud
496 590 707 652 Laertiumlih.
721 592 772 664 vt,
789 594 834 671 6.)
941 598 1060 655 tentiam
1074 596 1334 676 Pseudaristippus
1353 598 1386 656 in
1404 597 1546 676 Epistolis
1559 599 1724 661 Socratico·

154 701 195 743 ro..
211 682 259 745 Εἰς
271 679 400 758 Κόρινθον
413 681 486 761 αὐτῷ
505 678 612 739 πλίοιτί
625 676 691 739 ποτε
702 680 748 739 καὶ
762 684 896 759 χειμαζο-
941 703 1006 744 rum
1021 704 1051 763 p.
1070 685 1107 742 33
1127 685 1173 747 ed.
1189 686 1259 744 On:
1276 685 1432 763 ὑποτίθεμαι
1447 684 1476 744 δέ
1499 710 1540 745 σοι
1554 686 1587 746 et
1601 690 1664 768 πρὸς
1679 690 1725 771 ip·

114 769 186 848 μένῳ
193 766 291 839 συνίόη
299 772 474 847 ταραχθῆναι.
482 767 551 846 Πρὸς
563 760 607 828 οῦν
617 767 661 826 τὸν
672 767 790 846 εἰπόντα,
802 768 896 848 Ἡμεῖς
940 794 1035 851 χοντας
1050 773 1215 849 οἰκονομεῖν,
1231 770 1301 834 ὥστε
1322 772 1351 833 τὸ
1367 774 1430 850 ἐμὸν
1445 773 1634 853 σνμὸούλέυμα
1650 783 1727 838 τοῦτο

115 858 163 933 μὲν
178 860 203 914 οἱ
218 860 322 916 ἰδιῶται
336 858 367 915 οὗ
386 855 559 930 δεδοίκαμεν,
574 860 649 933 ὑμεῖς
665 856 694 915 δί
716 859 740 915 σί
761 856 896 938 ριλόσοροι
942 858 1075 940 συμφέρον
1100 860 1234 941 δέχεσθαι.
1256 863 1344 922 Τοῦτο
1373 864 1397 920 δ’
1421 855 1452 935 ἦν
1475 862 1513 940 μὴ
1536 869 1583 923 τοῦ
1610 866 1727 935 πλείονος

113 945 241 1017 διιλιᾶτες
250 946 292 1005 Οὐ
308 944 359 1024 γὰρ
370 944 431 1023 πιρί
447 941 555 1021 δμοίας,
573 945 632 1023 ίρη,
644 946 732 1025 ψυχῆς
744 944 896 1021 ἀγωνιῶμεν
941 948 1107 1029 ὀριγνᾶσθαι.
1123 950 1197 1009 Vide
1210 951 1315 1026 fragm.
1327 952 1387 1029 74.)

112 1033 228 1091 ἕκαστοι.
983 1054 1021 1095 so.
1046 1036 1204 1115 Ἐρωτηθείς
1218 1036 1269 1097 tot
1281 1060 1364 1110 τινος,
1382 1037 1408 1097 τί
1422 1039 1504 1097 αὐτοῦ
1516 1042 1530 1097 ὁ
1546 1038 1600 1107 υίὸς
1612 1038 1726 1116 ἀμείνων

154 1121 312 1200 (Diogenes
329 1122 463 1180 Laertius
483 1120 535 1181 lib.
558 1121 605 1197 ll,
627 1143 676 1195 71.
699 1120 836 1199 Ejusdem
853 1123 897 1180 rei
943 1122 1018 1183 ἔσται
1030 1125 1287 1195 παιδευθείς,·ίίαίεί
1300 1127 1382 1203 μηδὲν
1396 1117 1563 1204 Diocleum,
1577 1128 1604 1186 ἐν
1617 1133 1677 1203 γοῦν
1690 1132 1728 1210 τῷ

114 1211 309 1268 meminerunt
317 1222 347 1267 et
359 1210 412 1268 alii
429 1210 596 1287 scriptores.
608 1210 739 1269 AElianus
749 1226 813 1270 var.
826 1210 895 1270 hist.
942 1210 1046 1292 θεότριρ
1062 1214 1091 1273 οὗ
1104 1214 1279 1285 καθεδήσεται
1293 1214 1363 1282 λίθος
1377 1215 1422 1275 ἐπὶ
1436 1214 1512 1297 λίθῳ.
1548 1207 1551 1213 ’

115 1299 166 1371 tii,
184 1319 222 1355 ao
237 1319 243 1355 :
260 1296 347 1356 πλίων
360 1297 544 1377 Ἀρίστιππος,
558 1302 688 1379 χειμῶνος
699 1298 897 1378 ἐπιγενομένου,
984 1301 1139 1376 (Diogenes
1153 1302 1286 1363 Laertius
1302 1303 1352 1362 lib.
1366 1304 1405 1376 il,
1425 1325 1474 1377 γε.
1486 1309 1625 1381 Lapidem
1639 1307 1727 1365 etiam

116 1390 186 1446 πάνυ
196 1386 297 1467 σφόδρα
307 1385 475 1466 ἐταράττετο.
495 1385 568 1468 'Bou
585 1386 668 1454 δέτις
681 1389 732 1446 τῶν
748 1386 898 1463 σιιμπλεόν-
943 1386 1041 1447 Latini
1054 1388 1201 1451 hominem
1234 1392 1354 1451 stultum
1376 1405 1493 1452 vocant.
1525 1391 1589 1451 vid.
1614 1392 1726 1452 Erasm.

113 1500 176 1535 των·
191 1466 232 1535 Ὦ
243 1474 415 1552 Ἀρίστιππε,
431 1474 522 1535 καλοῦ
534 1473 698 1544 δίδοικαςόις
713 1477 738 1536 οἱ
759 1474 869 1547 πολλοί;
884 1478 899 1532 δ
944 1476 1038 1553 Adag.
1049 1478 1124 1538 chii.
1141 1480 1163 1537 l.
1178 1480 1261 1538 Oent.
1279 1479 1311 1538 V.
1328 1482 1376 1557 89,
1390 1501 1459 1560 pag.
1480 1490 1534 1549 lli
1552 1480 1598 1539 ed.
1616 1482 1651 1540 H.
1666 1486 1730 1541 Ste-

114 1564 152 1624 δέ·
164 1563 218 1624 itui
230 1564 304 1640 μάλα
317 1586 347 1640 γε
359 1564 474 1630 εἰκότως·
488 1566 552 1640 ὑμῖν
568 1564 616 1640 μὲν
630 1563 682 1644 γδρ
697 1562 759 1643 περί
772 1563 897 1622 κακοδαί·
943 1564 1062 1644 pharii.)

116 1652 194 1732 μονός
206 1655 263 1711 ἐστι
276 1652 333 1732 βίου
347 1657 365 1725 ἡ
378 1651 480 1723 σπουδὴ
493 1651 538 1710 καί
552 1658 598 1713 νῦν
620 1658 635 1713 δ
649 1654 777 1727 κίνδυνος,
789 1651 849 1729 ἐμοί
870 1651 898 1710 δὲ
983 1672 1021 1713 si.
1046 1655 1221 1723 Συνισταίντος
1234 1655 1303 1723 τινδς
1322 1658 1393 1737 αὐτῷ
1413 1656 1478 1730 υίόν,
1499 1654 1583 1735 ᾔτησε
1597 1678 1727 1715 πεντακο-

115 1741 175 1820 περί
190 1739 363 1818 εὐδαιμονίας.
379 1740 493 1799 Gellius
507 1739 584 1813 xlx,
606 1762 619 1798 1
638 1764 645 1799 ι
664 1740 696 1799 Si
706 1740 777 1819 quid
791 1759 846 1817 ego
866 1742 898 1799 in
944 1738 1004 1806 σίας
1017 1740 1148 1821 δραχμάς·
1161 1746 1207 1799 τοῦ
1224 1739 1252 1800 δὲ
1266 1740 1539 1813 είπόντος,Τοσοότου
1550 1741 1664 1819 δύναμαι
1680 1746 1729 1801 όν-

115 1842 195 1888 tanta
215 1829 356 1888 violentia
367 1842 569 1907 tempestatum
590 1829 695 1888 videor
710 1829 831 1907 paulum
846 1848 898 1907 pa·
945 1827 1075 1907 δρσίποδσν
1088 1828 1249 1899 ὠνήσασθαι·
1261 1828 1351 1909 Πρίω,
1364 1829 1425 1908 ἔφη,
1441 1828 1487 1889 καί
1499 1828 1563 1897 ἕξεις
1573 1818 1628 1888 δύο.

117 1919 261 1992 velamus,
279 1938 340 1976 non
355 1932 387 1976 tu
398 1919 486 1978 istius
500 1919 544 1977 rei
563 1919 676 1982 ratium
691 1918 837 1976 audienda
853 1918 899 1975 ‹li-
985 1916 1147 1995 (Diogenes
1157 1917 1290 1977 Laertius
1301 1906 1356 1977 lih.
1368 1917 1414 1991 ll,
1427 1938 1474 1991 7²·
1486 1918 1567 1977 Mille
1576 1918 1730 1977 drachmas

117 2026 191 2082 gnus
205 2024 237 2063 es
255 2024 263 2063 :
278 2005 330 2063 sed
349 2004 406 2063 tibi
427 2024 497 2063 sane
517 2005 686 2084 Aristippus
704 2004 757 2063 ille
779 2024 834 2083 pro
853 2024 901 2063 me
945 2007 1115 2083 poposcisse
1148 2006 1331 2085 Aristippum
1357 2019 1458 2065 auctor
1484 2019 1530 2065 est
1557 2005 1732 2065 Plutarchus

117 2092 321 2172 responderit,
337 2094 389 2170 qui
405 2095 436 2151 in
451 2093 545 2153 simili
562 2080 724 2171 tempores
746 2093 899 2152 simillimo
946 2093 978 2150 in
993 2092 1073 2153 libro
1092 2094 1129 2152 de
1146 2092 1249 2153 liberis
1262 2093 1421 2154 educandis
1433 2113 1497 2173 cap.
1518 2093 1589 2165 Vll,
1610 2094 1657 2168 16,
1670 2095 1732 2155 vol.

117 2183 159 2240 tui
175 2181 295 2240 homine
309 2182 522 2257 interrogatus,
542 2200 634 2260 quare
648 2180 842 2260 philosophus
868 2182 901 2239 ti·
946 2178 1001 2238 Vll
1022 2199 1089 2259 pag.
1117 2202 1150 2254 ¹7
1166 2182 1211 2243 ed.
1228 2181 1345 2241 lluttcn.
1360 2174 1399 2260 ’ᾗ
1417 2182 1462 2241 καὶ
1491 2181 1660 2261 Ἀρίστιππος
1683 2183 1731 2240 οὐκ

116 2284 218 2342 meret,
234 2290 325 2347 quum
345 2270 398 2328 ille
421 2283 522 2327 contra
550 2270 625 2329 nihil
659 2283 816 2343 metueret3
841 2289 901 2328 uon
947 2269 1076 2348 ἀκόμψως
1090 2270 1159 2329 ἀλλὰ
1175 2270 1243 2329 πάνυ
1257 2270 1368 2338 ἀστείως
1388 2270 1526 2351 ἐπέσκωψε
1539 2270 1661 2353 τῷλόγῳ
1675 2292 1731 2329 πα-

116 2360 237 2418 eandem
253 2378 316 2417 esse
339 2377 455 2416 causam
476 2357 535 2417 sibi
557 2372 645 2437 atque
664 2359 711 2419 illi
731 2360 899 2436 respondit3
948 2359 1012 2436 τίρα
1026 2364 1071 2417 νοῦ
1094 2358 1141 2416 καί
1153 2363 1252 2438 ρρενιῦν
1267 2359 1350 2418 κενόν.
1372 2358 1574 2438 Ἐρωτήσαντος
1595 2358 1647 2438 γαίρ
1665 2380 1733 2425 τινος

115 2449 252 2524 quoniam
267 2447 294 2505 is
310 2447 429 2524 quidem
439 2460 514 2506 esset
529 2468 589 2506 non
604 2468 782 2527 magnopere
795 2448 902 2506 sollici·
948 2445 1040 2522 αὐτόν,
1053 2444 1134 2505 τόσον
1151 2444 1238 2515 αἰτοίη
1256 2446 1348 2522 μισθὸν
1364 2443 1431 2521 ὑπὲρ
1445 2450 1493 2518 τῆς
1507 2450 1552 2504 τοῦ
1563 2444 1655 2505 τέκνου
1670 2467 1735 2503 παι-

116 2555 163 2594 sus
181 2556 235 2614 pro
252 2536 351 2594 anima
364 2536 539 2612 nequissimi
555 2536 729 2608 nebulonis,
742 2537 839 2613 ipsum
851 2555 901 2593 au·
947 2534 1067 2600 δεόσεως·
1082 2533 1191 2607 Χιλίας,
1207 2533 1274 2613 ἔφη,
1296 2534 1427 2613 δραχμάς.
1441 2538 1497 2595 Τοῦ
1518 2533 1560 2608 δί,
1575 2532 1733 2612 Ἡράκλεις,

115 2636 173 2682 tem
191 2645 247 2702 pro
259 2624 405 2702 Aristippi
419 2624 518 2682 anima
532 2625 660 2700 timere.)
947 2623 1075 2693 εἰπόντος,
1092 2624 1127 2688 ὡς
1136 2621 1271 2700 θπίρπολυ
1281 2622 1310 2681 τδ
1320 2622 1439 2699 αἴτημα,
1453 2622 1567 2695 δύναμαι
1579 2622 1630 2700 γὰρ
1641 2620 1734 2699 ἀνδρό-

156 2734 192 2773 tt.
217 2709 902 2793 Σεμνυνομίνουτινδςέπίπολυμαθίορ,ἔρη·Ὤσπερ
946 2710 1027 2768 ποδον
1041 2707 1135 2787 χιλίων
1156 2706 1296 2788 πρίασθαι·
1317 2711 1481 2787 Τοιγαροῦν,
1505 2699 1576 2782 εἰπε,
1599 2706 1644 2767 δύο
1671 2706 1735 2776 ἔξεις

117 2802 167 2880 οὐχ
183 2804 207 2859 oi
221 2805 335 2860 uitiosa
350 2799 477 2866 ἐσθίοντες
491 2798 536 2858 καί
551 2798 743 2878 γυμναζόμενοι
758 2800 903 2878 ὑγιαίνουσι
949 2796 1118 2875 ἀνδράποδα,
1134 2795 1179 2855 καί
1192 2795 1237 2856 τὸν
1260 2796 1316 2855 uiis
1332 2798 1378 2855 καί
1390 2794 1418 2855 δν
1435 2796 1466 2854 δν
1490 2796 1565 2875 πρίῃ.
1584 2795 1640 2854 Sed
1655 2796 1734 2854 idern

118 2890 219 2965 μᾶλλον
233 2890 285 2946 τῶν
299 2886 333 2945 τδ
348 2885 440 2945 δέοντα
453 2886 690 2970 προσφερομένων,
706 2886 788 2955 οὕτως
808 2889 860 2969 οὐχ
879 2890 902 2948 οἱ
948 2884 1076 2963 scriptor
1087 2883 1201 2943 iuVitis
1215 2885 1313 2943 decern
1329 2897 1416 2945 orati.
1427 2885 1486 2943 vol.
1499 2884 1554 2943 Xll
1566 2905 1597 2964 p.
1615 2891 1674 2951 sio
1683 2884 1731 2942 ed.

117 2975 217 3049 πολλαί,
237 2979 297 3034 ἀλλ’
317 2978 342 3033 σί
364 2973 488 3054 χρήσιμα
503 2976 725 3053 ἀναγινωσκοντές
742 2981 792 3036 εἰσι
818 2999 902 3036 απου-
951 2973 1070 3034 liutten.
1098 2973 1255 3032 isocratem
1293 2975 1350 3032 tale
1377 2974 1449 3051 quid
1485 2973 1596 3032 dixisse
1622 2973 1733 3052 prodit.

118 3067 195 3123 δαῖοι.
949 3063 1045 3122 Verba
1070 3074 1163 3138 graeca
1178 3075 1246 3122 sunt
1269 3084 1276 3120 :
1297 3061 1362 3142 πρὸς
1376 3064 1404 3122 δὲ
1418 3063 1462 3121 τὸν
1484 3065 1591 3121 εἰπόντα
1615 3062 1734 3142 πατίρα,
1809 3121 1817 3138 ,

158 3153 316 3228 (Diogenes
329 3153 462 3212 Laertius
479 3151 533 3212 lib.
550 3152 591 3229 ll,
610 3156 680 3230 71.)
951 3154 987 3217 ὡς
1010 3149 1083 3209 οὐδὲν
1099 3151 1163 3209 ἄλλο
1178 3149 1195 3221 ἢ
1212 3147 1375 3229 ἀνδράποδον
1391 3150 1542 3231 συνέπεμψε
1564 3153 1602 3230 τῷ
1622 3148 1735 3229 παιδίῳ·

70 3312 74 3321 μ
158 3260 194 3299 rs.
219 3239 289 3319 Πρὸς
304 3239 349 3298 τὸν
360 3238 427 3318 ὑπὲρ
440 3240 520 3300 αὐτοῦ
533 3241 695 3323 λογογροίρον
707 3242 783 3315 δίκην
793 3242 900 3302 εἰπόντα
949 3242 1096 3318 Τοιγαροῦν
1111 3235 1182 3318 (ἔφη)
1194 3237 1280 3309 ἄπιθι,
1299 3238 1346 3296 δύο
1356 3235 1407 3317 γδρ
1422 3236 1477 3297 ἀνθ’
1492 3238 1546 3304 ἑνὸς
1560 3237 1623 3306 ἕξεις
1638 3238 1735 3318 ἀνδρό-

118 3328 164 3388 καὶ
177 3326 341 3402 νικήσαντα,
364 3326 455 3388 ἔπειτα
480 3329 614 3406 φάσκοντα
634 3329 699 3409 πρδς
713 3331 798 3391 αὐτόν·
813 3332 849 3392 Τί
873 3355 902 3391 σε
948 3329 1027 3386 ποδα.
1045 3327 1090 3385 Cl.
1104 3327 1276 3384 Photiusin
1291 3325 1433 3386 Biblioth.
1450 3326 1516 3384 cod.
1531 3326 1653 3403 chx.)

119 3415 206 3487 ὤνησε
220 3413 384 3496 Σωκρότης,
397 3415 457 3496 ἔφη·
471 3418 568 3492 Τοῦτο,
584 3417 644 3484 τοὺς
656 3419 759 3497 λόγους,
771 3419 814 3489 οῦς
826 3410 903 3487 εἶπας
988 3435 1026 3474 σν.
1050 3411 1185 3492 ’Ἀργύριον
1200 3403 1256 3471 εἶπε
1270 3413 1344 3492 παρὰ
1358 3417 1410 3472 τῶν
1425 3413 1564 3493 γνωρίμων
1575 3413 1733 3489 λαμδοίνειν,

120 3504 186 3583 ὑπὲρ
202 3506 283 3581 ἐμοῦ,
298 3506 403 3576 σἰληθεῖς
418 3495 496 3565 εἶναι.
948 3505 999 3582 οὐχ
1014 3501 1059 3560 ἵνα
1074 3501 1151 3566 αὐτὸς
1159 3502 1263 3578 χρῷτο,
1278 3500 1338 3557 ἀλλ’
1352 3497 1395 3558 ίνα
1408 3501 1503 3558 ἐκεῖνοι
1516 3501 1615 3572 εἰδεῖεν,
1628 3503 1663 3566 είς
1676 3499 1735 3558 τίνα

162 3593 317 3670 (Diogenes
331 3591 463 3651 Laertius
477 3593 532 3653 lib.
548 3594 587 3666 ll,
606 3595 669 3674 γι.)
948 3594 987 3651 δεῖ
1000 3593 1116 3670 χρῆσθαι
1127 3595 1180 3655 τοῖς
1195 3585 1335 3666 ἀργυρίοις.

162 3701 195 3739 rs.
217 3683 243 3739 Τ
245 3679 261 3738 δι
277 3677 372 3757 ἄριστα
386 3681 568 3760 ίιπετίθετοτῇ
584 3682 693 3760 θυγατρί
705 3680 821 3760 Ἀρήτῃ,
839 3706 901 3741 συν-
989 3681 1148 3757 (Diogenes
1164 3676 1297 3735 Laertius
1311 3674 1366 3735 lib.
1384 3674 1425 3748 ll,
1441 3677 1506 3754 γε.)

122 3772 210 3828 ασκῶν
227 3766 307 3838 αὐτὴν
319 3763 495 3844 ὑπεροπτικὴν
511 3773 555 3825 τοῦ
570 3767 687 3834 πλείονος
701 3759 779 3829 εἰναι.
991 3789 1028 3828 aa.
1051 3765 1258 3841 Ὀνειδιζόμενός
1272 3785 1354 3838 ποτε,
1376 3761 1416 3820 ότι
1435 3762 1509 3836 δίκην
1529 3762 1597 3844 ἔχων
1622 3764 1735 3842 ε’μισθόι·

154 4050 191 4093 16.
210 4042 354 4092 Corinthum
366 4041 495 4105 aliquando
504 4041 661 4105 novigentino
671 4045 907 4106 tempestatevexato
985 4044 1024 4090 iit.
1043 4041 1122 4091 Arete
1145 4040 1200 4090 uttae
1228 4041 1341 4102 praeclara
1359 4039 1483 4102 sapientie
1503 4045 1624 4104 praecepta
1647 4039 1736 4105 dabat,

114 4131 218 4191 accidit,
233 4132 261 4181 ut
273 4134 354 4180 mente
369 4131 519 4180 turbaretur.
538 4134 592 4190 Qua
606 4132 631 4180 in
645 4145 671 4181 re
682 4131 772 4182 dicenti
790 4123 885 4186 midam
899 4147 905 4182 :
951 4141 1066 4181 exercens
1078 4127 1143 4178 iilam
1154 4129 1184 4178 sd
1205 4128 1230 4178 id
1241 4127 1307 4191 quod
1320 4129 1421 4178 nimium
1437 4130 1475 4178 esi
1492 4127 1704 4180 contemnendum.

122 4223 173 4271 lios
183 4220 277 4280 euicui
292 4220 411 4282 sanabile
420 4233 472 4270 nou
483 4223 644 4282 metuimus,
658 4234 701 4270 uos
712 4233 774 4272 uero
791 4221 907 4284 philoso-
983 4224 1024 4268 to.
1040 4219 1147 4278 Rogatus
1169 4230 1184 4267 a
1208 4215 1328 4280 quodam,
1348 4229 1420 4279 quam
1450 4216 1548 4266 virtutis
1576 4207 1737 4279 prestantium

120 4309 167 4371 phi
182 4322 230 4358 cur
244 4308 559 4372 trepidatisirespoudit:
572 4309 637 4367 Quid
652 4312 907 4360 mirumiuoueuim
951 4306 1016 4356 iiiios
1036 4307 1126 4369 ipsios.
1150 4307 1171 4354 si
1192 4304 1276 4356 litteris
1289 4304 1433 4366 erudiretur,
1452 4309 1630 4355 consecuturus
1656 4309 1736 4368 esset,

122 4397 218 4448 desua
233 4401 344 4462 quisque
358 4399 416 4448 vito
430 4402 522 4450 oestro
537 4399 622 4449 simili
636 4381 746 4449 solliciti
760 4411 860 4450 sumus.
952 4397 1096 4461 respondit:
1113 4399 1226 4448 Βιθυνιαν
1249 4395 1355 4446 uultum
1369 4397 1470 4457 ulium,
1487 4399 1574 4446 tumen
1589 4398 1618 4446 iu
1634 4395 1738 4449 theatro

156 4490 193 4535 17.
212 4483 330 4535 Glorianti
353 4483 451 4533 cuidam
466 4483 497 4533 de
518 4483 649 4534 muitum
671 4499 754 4536 rerum
782 4486 906 4537 καίεσθαι
952 4483 1126 4546 suttemiapis
1143 4481 1229 4546 (opidi
1243 4495 1295 4532 non
1308 4482 1439 4534 inridebit.

125 4570 363 4630 Quemadmodum,
378 4571 469 4634 inquit,
494 4584 546 4621 ποιι
560 4575 581 4622 ii
601 4575 647 4636 qui
661 4573 811 4636 plurimum
825 4587 907 4626 mme-
985 4577 1024 4621 tt.
1042 4573 1123 4628 Quum
1138 4569 1214 4619 filium
1229 4569 1348 4633 quispiam
1364 4571 1386 4620 et
1399 4571 1423 4620 in
1446 4569 1598 4634 disciplinam
1617 4573 1737 4636 traderet,

124 4658 191 4709 dunt
208 4659 406 4723 plurimumque
421 4662 550 4723 oumuicis
568 4661 756 4712 certaminibus
780 4675 807 4713 se
832 4675 906 4713 eser·
953 4659 1096 4722 quingentos
1120 4657 1231 4721 poposcit
1253 4657 1395 4720 ducimus,
1418 4671 1498 4721 eoquo
1527 4658 1637 4721 dicente.
1661 4663 1739 4712 ionii

123 4752 192 4810 cent,
204 4749 299 4799 meleu,
314 4749 414 4811 υαῑιῃς,
429 4761 512 4814 quam
530 4752 577 4814 qui
599 4753 758 4802 necessarios
776 4751 845 4803 cmo.
863 4766 908 4805 m.
953 4747 1118 4808 mancipium
1135 4756 1220 4794 emere
1235 4745 1504 4809 possum,respoodit=
1519 4749 1582 4797 time
1593 4750 1619 4798 et
1633 4747 1739 4800 habetis

124 4839 221 4887 munt:
237 4840 273 4886 sic
288 4849 340 4886 nou
361 4836 518 4901 quimatio,
533 4838 579 4889 sed
593 4842 639 4903 qui
653 4840 734 4892 utilio
755 4839 848 4904 imunt
860 4855 909 4905 pro
954 4834 1020 4885 dito·

91 4967 100 4979 ,
124 4921 250 4972 studiosis
263 4922 355 4974 tauers
365 4927 484 4986 permut.
985 4928 1025 4973 22.
1040 4921 1169 4972 Pecuniam
1187 4935 1214 4973 se
1232 4921 1417 4973 eremitorium
1432 4923 1541 4986 accipere
1556 4922 1631 4988 dixit,
1647 4938 1696 4977 non
1711 4931 1738 4980 ut

158 5015 194 5061 tit.
213 5011 308 5060 oratori
327 5010 371 5072 qui
392 5024 490 5061 musam
513 5025 556 5074 pro
568 5012 623 5076 ipso
635 5012 730 5065 dixerat
754 5013 908 5080 revicerat,
954 5013 1007 5076 ipse
1019 5014 1143 5076 uteretur,
1162 5013 1205 5064 sed
1227 5013 1303 5064 otiiii
1318 5014 1425 5076 scirent,
1438 5015 1463 5064 iu
1476 5027 1536 5077 quas
1554 5027 1592 5066 ros
1613 5019 1737 5079 pecuniam

125 5098 274 5158 sciscitanti,
290 5097 360 5157 Quid
377 5099 425 5149 titi
442 5100 545 5163 profluit
556 5103 693 5153 socrates?
712 5105 742 5154 iis
758 5103 802 5165 id,
816 5104 908 5168 inquit,
954 5099 1060 5164 impendi
1071 5101 1206 5152 musenius.

126 5188 158 5236 ut
172 5189 270 5246 oratio,
285 5199 365 5251 quum
374 5199 424 5250 pro
438 5200 478 5238 me
491 5187 626 5249 hoiuuti,
640 5201 703 5239 uero
717 5190 765 5241 sii.
985 5195 1026 5240 ts.
1044 5189 1212 5252 Reprehensis
1225 5188 1369 5255 asuerum.
1380 5191 1446 5257 quod
1467 5193 1561 5258 litigans
1587 5196 1616 5246 ad
1639 5209 1736 5247 causam
