3959 5925
777 387 827 445 DE
847 384 1101 444 ANTISTHENE.
1327 411 1328 416 ¹
1674 399 1732 448 2θὸ

133 524 314 584 conditorem
331 540 418 598 quarn
430 520 592 579 connnunis
602 519 781 596 Cynicorum
795 516 914 576 habitus
935 517 941 631 (
960 519 1005 575 vit
1022 515 1204 594 nimiamque
1224 517 1375 576 mollitiam
1400 519 1428 576 oi
1452 517 1570 594 objecit.
1594 517 1734 588 Quarnvis

134 615 317 672 inventorem
328 609 535 687 praedicarunt.
552 607 715 667 Antistheni
725 606 811 665 etiam
825 604 916 663 bacu-
958 604 1038 688 enim
1060 605 1240 663 Antisthenis
1254 623 1401 663 sermones
1417 605 1496 664 solos
1521 625 1584 665 esse
1606 627 1692 666 veros
1707 622 1736 666 et

135 703 194 760 lum
212 711 240 757 et
253 717 323 776 pera
334 697 524 780 ascribuntur
535 697 608 772 (ὃν),
622 715 693 774 pera
706 695 824 771 quidem
836 693 914 751 haud
955 691 1094 768 juvandis
1105 691 1597 753 hominibusaccommodatissimos
1607 695 1735 755 arbitra·-

134 793 195 848 scio
208 807 246 845 au
260 785 381 861 injuria,
397 797 538 861 quatenus
550 785 662 861 primus
676 774 821 857 Diogenes
834 800 914 841 men·
959 793 1050 851 retur,
1072 781 1167 858 ipsum
1182 793 1277 838 tamen
1292 793 1429 858 tanquam
1444 781 1553 852 multo,
1570 801 1655 858 quam
1683 804 1735 860 par

133 877 194 934 dici
217 892 297 931 more
319 873 423 950 stipem
444 871 562 946 collegit
581 870 652 950 (52).
672 870 778 927 Verum
798 867 859 944 jam
883 867 915 925 in
958 881 1044 936 esset,
1056 868 1218 926 molliorem
1241 867 1484 947 reprehendebat,
1505 888 1569 926 cum
1584 868 1655 926 tuba
1670 889 1734 928 eura

134 961 306 1022 Antisthene
318 958 558 1017 animadvertitur
575 957 779 1036 importunitas
787 957 843 1014 ista
857 954 917 1032 Cy·
959 976 1130 1034 comparans
1144 977 1209 1034 quae
1221 958 1346 1024 sonitum
1362 978 1446 1016 suum
1467 977 1526 1014 non
1540 958 1652 1016 audiret
1668 960 1736 1035 (58).

136 1052 268 1121 nieorum
291 1045 451 1123 quemlibet
465 1046 605 1106 institutis
630 1059 659 1103 et
679 1046 838 1124 praeceptis
856 1045 915 1103 suis
958 1043 1073 1122 Quippe
1088 1057 1285 1123 paupertatem
1300 1065 1386 1122 quam
1406 1044 1590 1102 Antisthenes
1601 1046 1641 1102 ita
1662 1047 1737 1104 tule-

133 1136 332 1196 erudientium
347 1133 407 1214 (53)
419 1149 448 1191 et
463 1154 562 1210 aequus
574 1134 756 1203 illeanimus,
771 1152 829 1209 quo
844 1132 915 1190 alio·
960 1145 1023 1204 rat,
1038 1144 1071 1190 ut
1084 1131 1157 1190 nibil
1169 1153 1186 1190 a
1199 1133 1340 1208 dignitate
1352 1133 1491 1211 sapientis
1512 1145 1598 1208 atque
1612 1151 1628 1188 a
1640 1132 1738 1192 Socra·

137 1216 211 1283 rum'
220 1222 352 1281 convicia
367 1221 442 1278 serre
455 1220 587 1279 solebant
601 1221 673 1300 (54).
960 1220 1018 1278 tica
1029 1219 1090 1277 vita
1101 1219 1270 1277 discederet.
1282 1218 1359 1298 (59),
1384 1219 1497 1296 primus
1513 1218 1657 1294 Diogenes
1672 1241 1737 1278 cum

177 1309 580 1387 Fm‘Antisthenisdisciplina
590 1307 676 1385 pauci
689 1305 813 1384 profecti
827 1317 914 1375 suut,
960 1303 1083 1382 reliquis
1097 1305 1216 1384 Cynicis
1233 1307 1265 1363 in.
1289 1305 1501 1363 mendicitatem
1521 1309 1675 1366 convertit.
1701 1309 1737 1366 Hi
1794 1360 1798 1367 .
1861 1367 1865 1376 ,

136 1399 219 1476 cujus
229 1398 271 1455 rei
286 1416 372 1455 causa
387 1397 514 1454 maxime
527 1393 682 1473 repetenda
696 1393 812 1450 videtur
824 1411 841 1449 a
853 1411 917 1449 mo-
960 1390 1051 1466 igitur
1064 1394 1261 1452 mendicorum
1276 1395 1368 1452 instar
1380 1395 1412 1451 in
1425 1393 1545 1471 publico
1555 1408 1738 1472 pernoctare,

137 1487 255 1545 rositate
269 1504 302 1542 ac
322 1486 549 1560 severitate'qua
565 1482 700 1557 magister
711 1481 742 1538 in
756 1480 917 1557 discipulos
961 1498 1064 1538 canum
1081 1483 1140 1539 ritu
1150 1482 1250 1539 virere
1271 1495 1356 1558 atque
1373 1480 1444 1539 adeo
1467 1482 1498 1538 in
1513 1485 1644 1541 omniurn
1671 1505 1739 1542 con·

137 1571 330 1631 invehebatur
356 1572 426 1648 (55).
453 1571 579 1646 Rogatus
602 1570 713 1644 igitur,
731 1588 784 1625 cur
809 1587 917 1645 paucos
960 1581 1061 1644 spectu
1076 1569 1164 1627 rebus
1184 1569 1319 1628 Venereis
1334 1571 1376 1628 uti
1398 1589 1456 1626 non
1470 1569 1650 1632 dubitarunt.

138 1661 258 1719 haberet
272 1660 420 1718 auditores
437 1681 444 1716 ι
461 1664 544 1732 Quod
552 1665 670 1732 agresti,
690 1656 804 1733 inquit,
819 1659 917 1714 baculo
1001 1655 1039 1713 Ut
1048 1669 1143 1714 autem
1156 1657 1244 1714 vitam
1256 1658 1326 1714 satis
1335 1657 1454 1714 honeste
1464 1658 1523 1731 egit
1532 1660 1736 1719 Antisthenes:

136 1756 278 1822 eosejr‘cr'o
300 1747 371 1824 (56).
387 1746 482 1817 Quum
499 1747 576 1804 enim
599 1745 651 1802 diu
672 1743 827 1805 familiares
848 1743 918 1801 hor·
961 1743 1003 1800 ita
1029 1743 1253 1802 concertationis
1280 1744 1376 1802 studio
1399 1757 1427 1802 et
1450 1746 1566 1805 scurrili
1588 1747 1740 1807 dicacitate

138 1850 214 1895 tatus
228 1849 302 1894 esset
316 1835 384 1915 (57),
396 1846 428 1892 ιιι
440 1833 540 1892 sedulo
554 1853 670 1911 operam
686 1831 788 1889 darent
800 1832 916 1908 sapien·
938 1873 942 1918 ,
961 1829 1113 1908 displicuit
1128 1830 1199 1908 (60).
1221 1835 1262 1889 Ao
1276 1832 1402 1908 primum
1420 1832 1537 1906 quidem
1557 1853 1634 1913 saepe
1648 1837 1739 1894 Athe-

140 1927 187 1982 tiae
210 1924 354 2001 paucique
375 1923 468 1999 ipsius
485 1921 629 1978 voluntati
652 1921 916 1995 obtemperassent,
939 1923 942 2012 j
962 1919 1075 1976 nienses
1092 1937 1251 1995 eorumque
1276 1919 1485 1996 rempublicam
1509 1921 1660 1981 cavillatus
1686 1939 1738 1984 est.

139 2013 253 2069 tandem
275 2012 442 2085 indignatus
464 2010 578 2068 dimisit
600 2027 719 2079 omnes,
743 2008 820 2066 inter
844 2028 918 2086 quos
939 2003 1741 2097 l‹NamqueillorumignaviamvellicatinXenopbontis

138 2110 200 2157 erat
220 2099 306 2155 etiam
322 2098 476 2172 Diogenes.
492 2097 548 2167 Qui
560 2097 700 2173 quoniam
714 2095 845 2153 discendi
858 2108 918 2155 stu·
962 2091 1108 2151 Convivio
1124 2093 1191 2172 (61).
1207 2093 1287 2152 idem
1303 2094 1459 2170 gloriantes
1471 2115 1533 2154 sese
1546 2093 1563 2154 ‘e
1578 2109 1654 2156 terra
1665 2113 1742 2158 ortos

140 2186 189 2243 dio
201 2187 337 2244 incensus
351 2185 388 2243 ad
403 2204 469 2243 eum
485 2199 578 2244 tamen
596 2183 773 2254 ventitabat,
791 2202 844 2241 nec
858 2184 919 2242 dis·
962 2199 1024 2238 esse
1046 2183 1228 2258 perstrinxit,
1246 2181 1345 2240 dicens
1367 2203 1418 2241 eos
1435 2183 1561 2243 cochleis
1574 2197 1603 2242 et
1624 2185 1742 2246 locustis

141 2274 241 2331 cedere
250 2271 385 2347 volebat,
403 2275 529 2330 minatus
540 2272 653 2330 tandem
666 2284 710 2328 est
723 2270 917 2343 Antisthenes,
963 2269 1056 2328 nihilo
1081 2269 1242 2328 nobiliores
1265 2289 1350 2348 posse
1366 2270 1494 2347 judicari
1510 2271 1578 2350 (6ο).
1605 2271 1742 2332 Civitates

139 2379 172 2417 se
185 2379 391 2437 percussurum
415 2360 497 2418 illius
512 2371 599 2437 caput
612 2357 716 2415 baculo
738 2357 817 2432 quod
832 2376 919 2416 manu
964 2378 1054 2437 porro
1069 2371 1129 2415 tum
1145 2359 1264 2415 interire
1286 2356 1382 2435 ajebat
1396 2357 1468 2437 (63),
1484 2379 1573 2433 quum
1592 2360 1742 2436 improbos

138 2460 252 2522 gestare
273 2444 812 2522 consueverat,negligentemquehas
825 2446 919 2502 minas
963 2445 1097 2522 aprobis
1117 2427 1281 2503 disceinere
1302 2465 1360 2503 non
1384 2458 1513 2523 possent,
1533 2460 1562 2504 et
1584 2446 1740 2506 absurdum

140 2553 172 2591 re
190 2553 261 2592 vera
280 2535 423 2612 percussit
435 2533 604 2611 aliquando.
622 2532 686 2589 Non
709 2528 918 2608 recessit'pro-
964 2551 1036 2601 esse,
1050 2531 1180 2590 triticum
1195 2551 1320 2609 purgare
1332 2532 1404 2590 lolio
1416 2544 1502 2608 atque
1518 2533 1548 2590 in
1568 2532 1645 2591 bello
1660 2554 1742 2592 exer·

140 2634 239 2696 pterea
254 2623 410 2697 Diogenes,
423 2620 473 2680 sed
488 2623 587 2680 animo
600 2619 746 2676 obstinato
764 2636 773 2676 t
788 2622 913 2685 Percote,

140 2710 282 2788 inquiast
293 2714 449 2786 ‘'millam-
463 2713 581 2784 Εὲθίίῦῑ
589 2721 674 2783 Cadmi
682 2709 812 2781 l's‘wbffl·
824 2711 920 2781 Neque
963 2733 1058 2782 sthenes
1066 2717 1159 2782 nullum
1171 2733 1285 2794 reciperet
1293 2737 1317 2781 ot
1325 2738 1515 2795 perseverantem
1525 2733 1652 2794 Diogenem
1662 2747 1743 2783 remo·
1767 2739 1771 2741 “

143 2819 210 2855 vero
224 2813 281 2854 tam
296 2803 394 2854 durum
401 2797 510 2869 fustem
532 2803 682 2868 inveneris,
699 2813 753 2868 quo
773 2814 818 2850 me
830 2815 850 2849 α
867 2800 921 2849 tuis
964 2817 1080 2853 verenon
1093 2805 1181 2865 posset,
1196 2802 1329 2852 notissime
1344 2801 1412 2850 clava
1424 2803 1583 2864 minatusesl,
1599 2802 1644 2852 uisi
1656 2803 1742 2854 abiret.

137 2885 376 2961 Ajspmmpombu,
385 2889 496 2959 abigas·
514 2886 658 2953 Quocirca
670 2881 788 2940 admisit
801 2895 857 2939 gam
870 2902 919 2939 eu.
964 2876 1009 2926 cui
1021 2875 1059 2924 illc
1069 2875 1202 2935 subjecisse
1216 2873 1303 2923 dicitur
1313 2877 1385 2935 caput
1397 2878 1469 2934 atque
1481 2873 1570 2924 dixisse
1583 2893 1589 2923 ι
1600 2875 1686 2924 Nullus
1694 2882 1743 2925 tam

141 2974 244 3051 Pidum
265 2972 396 3031 discendi
417 2973 576 3030 auditorem
593 2970 777 3029 Antisthenes
797 2989 922 3047 eumque
964 2945 1323 3081 ᾞζβῧὸζὲΰέὴᾙόβὲὲῖξ
1335 2947 1407 3063 ἓξὲξ
1415 2944 1741 3077 ξῗῖίιξββνξββὲἒθθέἱρζρ

142 3062 266 3119 mirifice
291 3062 408 3119 amavit.
438 3060 537 3130 Quid?
560 3059 640 3136 quod
666 3078 734 3115 mox
759 3057 921 3135 discipulus
965 3082 1066 3153 [gggm⁸
1085 3087 1133 3153 30]
1146 3104 1152 3134 :
1164 3086 1477 3146 ηςογςιηςιῑινωπεὺςιον
1491 3087 1532 3147 μὲν
1546 3086 1743 3150 θλιωνταχὺκι-

142 3150 311 3225 magistrum
327 3150 490 3225 frugalitate
509 3161 537 3206 et
548 3147 698 3207 severitate
714 3147 783 3202 vitae
799 3166 921 3223 supera-
964 3160 1112 3224 περόνησεν,
1124 3156 1257 3208 Ἀντισθένει
1273 3157 1298 3205 δὲ
1308 3156 1402 3218 ἐχρῆτο,
1418 3156 1461 3205 οὐκ
1476 3156 1545 3205 αὐτὸν
1558 3157 1632 3214 οὕτως
1644 3159 1744 3208 ἐπαινῶν

499 3229 501 3234 '
965 3234 997 3287 ὡς
1011 3231 1065 3281 τοὺς
1078 3229 1173 3291 λόγους,
1185 3227 1225 3283 οὓς
1239 3226 1460 3289 ί).εγεν,ἡγούμενος
1473 3227 1556 3289 μόνους
1572 3229 1630 3276 εἶναι
1651 3229 1743 3286 ἀληθεῖς

965 3308 1006 3357 καὶ
1024 3308 1124 3369 μάλιστα
1138 3304 1276 3362 δυναμένους
1285 3303 1405 3365 ἄνθρωπον
1414 3305 1542 3367 ὠφελῆσαι.
1563 3303 1630 3354 Ἐπεὶ
1639 3306 1708 3355 αὐτόν
1719 3324 1745 3368 γε
1809 3310 1812 3319 ’

141 3370 187 3428 Vl,
197 3373 227 3416 22
238 3378 245 3415 ἒ
256 3367 357 3429 τρίὸνινα
365 3366 484 3421 διπλώσας
491 3367 582 3428 πρῶτος
591 3360 652 3410 ναιᾶ
660 3378 722 3417 τινας
734 3362 774 3411 διὰ
782 3363 809 3413 τὸ
820 3364 923 3422 ἆνᾶθννιν
967 3378 1008 3427 τόν
1024 3376 1154 3432 Ἀντισθένη
1168 3374 1321 3435 παραδύλλων
1335 3374 1391 3435 πρὸς
1404 3374 1457 3429 τοὺς
1469 3374 1550 3435 λόγους
1562 3376 1633 3423 ἐνίοτε
1647 3376 1745 3438 ἤλεγχεν

139 3439 203 3501 egeo
217 3438 362 3486 ννὶένῑῦὅὲῑν
375 3438 447 3497 αὐτῷ·
456 3466 482 3478 -
498 3436 550 3495 (51)
562 3434 686 3494 ’ὓίθῧθῦθθ
701 3434 811 3483 Laertius
824 3435 867 3485 llb-
879 3439 922 3498 Vl,
966 3451 998 3503 ὡς
1012 3447 1070 3496 πολὺ
1081 3443 1244 3507 μαλακώτερον
1260 3445 1300 3491 καὶ
1319 3444 1361 3506 ἔφη
1371 3445 1440 3493 αὐτὸν
1455 3445 1513 3493 εἶναι
1526 3445 1658 3507 σάλπιγγα,
1670 3450 1746 3496 λοιδο-

145 3515 188 3559 131
201 3508 300 3570 βάκτρον
311 3524 337 3555 te
351 3507 447 3556 ἆνελαὸε
460 3508 501 3554 καὶ
512 3506 597 3568 πήραν.
609 3504 647 3552 (is.
662 3503 760 3554 Lutlan.
777 3504 838 3554 Didi.
850 3510 922 3556 hlol'l·
967 3523 1021 3579 ρῶν·
1042 3518 1118 3566 Αὑτοῦ
1136 3516 1180 3576 γὰρ
1194 3515 1238 3562 οὐχ
1258 3514 1329 3571 ἤκουε
1348 3514 1504 3577 φθεγγομένου
1524 3516 1642 3577 μέγιστον,
1664 3518 1711 3563 Καὶ
1733 3520 1746 3565 ό

146 3587 172 3629 ll
191 3580 265 3627 ιοῦιι
279 3578 327 3638 ἐγώ
340 3594 398 3625 ποτε
411 3579 515 3639 ηὐξάμην
530 3576 672 3631 Ἀντισθένην
685 3575 808 3624 ἅιῐνθιννιῖν
821 3580 853 3632 ab<
869 3580 925 3636 ιιλη·
972 3586 1111 3641 Ἀντισθένης
1120 3585 1231 3643 ὑπέμενεν
1238 3582 1308 3631 αὐτόν
1321 3588 1396 3631 ταῦτα
1405 3584 1506 3632 ἀιιούων·
1514 3582 1575 3631 πάνυ
1583 3584 1627 3646 γὰρ
1634 3584 1746 3646 ἐθαύμαζε

143 3651 299 3713 ρονῡμήσαιιιι
311 3653 351 3704 τῆς
367 3648 494 3709 &Weiss
506 3648 587 3694 αὐτοῦ·
599 3646 649 3706 ‘iti
663 3646 688 3693 Al
698 3645 759 3693 πάνυ
771 3648 883 3709 Amatis
896 3650 925 3697 ἐν
967 3662 1009 3707 τοῦ
1026 3657 1148 3720 ἀνθρώπου
1159 3654 1200 3711 τὴν
1217 3654 1294 3715 φύσιν.
1310 3652 1407 3714 Ἔλεγεν
1422 3652 1462 3701 οὗν
1478 3652 1621 3716 ἀμυνόμενος
1637 3654 1687 3701 ἀντὶ
1705 3659 1746 3712 τῆς

141 3719 235 3767 κοτίνου
248 3717 412 3776 ποιησάμενος.
424 3744 454 3755 -
464 3716 512 3776 (52)
525 3715 643 3774 Diogenes
652 3716 762 3763 Laertius
777 3715 820 3764 lib.
833 3719 875 3775 Vl,
883 3723 922 3767 ts.
969 3728 1096 3789 σάλπιγγος
1105 3728 1152 3779 τοῖς
1165 3724 1244 3785 σφηξὶν
1254 3722 1324 3771 αὑτὸν
1336 3722 1417 3781 ὅμοιον
1435 3722 1502 3771 εἶναι’
1514 3724 1553 3770 καὶ
1567 3723 1612 3787 γὰρ
1626 3728 1673 3772 τῶν
1686 3741 1746 3784 σξη.

143 3790 174 3838 Cf·
187 3790 231 3847 Vb
248 3791 287 3846 3⁸»
299 3789 338 3844 4ῧι
350 3790 388 3835 5⁸·
398 3810 430 3821 ···
440 3785 489 3845 (5³)
498 3784 567 3845 Dl08·
581 3786 658 3832 ¹⁴⁸0st
667 3784 709 3833 llb-
723 3788 767 3845 Vb
781 3791 816 3835 ¹⁰·
831 3814 863 3823 ··
872 3788 924 3848 (⁵4)
967 3801 1016 3845 τῶν
1031 3797 1088 3845 εἶναι
1099 3796 1139 3843 τδν
1156 3794 1196 3856 μὲν
1213 3792 1286 3853 ψόφον
1299 3796 1345 3839 τῶν
1359 3784 1449 3854 πτερῶν
1462 3793 1543 3855 μιιιρόν
1552 3830 1559 3855 ,
1569 3794 1597 3843 τό
1614 3794 1639 3843 δὲ
1655 3796 1747 3859 κέντρον

143 3860 262 3919 Diogenes
271 3857 390 3916 sacrem,
404 3855 446 3904 lib.
460 3858 503 3913 Vl,
514 3860 542 3911 3,
557 3858 581 3913 7,
595 3860 638 3913 tt;
655 3856 757 3915 Epielel.
767 3857 869 3907 Disserl.
883 3862 923 3920 w,
946 3903 950 3926 ,
968 3864 1231 3929 392p61a10v.'ssgutpeu
1245 3861 1285 3909 οὖν
1295 3867 1324 3924 τῇ
1337 3862 1459 3927 παρρησίᾳ
1468 3868 1509 3911 τοῦ
1520 3866 1658 3926 Διογένους,
1669 3868 1748 3931 ὥσπερ

140 3935 168 3989 δ,
180 3934 257 3982 lib.-
271 3926 321 3988 (55)
332 3925 388 3974 ΨΜ·
411 3931 506 3985 1²er.
520 3928 558 3973 79·
570 3948 601 3959 ···
611 3923 660 3984 (5⁰)
674 3923 729 3971 Vld·
741 3927 824 3985 stasm-
839 3932 877 3977 ts.
895 3950 925 3964 ···
946 3935 948 3982 Ι
968 3941 990 3986 αθ
1001 3936 1092 3985 ἱππικοὶ
1105 3932 1160 3980 braca
1169 3932 1241 3979 instar
1256 3931 1366 3991 θυμοειδῆ
1380 3932 1498 3994 λάθωσιν,
1513 3932 1588 3989 ἄλλως
1605 3933 1630 3982 δὲ
1644 3934 1747 3998 ἀνδρεῖον

145 3999 195 4056 (57)
205 3996 314 4044 AEllanlb'
325 4008 376 4043 W·
387 3994 442 4043 hist.
456 3993 498 4041 llb-
515 3994 548 4052 xv
559 3996 586 4040 ¹⁶
599 4010 606 4040 ²
619 3992 669 4041 iiiii
682 3994 696 4040 ὁ
715 3991 856 4053 Ἀντισθένης
867 3999 924 4045 πολ·
946 3989 949 4076 (
967 4008 1008 4054 τεαὶ
1022 4003 1160 4065 οιλότιονον,
1175 4000 1240 4049 οὐδὲν
1260 4000 1329 4059 ἦττον
1341 4000 1496 4063 ἀποδέχονται
1504 4004 1530 4051 τὸ
1542 4004 1644 4064 χαλεπόν
1656 4010 1697 4052 τοῦ
1706 4006 1746 4052 ir:-

143 4069 197 4120 tob<
206 4066 347 4129 προῦῑθῑπῑν
360 4066 398 4113 tut
413 4065 563 4126 Pll⁰⁶⁰il²lv
575 4066 598 4111 οἶ
609 4063 648 4123 δέ»
661 4063 735 4119 νῦἷῑίς
754 4064 822 4128 αὐτῷ
833 4074 925 4129 προοεῖ·
946 4079 949 4139 l
968 4087 1022 4121 που·
1036 4072 1088 4126 τοὺς
1100 4070 1124 4119 δὲ
1138 4070 1238 4131 νωθροὺς
1246 4070 1286 4118 οιαὶ
1296 4070 1386 4132 βραδεῖς
1399 4074 1495 4131 μισοῦσι
1510 4074 1550 4119 καὶ
1562 4072 1747 4135 ἀποδοκιμάζου-

143 4156 197 4203 χῦν,
211 4139 273 4192 τέλος
283 4136 447 4197 &immittitu
460 4136 542 4184 (ὠδύνα
555 4133 673 4197 προσίετο·
693 4136 739 4183 Καὶ
758 4138 869 4196 Λιθνὲνον
883 4139 925 4188 οὗν
947 4146 949 4182 ἱ
968 4162 1015 4194 σιν.
1032 4144 1120 4193 ’satore
1134 4142 1175 4203 μέν
1187 4139 1227 4188 οὖν
1237 4141 1350 4189 ἐπέτεινεν
1362 4139 1442 4202 αὐτόν,
1452 4141 1524 4189 ὶνίοτε
1538 4142 1562 4190 δὲ
1570 4143 1676 4205 ἐπειρᾶτο
1687 4144 1748 4193 ἀνιέ-

143 4210 240 4266 ἧὶιιννῑν
255 4207 302 4255 ἀπὸ
314 4205 489 4262 ιῆςσννονσίᾰς
502 4208 585 4256 astos.
601 4207 668 4254 Ἐπί)
680 4206 705 4254 δὲ
718 4206 747 4265 ἦν
761 4209 924 4270 λιπαρέστερος
947 4255 949 4270 .
967 4230 1014 4264 ναι·
1030 4216 1109 4276 ὥσπερ
1127 4215 1149 4261 οἱ
1162 4212 1328 4274 χορδοστρόφοι
1341 4212 1371 4260 τὰ
1384 4216 1454 4275 νεῦρα
1462 4212 1578 4271 τείνουσι,
1594 4216 1748 4277 προσέχοντες

144 4279 158 4325 ό
171 4277 280 4337 Διογένης
289 4277 329 4324 καὶ
337 4277 450 4336 ἐνέκειτο,
460 4276 559 4325 ἐνταῦθα
570 4279 615 4336 ἠδη
624 4278 664 4325 καὶ
673 4283 702 4339 τῇ
714 4279 828 4342 βακτηρίᾳ
837 4282 924 4338 ιιαθίξε-
947 4319 949 4336 ,
969 4287 1002 4349 μὴ
1016 4286 1084 4349 ῥαγῇ,
1104 4283 1141 4332 Cl.
1153 4282 1222 4331 Stob.
1238 4282 1347 4343 storiteg.
1366 4283 1436 4341 Xlll,
1452 4286 1488 4331 te.
1505 4310 1537 4323 -
1554 4284 1603 4344 (59)
1614 4286 1748 4343 xenophon

144 4347 276 4397 σθιιαΰτνῡ
285 4346 383 4403 irad-tt·
392 4347 643 4399 Kataarmttaztoc
652 4350 713 4397 κατὰ
724 4355 764 4406 τῆς
777 4351 885 4409 atalia.
894 4354 925 4401 ‘0
947 4343 950 4412 l
969 4356 1163 4414 convir.1t'‚³t
1176 4354 1273 4416 [fragm.
1288 4353 1342 4416 st]:
1353 4352 1402 4401 ἀλλ’
1412 4354 1455 4415 ᾰγε
1466 4355 1509 4417 δὴ,
1523 4354 1565 4415 ἐφη
1578 4355 1591 4403 ὁ
1609 4356 1748 4418 Σωκράτης,

54 4439 58 4445 ·
140 4418 170 4465 δὲ
183 4416 226 4464 οὐκ
242 4415 414 4474 ἀπηλλάττετο.
434 4417 484 4466 ἁλλ’
506 4420 539 4467 ἔτι
558 4421 644 4481 μᾶλλον
665 4420 763 4469 ἐνέκειτο
779 4423 924 4483 φιλοπόνως,
969 4428 999 4475 σὺ
1014 4425 1043 4474 αὖ
1052 4427 1104 4486 λέγε
1116 4423 1375 4482 ἡυῖν,ὦἈντίσθενες,
1389 4428 1438 4479 πῶς
1446 4425 1507 4472 οὕτω
1516 4424 1605 4488 βραχέα
1614 4424 1674 4486 ἔχων
1688 4426 1749 4487 μέγα

141 4487 237 4534 ἀκούειν
246 4488 318 4535 αὑτοῦ
327 4488 410 4548 διψῶν,
421 4489 461 4535 mi
473 4487 544 4550 ἔλεγε·
559 4491 591 4538 Σύ
608 4490 649 4552 μέν
664 4495 727 4551 παῖε,
743 4494 763 4540 εἰ
775 4493 865 4553 βούλει,
878 4495 925 4554 ἐγὼ
969 4502 1055 4559 φρονεῖς
1067 4496 1104 4543 ἐπὶ
1114 4496 1221 4557 πλούτῳς
1233 4494 1398 4556 ’οτινομίζω,
1412 4493 1432 4541 ὦ
1444 4493 1536 4555 ἄνδρες,
1552 4494 1605 4549 τοὺς
1616 4494 1750 4556 ἀνθρώπους
1763 4502 1766 4507 “

146 4558 171 4605 δὲ
181 4557 294 4614 θιτοθήσω
308 4559 350 4615 τὴν
359 4558 474 4620 acensi,
484 4562 525 4607 καὶ
539 4561 583 4609 οὐκ
598 4562 626 4608 ἂν
638 4561 714 4615 οὕτως
727 4562 823 4624 ἐξεύροις
836 4566 925 4624 βακτη-
969 4568 1014 4615 ούιι
1028 4566 1098 4627 ἐντῷ
1119 4565 1179 4627 einp
1193 4566 1233 4614 τὸν
1247 4568 1347 4615 πλοῦτον
1361 4566 1458 4623 κοίτην
1477 4565 1558 4613 πενίαν
1572 4564 1646 4628 ἔχειν,
1661 4565 1711 4612 ἀλλ’
1725 4565 1749 4612 έν

144 4622 196 4686 βίον
205 4625 316 4688 σκληρόν,
328 4627 391 4675 ὥστε
400 4643 429 4686 με
439 4628 556 4677 ἀπελάσαι
570 4634 617 4677 τῶν
626 4630 750 4697 διατριόῶν
769 4637 816 4679 τῶν
826 4638 884 4681 σῶν.
896 4635 926 4683 '0
969 4642 1020 4690 ταῖς
1029 4640 1123 4699 ψυχαῖς.
1135 4635 1195 4685 lbid.
1209 4642 1238 4685 38
1251 4654 1258 4689 ς
1272 4638 1299 4695 ὴν
1314 4638 1339 4685 δέ
1346 4652 1402 4685 ποτε
1414 4637 1453 4683 καὶ
1466 4634 1628 4697 ἀφροδισιάσαι
1642 4635 1669 4685 τό
1680 4634 1751 4697 σῶμοί

146 4695 171 4742 δὲ
188 4695 373 4757 ιἰπερηαπάσατο
391 4697 469 4746 αὐτόν.
488 4699 607 4758 Diogenes
627 4699 737 4748 Laertius
754 4699 797 4748 lib.
812 4704 859 4760 Vl,
872 4710 923 4753 21:
972 4726 1018 4772 pou
1032 4708 1110 4767 δεηθῇ,
1121 4707 1183 4754 οὕτω
1198 4723 1236 4767 μοι
1245 4707 1272 4755 τὸ
1284 4708 1357 4769 παρόν
1371 4705 1446 4768 ἀρκεῖ,
1457 4706 1519 4754 ὥστε
1532 4705 1569 4761 αλς
1585 4707 1613 4754 ἂν
1629 4706 1749 4770 προσέλθω

145 4764 267 4845 γινόμενος
277 4767 302 4814 δὲ
315 4766 435 4824 Ἀθήνησιν
447 4767 582 4818 Ἀντισθένει
593 4770 718 4831 wibels-
734 4773 782 4819 Τοῦ
792 4773 817 4819 δὲ
826 4771 924 4822 διωθον·
969 4775 1171 4841 θπερασπόζονταί
1186 4792 1215 4837 με
1224 4776 1296 4825 διὰτὸ
1308 4777 1397 4835 μηδένα
1411 4776 1480 4824 ἄλλον
1494 4776 1576 4831 αὐταῖς
1586 4776 1669 4825 ἐθέλειν
1678 4792 1750 4839 προσ·

143 4850 218 4915 ,μενρυ
232 4834 271 4881 διὰ
284 4836 311 4883 τό
327 4837 415 4896 μηδένα
428 4836 579 4899 προσίεσθαι,
599 4838 726 4895 έξεδιύζετο
739 4845 767 4900 τῇ
780 4843 926 4906 προσεδρείᾳ.
970 4848 1047 4896 ιέντι..
1063 4844 1115 4896 lbitl
1127 4848 1156 4893 to
1173 4858 1179 4888 ι
1194 4845 1305 4893 πλείστου
1314 4844 1334 4893 δ’
1344 4846 1407 4900 ἄξιον
1418 4850 1495 4906 κτῆμα
1510 4846 1533 4894 έν
1544 4849 1579 4907 τῷ
1592 4847 1642 4908 έμῷ
1657 4846 1751 4907 πλούτῳ

150 4905 197 4950 θίαν
209 4918 266 4985 ποτε
275 4904 318 4961 τήν
331 4906 459 4969 βακτηρίαν
468 4909 691 4971 ἐπανατειναμένου.
703 4908 767 4970 αὐτῷ
776 4912 818 4967 τὴν
828 4913 927 4971 κεεαλὴν
971 4917 1091 4979 λογίζομαι
1109 4914 1168 4963 εἶναι
1184 4916 1266 4973 έκεῖνο,
1281 4915 1317 4963 ότι
1332 4914 1354 4963 εί
1364 4915 1409 4977 μού
1424 4932 1457 4971 τις
1467 4916 1507 4963 καὶ
1521 4916 1550 4963 τὰ
1559 4922 1599 4965 νῦν
1611 4916 1667 4965 όντα
1680 4918 1751 4982 παρέ-

148 4972 360 5051 ·’νποσχιανῖλλαῖῆ
376 4977 449 5038 εἶπεν,
461 4978 489 5026 ού
498 4978 542 5043 γὰρ
555 4979 658 5040 εὑρήσεις
665 4979 727 5027 οὕτω
739 4981 838 5042 σκληρόν
847 4983 927 5043 ξύλον,
972 4988 1045 5047 λοιτο,
1059 4985 1123 5035 οὐδὲν
1136 4986 1210 5041 οὕτως
1227 4986 1275 5049 ὁρῶ
1289 4988 1375 5048 φαῦλον
1385 4986 1465 5048 ἔργον,
1481 4987 1564 5035 ὁποῖον
1579 4986 1622 5035 otia
1634 4986 1749 5051 ἀρκοῦσαν

144 5041 548 5129 dminezotastmsvueatm
562 5050 929 5110 λέγων.Τούντεῦθινδιήιιουσιν
971 5054 1749 5119 ἀντρορὴνέμοὶπαρέχοι.-(60)(>θ.Χειιορθι.ίλοιινίι.λθ,10;
1814 5072 1816 5077 ’

148 5117 230 5173 αυτοῦ,
240 5117 290 5171 καί,
304 5113 346 5162 ἅτε
354 5116 427 5176 φυγὰς
440 5118 483 5178 ὧν,
494 5119 602 5181 ὥρμησεν
613 5121 651 5167 ἐπὶ
660 5120 700 5169 τὸν
712 5120 791 5179 εὐτελῆ
801 5122 861 5183 βίον.
872 5124 929 5172 Hie·
973 5127 1024 5187 ΙΙΙ,
1038 5128 1063 5186 θ,
1079 5130 1111 5185 θς
1126 5126 1170 5185 tv,
1186 5132 1259 5187 iseq·
1275 5128 1309 5175 vt
1316 5160 1323 5185 ,
1339 5132 1362 5175 5.
1373 5150 1404 5161 -
1416 5124 1465 5187 (61)
1476 5125 1587 5188 Xenoplt.
1601 5126 1704 5175 Gentis.
1718 5128 1750 5187 λλ,

145 5195 266 5245 ronymus
278 5182 335 5233 adr.
347 5186 483 5248 torintl,
501 5195 546 5238 tos
558 5210 563 5238 :
576 5194 658 5248 Quum
675 5190 849 5254 discipulorum
860 5193 930 5243 Anti-
976 5200 1012 5244 ts.
1027 5222 1058 5231 -
1076 5196 1125 5258 (6²)
1139 5196 1194 5245 vid.
1216 5196 1301 5259 fragm.
1314 5198 1367 5247 129.
1379 5220 1412 5232 -
1424 5196 1475 5260 (os)
1490 5196 1546 5247 vid.
1558 5194 1641 5259 lragm.
1659 5200 1702 5247 se.
1719 5222 1750 5233 -
